3266 5416
198 429 239 489 bd
715 426 844 490 umuli
884 425 1049 491 munus

200 600 322 675 possunt
342 592 390 656 vel
410 612 550 655 seorsum
571 598 601 656 et
620 590 814 676 einpolmtm,
843 594 891 656 vel
910 592 1006 658 simul
1024 601 1110 675 utque
1132 599 1330 657 coniunctim
1365 594 1397 659 Si
1420 593 1493 656 illud
1513 593 1569 675 lint,

201 709 244 766 tot
262 702 299 766 de
320 720 425 766 caussa
446 703 572 765 existent
592 700 697 765 indicia
724 702 856 766 distincta
884 712 914 767 et
941 705 1105 785 interiecta,
1140 702 1227 766 modo
1252 701 1427 785 probabilia,
1456 701 1568 764 modo·

199 809 410 895 probabiliora,
431 829 529 892 neque
549 811 643 874 semel
664 818 725 874 rata
749 813 836 876 etiam
857 820 886 876 et
906 814 979 893 lina,
1001 821 1071 895 quot
1091 821 1158 877 sunt
1180 832 1255 895 quae
1278 832 1331 896 per
1350 818 1449 895 partes
1470 817 1504 873 et
1524 828 1570 873 ar-

199 920 336 984 ticulatim
364 920 574 1004 expenduntur.
617 920 667 986 Sin
699 940 770 984 vero
804 922 926 986 alterum
959 925 1129 1005 contigerit,
1159 922 1312 1003 iudicium,
1343 920 1421 1002 quod
1449 920 1570 996 ieretrn,

199 1031 315 1093 unicum
338 1032 393 1094 erit
414 1038 443 1094 et
464 1031 629 1113 singulare,
641 1062 644 1067 ·
658 1030 788 1093 ultimum
809 1040 838 1096 et
860 1032 1072 1113 decretorium,
1093 1040 1192 1115 utpote
1215 1049 1316 1095 eorum
1338 1048 1450 1095 summa
1470 1029 1571 1092 deter-

200 1142 337 1204 minatum
364 1151 451 1224 atque
478 1158 664 1223 expressum,
691 1158 767 1221 quae
794 1141 832 1203 ad
859 1146 985 1205 animum
1005 1144 1037 1206 in
1064 1142 1232 1206 alterutram
1259 1147 1372 1222 partem
1393 1139 1571 1204 bertaridum

201 1250 328 1314 conierri
356 1258 490 1334 poterant
518 1257 603 1332 alque
631 1249 784 1313 debebant.
827 1252 909 1325 Quae
931 1271 1018 1334 quum
1037 1254 1076 1315 ita
1097 1253 1167 1331 sint,
1195 1251 1287 1332 probe
1308 1251 1471 1330 cernimus,
1495 1246 1572 1311 alti-

198 1380 282 1423 mum
308 1360 346 1424 dc
373 1383 489 1425 causeo
509 1361 655 1424 indictum
675 1377 734 1423 non
755 1360 839 1423 aliter
860 1362 898 1424 ad
918 1360 1032 1442 singula
1058 1381 1114 1441 per
1141 1383 1176 1423 ee
1196 1384 1233 1424 ao
1253 1367 1365 1442 suapte
1384 1367 1502 1422 nmero
1521 1376 1570 1421 re

200 1468 270 1532 ferri
286 1473 323 1551 ¹⁰,
342 1489 428 1552 quam
448 1472 486 1535 ad
506 1469 714 1534 antecedentes
735 1470 955 1552 dispositiones,
978 1489 1053 1552 quae
1072 1472 1182 1534 sensim
1202 1480 1232 1534 et
1247 1490 1302 1553 per
1322 1469 1430 1553 gradus
1450 1469 1490 1531 ita
1508 1469 1570 1531 ani-

199 1596 278 1642 mum
297 1590 452 1663 occupant,
480 1589 512 1644 ut
533 1582 610 1645 viam
632 1579 669 1644 ad
686 1578 757 1643 illud
776 1582 937 1644 insternunt
957 1587 1044 1661 atque
1063 1581 1255 1662 complanent
1296 1580 1353 1644 Per
1373 1599 1406 1643 se
1427 1579 1508 1642 enirn
1528 1578 1573 1641 aa

199 1708 350 1753 maumam
376 1691 516 1773 refertur,
545 1700 663 1757 etcum
692 1690 863 1753 indiciorum
891 1708 1003 1753 summa
1029 1692 1068 1753 ita
1093 1694 1218 1755 nectitur
1244 1698 1332 1772 atque
1359 1688 1511 1769 cohaeret,
1539 1696 1572 1750 ut

199 1806 300 1862 eontm
321 1803 441 1866 rationis
461 1804 670 1886 praescriptum
692 1800 788 1880 aliter,
811 1818 897 1880 quarn
920 1800 1140 1881 comparate-ad
1159 1818 1301 1863 summam
1322 1799 1538 1881 pronuncietur.

305 1954 332 2009 e.
373 1947 507 2012 Proiecto
540 1965 628 2011 nemo
662 1964 721 2010 non
751 1945 846 2025 dabit,
884 1963 1070 2027 supremum,
1111 1943 1300 2025 ultimumque
1334 1942 1469 2007 iudicium
1500 1960 1569 2005 cunr

199 2052 305 2117 ellectu
321 2059 345 2089 ¹¹
377 2066 443 2139 apte
472 2059 623 2139 componi,
656 2056 705 2138 qui
731 2075 748 2119 e
774 2055 920 2137 pluribus,
950 2054 1044 2134 iisque
1065 2036 1300 2134 particularibus,
1333 2054 1570 2135 coordinatisque

198 2165 309 2227 caussis
337 2168 471 2248 emergit.
515 2168 594 2231 Siout
621 2182 694 2249 ergo
715 2164 799 2229 huius
820 2162 941 2227 ellectus
963 2168 1120 2242 quantitas
1141 2181 1237 2244 neque
1260 2164 1442 2245 aestimatur,
1469 2181 1568 2244 neque

197 2274 340 2336 evirtute
362 2274 489 2338 ultimato
511 2276 653 2357 delinitur,
675 2294 749 2357 quae
770 2272 892 2355 singulis
913 2290 1047 2335 seorsum
1069 2275 1179 2341 caussis
1200 2275 1290 2336 mest:
1313 2273 1368 2337 sed
1388 2273 1566 2351 aestimatur,

197 2387 283 2462 atque
311 2401 350 2447 ex
378 2402 415 2447 ea
438 2384 543 2449 mnute
563 2385 692 2449 ultimato
714 2384 861 2461 delinitur,
890 2400 965 2463 quae
993 2401 1160 2463 esumma,
1190 2400 1417 2465 caussarnmque
1438 2384 1568 2446 omnium

259 2613 287 2688 ι)
306 2614 344 2671 Ne
364 2617 408 2688 qni
427 2616 525 2673 indicia
546 2623 682 2691 spernant,
708 2634 775 2690 quae
795 2631 857 2689 pro-
904 2632 963 2671 cnm
984 2616 1083 2672 iudicio
1104 2611 1219 2673 conferri
1238 2632 1333 2691 posse,
1358 2616 1429 2691 qnod
1449 2615 1568 2689 pluribus

198 2718 330 2775 labilibus
351 2729 396 2783 nat
414 2724 640 2794 probabilioribus
660 2724 763 2780 iudiciis
779 2739 855 2778 caus-
905 2721 1002 2779 auditis
1017 2723 1139 2798 testibus,
1160 2725 1246 2796 iisque
1263 2721 1489 2780 consentientibus
1503 2737 1567 2795 pro·

196 2840 253 2879 sam
273 2826 415 2903 praebent,
443 2830 469 2884 in
490 2833 645 2887 memoriam
670 2829 854 2886 revocabimus
878 2904 881 2909 Ι
905 2829 1048 2884 nunciatur.
1089 2828 1191 2886 Etenim
1212 2846 1289 2902 quum
1311 2846 1400 2903 mom,
1422 2827 1566 2884 alienumve

195 2932 362 3001 partitionem
382 2950 463 3006 penes
484 2952 575 2992 omnes
596 2938 660 2992 iuris
679 2937 781 3009 peritos
797 2936 854 2993 vul·
903 2935 977 2991 ando
998 2941 1102 3009 testem,
1124 2936 1227 3009 maiori,
1248 2937 1378 2992 minorive
1395 2935 1491 2991 mentis
1506 2948 1566 3006 pro

196 3038 371 3116 artissimam,
393 3057 444 3114 qna
463 3042 636 3115 probationes
656 3042 808 3116 dispescunt
826 3045 853 3098 in
902 3042 1030 3113 pensione
1057 3041 1192 3116 opinaris3
1218 3047 1245 3097 nt
1265 3058 1342 3114 quum
1363 3042 1450 3114 plures
1471 3040 1564 3111 simol,

191 3141 307 3217 plenas,
328 3162 395 3218 quae
415 3148 557 3219 perlectam
577 3149 655 3204 iidem
675 3148 765 3205 indicii
779 3149 812 3204 de
825 3165 854 3204 re
903 3161 1002 3220 eosque
1021 3147 1204 3219 conspirantes
1232 3146 1380 3219 audiveris,
1412 3162 1496 3218 neque
1525 3161 1566 3200 as·

196 3247 283 3322 aliqua
311 3251 424 3309 iaciunt:
446 3259 482 3310 >et
504 3254 682 3328 centiplenas,
713 3270 780 3327 qnae
799 3269 853 3309 non
902 3254 1052 3308 sensionem
1080 3254 1235 3327 continere,
1260 3269 1343 3325 neque
1369 3267 1467 3324 anceps
1488 3257 1565 3323 atque

195 3357 338 3425 perlectam
365 3359 457 3433 iidem,
485 3362 534 3417 sed
562 3363 714 3434 opinionem
740 3361 853 3432 aliquam
902 3356 997 3413 dubius
1018 3358 1127 3413 haerere
1146 3365 1233 3431 potes.
1274 3357 1334 3414 lilia
1354 3365 1482 3429 astorgo
1502 3372 1566 3412 con-

194 3461 307 3530 pariunt.
343 3463 372 3519 Si
393 3465 563 3538 imprudentis
583 3467 660 3541 soret,
680 3466 852 3538 probationes
902 3464 998 3519 stantia
1020 3463 1124 3537 iudicii,
1145 3465 1187 3520 cui
1201 3465 1343 3520 consensio
1363 3465 1470 3519 testium
1489 3479 1566 3536 prae·

193 3567 352 3638 semiplenas
381 3572 484 3642 penitus
514 3572 666 3649 negligere,
697 3572 852 3644 prudentiae
902 3567 998 3641 fulget,
1031 3575 1108 3641 atque
1135 3570 1185 3625 alia
1213 3586 1304 3625 eorum
1335 3569 1491 3625 iudiciorum
1520 3568 1563 3623 fla·-

193 3683 257 3726 sane
283 3666 399 3730 adscribi
424 3689 514 3731 eornm
540 3683 707 3748 contemptos
732 3692 785 3732 non
805 3691 853 3748 po-
902 3675 993 3747 mitas,
1021 3690 1088 3746 quae
1108 3691 1176 3749 uno,
1205 3676 1325 3732 alterove
1344 3676 1476 3731 referente
1496 3680 1564 3730 teste

195 3776 274 3849 terit,
305 3793 371 3849 quae
401 3782 558 3853 quamquam
586 3783 769 3838 certitudinem
799 3797 852 3837 non
881 3780 1090 3850 ¹concipiuntur.
1136 3780 1190 3837 Sed
1216 3797 1283 3852 quae
1307 3780 1383 3836 buius
1403 3779 1563 3836 discriminis

194 3880 312 3956 aderant,
333 3884 428 3941 lumine
448 3891 534 3943 tamen
553 3888 641 3960 aliquo
655 3886 851 3960 probabilitatis
902 3886 1032 3956 assignari
1066 3885 1145 3957 origo
1176 3876 1291 3959 potest?
1328 3886 1388 3943 inde
1420 3902 1453 3941 ne
1487 3900 1563 3957 repe

191 3987 331 4059 refulgent.
381 3991 507 4047 Nimirum
538 4010 569 4048 ea
601 3991 687 4048 solum
720 3992 851 4049 lacessere
900 3991 1005 4048 tendum
1036 3998 1098 4065 est,
1135 3992 1206 4065 quod
1236 3992 1386 4066 probabilia
1416 3991 1563 4064 probabili·

190 4092 301 4168 debent,
326 4113 393 4168 quae
414 4099 478 4154 iuris
498 4099 624 4156 doctores
650 4101 851 4172 impertinentia
900 4098 949 4154 bus
975 4099 1105 4155 cumulata
1131 4098 1314 4155 certitudinem
1338 4087 1463 4172 pariant?
1492 4097 1562 4153 baud

191 4208 354 4275 nuncupant,
382 4220 500 4277 quaeque
524 4221 573 4260 nee
592 4222 639 4278 per
659 4222 704 4279 se,
732 4221 780 4261 nec
799 4222 849 4262 una
899 4204 1067 4262 crediderim.
1107 4204 1172 4261 lndc
1191 4220 1259 4276 ergo
1279 4204 1466 4262 desumendum
1486 4203 1562 4260 vide-

190 4320 249 4361 cam
280 4307 339 4363 aliis
369 4310 533 4366 adminiculis
564 4311 598 4367 ad
627 4324 737 4368 cerussae
772 4312 849 4367 iidem
900 4318 957 4384 tur,
991 4311 1061 4384 quod
1090 4309 1267 4384 probabilium
1297 4312 1495 4384 conspiratione
1521 4312 1560 4367 io·

190 4412 335 4470 conserunt.
897 4422 1034 4492 notescat,
1062 4432 1116 4473 non
1142 4417 1264 4491 potuisse
1283 4434 1315 4473 ea
1335 4417 1426 4493 simul,
1452 4432 1560 4474 scema·

898 4524 998 4597 linque
1028 4522 1180 4599 ocndnere,
1220 4525 1272 4580 nisi
1305 4523 1405 4580 veritas
1437 4523 1558 4580 relationi

897 4629 1027 4686 subesset.
1082 4629 1193 4701 Singula
1228 4631 1297 4686 enim
1326 4628 1475 4701 probabilia
1506 4644 1557 4687 nou

897 4735 965 4791 male
992 4739 1130 4790 censentur
1156 4734 1268 4791 totidem
1296 4735 1376 4792 veluti
1407 4725 1558 4812 demetriad

896 4842 988 4916 signa,
1019 4854 1131 4913 qnorum
1157 4841 1268 4913 siugulis
1289 4858 1327 4898 -ea
1354 4842 1395 4898 vis
1422 4842 1501 4917 insit,
1530 4845 1558 4898 nt

896 4961 952 5001 rem
973 4944 1162 5018 quadamtenus
1183 4948 1314 5021 aperiant,
1342 4964 1410 5022 quae
1430 4947 1556 5020 plenoin

895 5050 992 5107 lumine
1012 5051 1119 5107 nonnisi
1136 5053 1253 5110 omnium
1272 5069 1372 5111 summo
1393 5060 1422 5111 et
1441 5054 1558 5129 comple·

252 5152 293 5229 '¹)
323 5154 479 5212 Addiderin
510 5168 565 5211 non
595 5154 680 5211 minus
709 5153 848 5212 commode
895 5157 976 5213 riona
996 5157 1151 5216 collocetur.

254 4571 297 4646 ¹⁰)
331 4573 378 4629 llis
408 4574 544 4646 particulis
576 4575 848 4633 circumscribentibus

189 4682 330 4750 propterea
350 4686 427 4754 utor,
454 4681 524 4752 quod
551 4682 672 4738 accidere
694 4682 794 4754 possit,
821 4689 850 4738 ut

189 4799 266 4839 unum
300 4784 445 4842 alterumve
474 4789 586 4843 seorsim
615 4789 760 4860 inspectum
793 4787 847 4844 tale

188 4891 238 4961 sit,
271 4891 342 4962 quod
370 4892 404 4948 ad
430 4897 529 4949 certum
560 4892 694 4951 terendum
723 4893 847 4950 indicium

189 4995 312 5051 soidciat.
