3358 5400
507 282 511 291 -ae
619 240 766 315 curor
806 240 930 325 xxiii
1006 206 1018 235 '
1402 252 1466 314 ecc

79 414 245 496 quindecim
275 412 432 496 permansi.
474 411 684 495 Apostolorum
713 423 811 480 autern
833 417 983 479 neminem
1006 422 1161 496 praeterea
1186 415 1245 477 vidi
1265 435 1352 499 quam
1374 418 1461 482 Jaco-

79 523 144 586 lmm
165 523 290 587 nouem
310 525 437 588 Domini.

181 632 317 697 Tandem
339 636 428 717 igitur
448 635 531 715 petiit
550 633 784 717 Hierosolymam
805 633 925 711 Paulus,
955 653 990 696 ac
1011 641 1093 697 certo
1115 633 1317 716 destinatoque
1339 623 1461 700 consiliu

81 744 174 823 petiit:
198 742 348 820 ἀνῆλθον
367 746 412 818 εἰς
425 742 636 828 Ἱεροσόλυμα,
652 745 811 825 ἱστορῆσαι
823 741 964 826 Πέτρον·
984 752 1016 807 ιιι
1030 742 1169 806 videlicet
1180 744 1296 807 Petrum
1313 747 1461 810 inviseret.

178 859 254 916 273.
299 852 359 919 Sed
380 871 433 915 cur
454 860 484 915 ιιι
504 872 594 917 unum
618 854 761 916 inviseret
781 852 913 933 Petrum,
942 871 977 915 sc
1006 870 1066 915 non
1097 854 1166 916 item
1187 862 1218 916 ut
1238 855 1370 936 reliquos
1391 875 1461 938 apo·

79 961 181 1041 notos,
203 962 374 1043 fratresque
395 961 511 1025 Domini
534 958 667 1025 videret?
687 980 740 1023 cur
760 961 799 1023 de
824 944 963 1044 apostolis
985 964 1107 1041 ceteris,
1130 972 1160 1027 et
1179 961 1294 1027 Domini
1316 965 1460 1045 iratribus,

78 1072 200 1153 ipseque
228 1072 345 1137 dacobo
370 1073 414 1135 sic
439 1072 580 1154 loquitur,
608 1078 641 1132 ιιι
667 1070 722 1134 sibi
741 1071 807 1134 illos
833 1071 951 1134 videndi
972 1090 1031 1134 non
1053 1074 1171 1142 niniam
1192 1075 1339 1139 insedisse
1361 1095 1461 1140 cluam

77 1178 242 1262 sigrdliceti
286 1180 436 1245 Eiusmodi
456 1182 704 1263 interrogationes
726 1188 757 1243 et
769 1179 908 1243 inculcari
927 1179 1067 1261 pluribus,
1093 1190 1122 1246 et
1136 1187 1236 1265 urgeri
1256 1185 1461 1251 vehementius

77 1300 216 1374 possunt3
240 1291 298 1355 sed
318 1292 425 1355 idonea
446 1295 482 1357 iis
503 1292 665 1356 enodandis
681 1290 933 1373 expediendisque
946 1291 1020 1353 ratio
1034 1294 1159 1372 reperiri
1174 1293 1229 1357 alia
1251 1298 1353 1378 nequit
1374 1316 1460 1378 quam

77 1416 150 1479 quae
176 1399 356 1480 prophetico
376 1382 465 1464 Petri
489 1409 609 1466 ncmtne
630 1401 830 1477 adumbratur,
860 1417 894 1461 ac
922 1397 998 1461 illius
1020 1400 1216 1481 explicatione
1240 1425 1257 1468 a
1280 1405 1394 1469 Christo
1415 1408 1461 1471 his

78 1508 183 1588 serbis,
206 1511 261 1574 dni
283 1508 376 1594 ταύτῃ
397 1513 433 1594 τῇ
453 1516 552 1595 πέτρᾳ
573 1507 775 1589 οἰκοδομήσω
795 1529 860 1591 μον
880 1505 935 1586 τήν
955 1506 1129 1587 ἐκκλησίαν,
1152 1490 1229 1576 edita
1246 1518 1270 1549 ¹⁷
1288 1518 1460 1583 continetur.

181 1626 256 1683 274.
301 1621 386 1695 Duod
414 1624 516 1703 graeci
540 1624 618 1684 iuxts
646 1620 784 1701 latinique
812 1619 913 1682 Patres
938 1626 968 1681 et
988 1619 1201 1685 intellexerunt
1221 1626 1278 1705 ipsi
1298 1627 1460 1707 praeclare,

77 1735 104 1790 et
131 1728 254 1793 disertis
282 1732 449 1812 opertisque
475 1733 628 1796 sententiis
656 1730 846 1812 explicarunt.
890 1727 1090 1792 Praetermitto
1117 1749 1194 1812 quae
1215 1734 1299 1798 tradit
1315 1738 1341 1769 '⁸
1364 1734 1461 1798 Oenu-

79 1840 201 1919 menius,
226 1849 258 1903 et
272 1838 442 1905 themodi
462 1842 593 1923 inprimis
614 1840 706 1903 verba
721 1841 746 1873 ¹⁹
770 1837 870 1902 rclero
891 1838 930 1901 de
944 1836 1033 1902 Paulo
1055 1842 1229 1905 scribentis:
1270 1844 1385 1923 ‚Duum
1407 1845 1461 1908 hu-

78 1965 159 2011 mens
187 1949 409 2013 doctriua=nou
431 1951 590 2033 indigeret,
616 1952 718 2033 utqui
739 1948 776 2013 ab
797 1947 1086 2013 universorumDeo
1108 1950 1185 2015 illam
1208 1961 1378 2035 acceperut,
1407 1952 1463 2031 nin

77 2063 259 2136 riperensem
286 2056 434 2141 ἀπονέμει
460 2062 504 2143 rqi
528 2060 697 2147 κορυφαίῳ
722 2056 831 2140 τιμήν,
859 2058 1056 2140 apostolorum
1085 2062 1209 2143 principi
1235 2065 1460 2127 convenientem

77 2163 226 2232 honorem
249 2168 378 2232 tribuit“
419 2168 587 2232 Praeivemt
600 2169 827 2252 chrysostomus
840 2170 880 2248 ²⁰,
904 2186 1002 2251 equo
1025 2187 1077 2232 suu
1092 2177 1250 2235 mutuatum
1271 2191 1342 2237 esse
1364 2172 1461 2236 Theo·

79 2273 220 2356 doritum,
251 2277 327 2341 haec
354 2277 431 2340 illius
456 2278 547 2341 verba
578 2279 791 2343 demonstrant:
834 2276 923 2358 „Post
950 2285 1027 2341 tanta
1055 2287 1173 2362 tamque
1193 2282 1346 2364 praeclare
1365 2293 1459 2366 geste,

78 2383 173 2464 μηδὲν
202 2386 331 2469 Πέτρον
357 2385 517 2469 δεόμενος,
544 2385 624 2470 μηδὲ
646 2390 698 2465 τῆς
726 2388 846 2459 ἐκεινου
871 2389 995 2474 φωνῆς,
1023 2386 1093 2453 dtt’
1121 2394 1258 2473 ἰσότιμος
1287 2388 1334 2457 nlo
1360 2390 1460 2478 αὐτῷ·

78 2493 169 2560 πλέον
189 2496 256 2579 γοὶρ
277 2492 374 2579 oridia
393 2499 457 2578 ἐρῶ
477 2503 567 2571 τέως·
588 2493 676 2581 ὅμως
697 2495 880 2579 ἀνέρχεται,
910 2496 955 2573 οἱς
972 2497 1052 2580 πρὸς
1073 2499 1203 2581 μείζονα
1222 2503 1275 2566 καὶ
1296 2502 1462 2588 πρεσβύτε-

79 2621 149 2681 ρον,
169 2624 263 2688 qnum
286 2624 384 2689 neque
405 2607 492 2669 Petro
512 2624 587 2689 opus
608 2608 745 2688 haberet,
768 2626 868 2689 neque
889 2608 965 2671 illius
989 2617 1096 2690 egeret
1116 2611 1309 2693 institutione,
1332 2612 1387 2675 sed
1407 2611 1461 2675 ho-

79 2728 149 2776 nore
171 2733 229 2796 par
243 2718 269 2748 ²¹
293 2716 335 2779 illi
356 2725 451 2780 esset:
478 2716 550 2780 nihil
571 2718 650 2780 euim
672 2717 739 2780 heic
761 2717 856 2780 dicem
878 2717 1018 2799 amplius3
1045 2726 1143 2783 tamen
1164 2720 1298 2784 escendit
1324 2721 1462 2784 velutad

81 2824 223 2889 maiorem
246 2834 277 2889 et
300 2828 480 2890 seniorem.“
522 2826 597 2890 ΕιΗ
626 2844 707 2889 mox:
751 2826 922 2906 „Proiectus
951 2834 1012 2907 est,
1040 2822 1123 2892 este
1149 2827 1202 2893 ded
1231 2831 1324 2893 τοῦτο
1353 2832 1461 2911 μόνον,

8 2952 10 3007 ι
81 2927 155 3008 nigre
177 2936 261 3000 ἰδεῖν
279 2933 388 3013 αὐτόν,
410 2939 606 3020 suintericus
627 2937 857 3018 τῇπαρονοιρι,
885 2937 940 3000 sed
960 2942 1069 3000 lantum
1091 2947 1123 3002 ut
1144 2939 1259 3003 videret
1281 2958 1364 3019 eum,
1395 2957 1462 3002 sua-

81 3058 137 3122 que
157 3047 327 3128 praesentia
340 3049 367 3080 ²³
391 3046 558 3110 honoraret
606 3042 648 3110 Ut
667 3045 816 3124 viderem
837 3047 937 3127 inquit,
960 3043 1092 3111 Petrum
1112 3050 1246 3113 menidi.
1288 3046 1355 3113 Οὐκ
1377 3044 1463 3112 εἶπεν

83 3277 160 3341 esse,
197 3267 294 3324 Pedes
327 3284 407 3340 quum
439 3267 525 3324 adhuc
555 3268 749 3340 Hierosolymis
797 3266 911 3343 stolica,
945 3275 974 3324 et
1004 3277 1115 3343 accepto
1146 3270 1274 3327 divinitus
1305 3270 1462 3343 evaugelio:

84 3377 166 3447 esset,
194 3374 266 3430 lama
291 3372 460 3447 ιοοοριιιιιι
506 3373 541 3430 Ει
566 3374 750 3432 Rosenmttller
798 3375 846 3430 sed
866 3376 936 3430 idem
958 3382 1016 3431 eret
1036 3378 1193 3433 auctoritate
1214 3378 1341 3451 pascendi
1367 3377 1463 3454 minor,

83 3473 109 3530 in
122 3477 259 3537 Sclroliis:
279 3479 447 3554 „Celebrites
460 3482 585 3557 nominis,
603 3484 648 3557 ait,
670 3498 747 3555 quam
798 3498 830 3537 sc
849 3487 991 3555 propterea
1010 3481 1043 3538 ad
1060 3483 1173 3558 Petrum,
1193 3474 1232 3550 oie
1251 3474 1323 3561 πρός
1342 3478 1462 3558 μείζονα,

84 3578 172 3641 teum
204 3588 273 3644 inter
305 3586 444 3660 apostolos
472 3595 530 3644 erat
556 3594 747 3661 consequutus,
798 3603 829 3643 se
849 3587 969 3643 contulit

85 3687 185 3761 impulit
204 3692 323 3768 Paulum,
344 3698 374 3749 nt
393 3709 492 3766 operae
512 3696 624 3766 pretinm
645 3698 750 3767 putaret
860 3691 905 3766 Μ)
928 3691 1029 3748 Comm.
1051 3694 1078 3749 in
1104 3709 1162 3767 cap.
1183 3693 1204 3750 l.
1230 3696 1309 3768 epist.
1331 3695 1364 3752 ud
1385 3693 1464 3751 Gela·
1564 3677 1568 3681 ’

86 3797 173 3854 venre
193 3800 222 3855 in
243 3799 358 3872 ntiquom
378 3800 435 3855 eius
456 3799 702 3858 consuetudinem.“
798 3805 855 3872 tos,
875 3814 902 3854 n.
925 3796 971 3854 11.

162 3903 191 3978 ⁷)
211 3903 302 3960 ιιιιιιι.
323 3903 394 3961 xvi.
418 3903 464 3961 ts.
859 3902 909 3979 ²³)
926 3902 1044 3960 Verbum
1064 3893 1169 3977 septim,
1190 3903 1366 3974 inflexamque
1381 3921 1415 3959 ex
1430 3918 1463 3959 eo

165 4009 193 4084 l)
215 4008 259 4066 dd
279 4009 306 4066 ιι.
326 4010 344 4065 l.
654 3990 657 3995 ’
798 3999 863 4084 τιμή
883 4023 989 4083 nomen,
1011 4025 1150 4081 numquam
1171 4011 1197 4066 in
1211 4011 1368 4084 Seriptnris,
1388 4026 1464 4065 num·

178 4114 192 4189 )
213 4112 315 4171 Conni.
337 4114 371 4170 ad
392 4113 477 4172 Galat.
498 4114 519 4170 t
541 4112 587 4170 ts.
799 4130 876 4187 quem
899 4117 925 4171 in
946 4115 1138 4173 ecclesiasticis
1165 4117 1336 4173 monimentis
1356 4116 1390 4172 de
1410 4116 1463 4173 lto-

164 4220 192 4296 ι)
214 4220 366 4277 commin
391 4236 450 4293 cap.
470 4219 491 4277 l.
517 4220 597 4293 epist.
618 4220 653 4277 ad
673 4219 750 4277 Gala·
798 4237 866 4278 nore
885 4229 1036 4297 sumuntur,
1065 4223 1110 4295 qui
1132 4223 1202 4279 insui
1225 4229 1330 4279 constet
1357 4222 1464 4297 umbre,

89 4322 143 4397 ιιι,
163 4343 190 4383 n.
213 4325 259 4383 11.
799 4316 896 4400 quique
917 4329 996 4385 iustis
1017 4330 1136 4401 meritis,
1157 4328 1317 4400 celsiorique
1338 4328 1464 4400 dignitati

147 4430 192 4508 ²¹)
220 4433 294 4501 Quae
320 4432 434 4488 invicem
463 4438 663 4505 comparantur,
697 4444 751 4486 non
799 4450 852 4490 non
878 4435 1046 4508 rependetur.
1095 4434 1182 4502 Quare
1209 4434 1279 4490 idem
1306 4436 1465 4508 saepissime

91 4537 172 4606 mgis
188 4540 276 4612 pario
295 4555 373 4612 quem
393 4540 515 4612 inrpcriu
534 4538 587 4595 dici
608 4538 750 4594 verissime
799 4538 890 4595 retent
905 4556 937 4595 ec
954 4540 1078 4612 ammom
1098 4540 1217 4598 ιιοινιινοι
1232 4550 1354 4615 procem,
1375 4542 1466 4613 officii

91 4649 207 4718 meunt,
227 4661 277 4718 pro
289 4651 413 4718 aspectus
426 4645 579 4702 discrimine
593 4659 646 4716 quo
662 4644 752 4700 conle-
800 4648 956 4720 οοορννιο.
993 4646 1061 4702 llinc
1074 4646 1139 4705 illud
1152 4646 1242 4703 llatth.
1256 4646 1316 4703 XV.
1330 4645 1365 4702 4:
1390 4645 1467 4722 Τιμα

8 4816 9 4827 ¹
91 4753 186 4806 rantur.
228 4750 307 4818 Quod
327 4752 409 4823 igitur
424 4751 632 4824 Clurpsostomus
645 4750 751 4807 Paulum
800 4742 848 4808 τὸν
874 4750 983 4828 ποτέρα
1009 4749 1056 4808 καὶ
1081 4742 1132 4825 τήν
1157 4750 1264 4829 μητέρα
1289 4768 1348 4810 σου.
1400 4754 1467 4809 lliuc

93 4846 161 4911 dieat
186 4846 309 4931 ἰσότιμον
334 4855 455 4935 Πέτρῳ,
486 4860 580 4914 mirum
611 4873 672 4913 esse
698 4871 752 4913 nou
802 4858 872 4931 apud
891 4857 1107 4931 Alexandrinos,
1128 4856 1213 4913 Levit.
1234 4858 1304 4914 xtx.
1326 4856 1380 4914 32:
1406 4853 1468 4910 Kal

95 4953 185 5018 delet:
214 4969 271 5018 erat
296 4966 366 5020 enim
393 4954 515 5038 ισότιμος
534 4964 665 5034 dignitate
687 4977 752 5035 epo·
802 4953 918 5039 τιμήσῃς
942 4955 1090 5037 πρόςωπον
1115 4959 1307 5039 οροσβνιιρον.
1348 4961 1420 5053 ¹ilinc
1441 4959 1468 5014 in

139 5082 264 5138 Pmuglts,
278 5088 453 5129 εοιιωιιιιιιιοι.
1209 5066 1255 5138 14

148 3902 154 3932 1

151 4008 156 4035 Ι

150 4113 156 4143 l

147 4217 158 4248 1
