3374 5388
174 174 237 235 ⁴⁰8
663 169 794 232 munit
835 168 1068 235 summotis

178 339 314 422 Πέτρος,
338 359 428 422 quern
442 339 593 404 lohannes
610 340 651 371 ¹²³
671 337 788 402 subiicit
807 338 913 402 Christi
934 338 1042 419 verbis,
1065 330 1106 401 orl
1127 334 1157 401 el
1176 334 1304 417 Σίμων,
1324 337 1344 400 d
1365 334 1433 411 οὶὸς
1455 332 1580 399 teto·

178 449 218 515 mi
240 448 386 533 κληθήσῃ
407 445 536 536 Κηφᾶς,
557 446 721 511 luculenter
741 448 878 529 ostendit,
901 454 1014 529 πέτρον
1034 467 1103 512 esse
1123 447 1297 511 vocabulum
1318 445 1501 529 ἑρμηνείας,
1538 464 1582 507 ac

178 579 288 624 nomen
314 557 427 624 Simoni
453 575 560 621 reuera
584 559 774 639 promissum,
812 565 843 621 et
867 557 974 622 deiude
1002 558 1139 622 collatum
1171 559 1262 621 misso
1289 553 1420 641 Κηφᾶν.
1472 555 1581 617 Porro

178 672 326 755 syriacum
348 670 453 749 κρφᾶς
475 682 565 750 quum
585 672 696 749 πέτρος
724 674 786 730 num
807 676 904 747 πέτρα
925 685 1035 750 graece
1055 665 1194 747 ellertur,
1227 675 1256 730 et
1277 668 1336 732 duo
1363 662 1509 729 vombula
1535 666 1582 727 itn
1666 690 1667 745 3

179 779 385 844 terminatione
417 775 570 858 dillerunt,
602 785 634 840 ut
664 776 848 859 significandi
877 783 1021 860 potestate
1037 778 1080 810 '²⁴
1117 778 1309 840 consentiant
1364 775 1449 851 Quod
1476 775 1582 857 igitur

180 906 292 972 graece
312 887 456 969 legimus,
478 879 519 950 orl
539 883 569 950 al
588 885 727 967 Πέτρος,
760 886 813 950 καὶ
834 887 885 952 ἐπὶ
904 884 999 971 ταύτῃ
1025 888 1063 969 τῇ
1083 891 1180 969 πέτρᾳ
1201 882 1403 968 οἰκοδομήσω
1427 905 1490 965 μου
1513 880 1583 959 τήν

180 996 360 1077 ἐκκλησίαν,
390 995 469 1060 idem
497 993 723 1079 ntpntficattone
751 995 829 1060 valet
856 1014 892 1059 ec
922 994 1154 1080 silegeremus,
1183 993 1223 1059 σύ
1249 990 1280 1058 ei
1299 991 1413 1074 πέτρα,
1442 994 1495 1057 καὶ
1521 994 1581 1057 ἐπὶ

180 1108 275 1192 ταύτῃ
294 1110 332 1190 τῇ
352 1112 450 1189 πέτρᾳ
470 1103 673 1187 οἰκοδομήσω
694 1126 758 1185 μου
777 1102 833 1181 τήν
846 1105 1021 1182 ἐκκλησίαν.
1063 1106 1123 1172 eeu
1136 1106 1163 1169 si
1176 1105 1234 1168 hoc
1248 1105 1371 1168 ulterum
1385 1103 1578 1185 legeremus,

180 1236 220 1281 ne
234 1233 388 1299 possemus
411 1215 529 1297 midam
543 1215 581 1279 de
602 1220 700 1296 πέτρᾳ
721 1234 738 1277 a
758 1219 859 1299 πέτρῳ
873 1215 1039 1279 divellenda
1060 1216 1212 1298 smpicari.
1255 1214 1389 1278 Necesse
1408 1215 1497 1296 igittu
1514 1220 1579 1295 est,

181 1334 213 1391 ut
232 1343 321 1389 unum
350 1325 547 1407 eumdemque
569 1326 719 1390 Simonem
741 1324 848 1407 duplici
875 1326 994 1388 nomine
1023 1331 1137 1407 πέτρου
1165 1325 1219 1388 καὶ
1247 1328 1362 1404 πέτρος
1390 1341 1577 1406 expressum

182 1437 472 1517 demonstratumque
494 1435 660 1498 credamus.
1020 1416 1034 1437 ⁸

287 1543 441 1607 Accedunt
457 1547 499 1578 ¹²³
530 1551 750 1624 competentia
779 1544 919 1626 particule
949 1544 1004 1607 καὶ
1034 1550 1093 1608 inm
1120 1551 1201 1607 ercle
1231 1561 1298 1607 cum
1326 1542 1579 1607 antecedentium

181 1674 267 1734 nexa,
288 1660 320 1716 ut
333 1654 414 1717 iden
427 1662 628 1735 utrorumque
640 1652 811 1719 subtectum
825 1655 984 1738 significari
998 1654 1162 1719 euidentius
1182 1672 1242 1717 non
1256 1654 1357 1735 possit
1399 1651 1578 1718 Subiectum

181 1759 279 1829 autem
293 1766 537 1846 consequentium
553 1765 724 1847 exprimitur
736 1766 909 1846 pronomine
930 1764 990 1843 eci,
1012 1761 1076 1844 tiit,
1098 1766 1147 1846 qui
1162 1770 1208 1828 est
1221 1763 1333 1827 Petms.
1376 1763 1457 1827 ldem
1479 1764 1577 1844 igitur

182 1882 228 1939 est
241 1874 416 1954 subiectum,
438 1873 476 1937 de
498 1891 557 1954 quo
578 1873 691 1954 dicium,
712 1871 752 1937 ori
774 1868 805 1936 ct
825 1872 972 1953 Πέτρος,
994 1893 1030 1937 ac
1049 1891 1128 1954 mox,
1152 1874 1205 1938 nni
1224 1873 1276 1936 dni
1296 1869 1393 1956 ταύτῃ
1412 1874 1450 1955 τῇ
1471 1878 1578 1955 πέτρᾳ

183 1981 388 2065 οἰκοδομήσω
407 2004 472 2065 μου
492 1975 547 2059 τὴν
566 1983 741 2060 ἐκκλησίαν.
867 2010 871 2017 ·

289 2098 338 2155 69.
380 2090 423 2155 lia
443 2091 586 2156 hactenus
599 2093 769 2176 persequuti
787 2111 888 2156 sumus
909 2100 1090 2176 argumenta,
1113 2111 1189 2176 quae
1208 2098 1389 2174 propinquo,
1413 2097 1574 2173 ἀτκίεοροτ

182 2203 385 2283 nominantur,
414 2200 460 2264 his
483 2201 541 2265 duo
563 2201 714 2266 adiicimus
735 2211 868 2266 estona
894 2221 929 2266 nc
954 2200 1063 2282 paullo
1084 2209 1262 2280 remotiora,
1294 2221 1394 2284 neque
1414 2210 1575 2284 propterea

183 2311 233 2375 vei
246 2311 283 2374 ad
297 2310 461 2374 taciendam
483 2310 581 2391 iidem,
602 2311 652 2375 vel
672 2312 709 2376 nd
732 2314 845 2377 animos
856 2312 1086 2401 commovendos
1107 2314 1203 2376 minus
1226 2311 1458 2376 accommodata.
1500 2311 1576 2375 limi

153 2440 157 2447 ’
183 2422 262 2485 enirn
276 2420 457 2502 persuadere
479 2438 539 2483 non
559 2439 679 2502 possum
693 2422 829 2485 homines
848 2423 988 2504 reperiri,
1011 2423 1060 2504 qui
1083 2420 1139 2485 sibi
1158 2429 1313 2504 tantopere
1334 2421 1432 2501 fidunt,
1455 2440 1573 2503 eosque

183 2531 300 2614 spiritus
321 2529 416 2611 alam,
435 2538 468 2593 ut
488 2539 698 2613 aspernentur,
727 2531 867 2613 nulloque
893 2534 923 2595 in
949 2550 1073 2596 numero
1094 2531 1221 2595 habennt
1247 2539 1380 2595 ueterum
1403 2531 1572 2612 scripturae

184 2641 375 2724 interpretum
384 2641 550 2705 unanimem
566 2642 803 2707 consensionem.
833 2641 915 2706 Ηοοσ
925 2643 1004 2705 enim
1018 2643 1177 2706 consensio
1188 2640 1293 2723 duplici
1308 2642 1436 2703 merome
1450 2640 1574 2702 nomine

184 2769 218 2813 se
239 2750 325 2814 nobis
348 2749 542 2815 vehementer
562 2751 758 2832 commendat,
780 2752 950 2838 erodtnone
969 2752 1100 2833 inprimis
1119 2769 1155 2816 ac
1169 2751 1362 2833 ipsorummet
1378 2749 1572 2829 interpretum

182 2866 309 2941 pertita:
337 2858 463 2934 illorum
489 2860 596 2925 deinde
624 2858 827 2931 ecclesiarum
856 2856 1029 2944 rnffrapto,
1061 2862 1092 2923 in
1120 2878 1242 2943 quarum
1270 2859 1395 2941 gmtiem
1419 2875 1489 2921 suas
1515 2858 1572 2939 ipsi

183 2970 440 3051 interpretationes
468 2968 603 3033 edebant.
650 2970 754 3052 Neque
782 2971 860 3033 enim
887 2970 1200 3051 optemperatum,
1232 2968 1391 3052 quidquam
1417 2969 1454 3031 iis
1480 2966 1573 3030 titisse

183 3079 344 3161 antiquius,
366 3097 454 3160 quam
471 3088 504 3142 ut
521 3074 776 3163 interpretationes
795 3078 988 3161 praeienent,
1011 3096 1085 3162 quas
1105 3081 1263 3159 communi,
1286 3079 1450 3161 pleniorive
1472 3077 1571 3143 eccle-

185 3189 294 3253 siamm
316 3190 515 3254 consensione
536 3189 673 3273 probatas
695 3196 902 3272 agnoscerent.

290 3296 359 3381 Ape
379 3298 448 3379 iam,
469 3318 505 3362 ac
519 3299 622 3362 oculos
639 3300 669 3362 in
690 3278 851 3384 polyglotta
864 3298 1004 3363 Waltonii
1024 3297 1112 3362 biblio
1127 3307 1277 3380 converte,
1299 3300 1571 3381 interpretationes-

185 3427 244 3489 que
264 3413 433 3489 τμτίοοοοτ,
463 3406 622 3472 eradicem
641 3411 696 3490 ¹²⁸,
723 3415 936 3489 pmrteompne
961 3407 1125 3472 conndern.
1170 3408 1311 3472 Videntur
1340 3426 1379 3471 ne
1403 3407 1456 3471 tibi
1481 3410 1574 3472 inter·

184 3524 286 3599 pretes
309 3518 463 3599 suspicati,
493 3517 582 3581 alium
602 3517 677 3583 lorte
698 3536 767 3583 esse
788 3518 839 3599 qui
858 3521 986 3598 πέτρος,
1015 3536 1051 3580 ae
1071 3517 1159 3581 elium
1182 3519 1231 3600 qui
1253 3535 1324 3581 mox
1344 3521 1441 3599 πέτρα
1460 3536 1574 3581 nuncu
1666 3598 1667 3611 ¹

185 3622 296 3707 poturi
317 3624 408 3689 misse
429 3626 495 3691 illos
516 3626 553 3689 ab
575 3628 720 3692 eiusmodi
741 3628 909 3710 suspicione
924 3627 1119 3691 alienissimos
1141 3626 1210 3690 inde
1224 3626 1334 3708 liquido
1348 3635 1471 3705 constat,
1493 3628 1572 3709 quod

185 3752 244 3797 una
265 3734 430 3817 eademque
452 3754 528 3798 voce
542 3754 596 3819 pro
618 3755 671 3802 sua
685 3738 810 3820 quisque
825 3735 935 3818 lingue,
956 3735 1090 3801 distincta
1103 3737 1308 3801 terminatione
1327 3738 1445 3800 nomina
1459 3742 1574 3816 πέτρου
1666 3728 1667 3731 '

187 3842 240 3907 καὶ
261 3849 375 3925 πέτρος
395 3843 563 3909 reddiderit.
606 3846 658 3910 ilis
679 3846 755 3911 adde
776 3852 945 3909 mmmmm
965 3846 1171 3928 interpretem,
1192 3863 1281 3928 quern
1304 3844 1511 3911 Griesbnclrius
1527 3852 1568 3882 ¹²⁷

251 4053 311 4131 ¹²³)
330 4054 392 4111 lota.
412 4054 433 4112 i.
455 4055 503 4113 43.
541 4057 617 4115 tinne
636 4058 854 4117 commentarium
969 4051 1294 4131 1“)Ι)ο1οοοτοι1ο,
1322 4072 1356 4112 un
1382 4071 1448 4113 casu
1473 4058 1570 4114 tactam

186 4159 288 4217 omittit
308 4161 401 4233 Syrus.
904 4161 949 4236 sit,
970 4161 1073 4238 nescio,
1094 4161 1159 4218 illud
1179 4163 1238 4218 scio
1254 4163 1281 4219 in
1296 4162 1411 4220 arabicis
1424 4162 1570 4237 Scripturis

252 4266 312 4341 ΙΝ)
333 4266 377 4323 na
396 4283 453 4322 rem
473 4267 650 4340 eremmon
672 4271 699 4326 n
719 4270 800 4343 epist.
821 4271 855 4326 ao
905 4284 967 4326 eura
982 4267 1100 4325 ernincia
1114 4268 1261 4326 scateam
1278 4246 1570 4327 contremiscentia

187 4370 272 4428 Galat
293 4371 332 4427 ll:
360 4372 439 4446 „Non
460 4373 532 4445 quod
553 4374 624 4430 aliud
645 4376 781 4448 significet
800 4377 855 4434 Pc-
883 4376 885 4379 ’
907 4372 998 4446 1825,
1020 4381 1048 4432 ct
1065 4373 1200 4432 coenum
1220 4391 1291 4431 anno
1314 4374 1404 4447 1826,
1425 4389 1479 4431 non
1501 4375 1569 4433 idem

186 4485 260 4550 tros,
287 4478 360 4535 aliud
382 4478 504 4553 Copias,-
530 4480 578 4537 sed
599 4482 671 4553 quod
700 4498 778 4554 quam
805 4497 855 4539 nos
904 4479 1063 4537 vocabulum
1083 4482 1110 4537 in
1131 4481 1353 4556 nnoqneinciro,
1376 4479 1425 4537 sed
1440 4480 1570 4554 inpriore

187 4584 269 4640 latine
289 4590 317 4640 et
336 4593 561 4658 praeceperam
581 4602 725 4663 vocamus,
745 4588 855 4645 hebraei
901 4564 1068 4729 who,
1098 4606 1126 4662 tn
1149 4605 1235 4661 attero
1263 4620 1330 4661 vero
1356 4577 1501 4665 mxli
1526 4605 1569 4662 nd·

1366 4644 1394 4731 l

187 4696 216 4745 et
235 4690 292 4762 syri
310 4695 422 4762 propter
441 4691 548 4763 linguae
574 4695 644 4750 inter
670 4709 701 4750 se
728 4694 855 4751 viciniam

189 4796 308 4871 Copten
326 4795 508 4870 nuncupant.“
1666 4860 1667 4863 ,

251 4903 312 4978 m)
332 4902 422 4961 m
442 4903 512 4962 xvp
537 4901 582 4960 19,
905 4921 909 4929 ·
970 4901 1030 4977 ¹²⁷)
1050 4900 1093 4958 Ad
1113 4902 1204 4961 nant.
1225 4900 1296 4960 XVI·
1319 4900 1365 4959 18.
1389 4906 1446 4959 not
1465 4918 1493 4959 u.

906 4744 1002 4800 hiberi.
