3374 5388
676 307 822 377 CAPUT
863 310 921 376 Ν.
1429 315 1488 377 421

113 479 211 546 ebriati
230 478 415 563 detorqueat,
444 499 480 545 ao
508 478 688 545 fundamenti
709 478 849 563 dignitate
871 479 988 545 Petrum
1006 479 1158 563 exspoliet
1200 477 1237 544 Et
1264 478 1396 546 detorsio
1417 500 1490 547 sane

111 590 259 655 verborum
282 589 388 655 Christi
415 591 532 655 censeri
554 590 781 654 commentarius
803 589 906 670 debet,
935 608 994 673 quo
1021 590 1201 670 membrum,
1232 582 1271 652 οὐ
1299 584 1329 653 ai
1355 588 1488 673 Πέτρος,

111 699 147 763 ita
165 698 272 763 reddit:
296 705 331 760 lu
353 719 387 763 es
404 696 533 776 Petrus,
553 718 672 778 nempe,
694 703 728 761 tn
748 698 835 762 ᾰοοοο
855 698 923 775 Det,
946 707 1000 779 qut
1019 707 1052 763 tn
1070 707 1161 780 petru
1175 698 1336 785 fundatus
1357 721 1400 763 ea.
1436 700 1489 765 Est

111 809 183 872 cmm
211 808 354 873 eiusmodi
381 809 581 891 interpretatio
609 805 759 888 manare,
795 805 936 889 obliqua,
967 830 1081 873 moneo
1108 818 1138 873 et
1165 827 1223 891 qua
1251 828 1353 873 veram
1383 809 1490 874 Christi

110 925 231 982 mentem
251 918 371 1000 assequi
391 936 451 981 non
470 918 578 999 possis.

207 1026 281 1102 Ouid
299 1044 373 1091 nero
393 1026 463 1090 illud
483 1027 563 1109 quod
583 1027 797 1110 augustinum,
817 1026 966 1106 Leonem,
998 1027 1240 1111 chrysostomum
1259 1026 1345 1091 buius
1368 1046 1488 1093 enarra·

110 1136 189 1201 ionis
208 1143 299 1200 testea
317 1132 455 1200 adduciti
498 1133 714 1220 Augustinunri
737 1138 786 1219 qni
808 1136 966 1200 donatistas
988 1136 1141 1219 alloquens
1163 1155 1262 1217 uram,
1284 1155 1486 1203 communem·

111 1264 165 1328 qne
183 1246 268 1311 idem
288 1245 336 1310 bia
356 1245 456 1310 verbis
472 1250 514 1283 '⁷⁵
538 1249 697 1330 expressit:
898 1324 899 1327 Ἴ

299 1358 441 1416 Numerata
460 1361 616 1418 sacerdotes
635 1361 680 1420 rel
700 1360 734 1418 ab
754 1360 813 1434 ipsa
834 1358 904 1415 Petri
924 1358 999 1434 sede,

299 1464 334 1522 lit
352 1466 379 1522 ia
399 1465 494 1523 ordine
513 1466 560 1524 ilio
580 1467 765 1545 patrumqnis
785 1466 829 1523 cul
849 1466 988 1539 succeseit,
1007 1463 1107 1520 ridete.

299 1570 359 1645 lpsa
380 1577 422 1627 est
441 1578 531 1648 petra,
560 1590 637 1647 quam
658 1589 713 1631 non
734 1574 843 1629 vincuat
862 1572 995 1646 superbae
1014 1569 1157 1627 interorum
1178 1573 1282 1642 portae.

102 1670 245 1756 Leonem,
275 1691 333 1756 quo
360 1692 450 1738 nemo
478 1675 617 1740 illustrius
646 1674 722 1741 Petri
746 1676 967 1758 praerogativas
996 1669 1172 1737 exornaviti
1201 1690 1237 1736 ao
1262 1670 1384 1735 illustria
1412 1692 1485 1737 sane

102 1780 153 1844 istu
185 1790 273 1864 sunt,
309 1783 414 1866 quibus
446 1784 607 1849 subiectam
643 1785 831 1867 promissioni
860 1783 966 1848 Christi
996 1783 1240 1866 significationem
1257 1782 1298 1814 '²‘
1332 1780 1485 1845 edisserit:

102 1890 215 1969 ,Manet
237 1909 314 1976 erqo
335 1893 487 1976 dispositio
508 1894 654 1973 veritatis,
682 1902 712 1958 et
738 1893 842 1956 beatus
862 1892 965 1956 Poura
997 1894 1027 1955 in
1049 1900 1169 1975 accepta
1190 1891 1358 1956 tortitudine
1376 1899 1486 1972 petrae

101 2018 305 2083 perseverans,
325 2010 463 2084 suscepta
477 2003 623 2068 ecciesiae
647 2003 847 2085 gubernacula
861 2020 921 2066 non
942 2003 1067 2084 reliquit
1110 2002 1159 2067 Sic
1184 2002 1262 2065 enim
1283 2019 1355 2084 prae
1377 2002 1485 2083 notens

102 2186 255 2259 rogativm,
288 2184 400 2257 eiusque
431 2185 501 2242 inter
531 2185 670 2261 apostolos
697 2202 767 2262 npu-
816 2186 846 2243 ln
860 2201 893 2242 eu
908 2192 995 2243 tamen
1016 2186 1177 2242 conveniunt
1196 2182 1275 2257 vlit,
1297 2183 1369 2255 quod
1390 2198 1484 2239 omnes

100 2288 213 2347 orantus
234 2298 282 2348 aut
301 2292 427 2367 negavit,
460 2295 552 2349 autin
573 2293 766 2349 dubitationem
816 2300 879 2350 sunt
897 2293 1088 2361 amulone,
1116 2291 1177 2364 quia
1201 2290 1313 2346 relativa
1339 2289 1418 2345 simul
1444 2288 1485 2345 in-

101 2394 217 2453 adduit.
265 2396 297 2452 11.
319 2396 441 2454 Omnium
461 2398 528 2454 baec
548 2399 597 2455 iuit
617 2399 766 2455 certissima
818 2399 971 2472 telliguntur
991 2415 1024 2454 ae
1043 2396 1210 2454 exhibentur.

100 2502 171 2576 lites,
188 2502 275 2560 dictis
290 2502 420 2575 tactisque
434 2506 575 2578 perspicue
589 2506 766 2579 monifestata,
876 2504 918 2560 Ex
938 2505 980 2560 bis
1001 2521 1083 2577 porro
1103 2504 1149 2560 lx.
1171 2503 1312 2575 colligitur,
1336 2499 1379 2556 1⁰.
1396 2502 1485 2557 varie-

99 2606 199 2665 l’etram
230 2611 302 2666 inter
328 2609 466 2681 apostolos
493 2612 549 2668 inre
577 2628 609 2668 ac
635 2611 768 2684 dignitate
817 2616 898 2667 tatem
932 2611 1179 2683 interpretationum
1210 2608 1279 2683 apurl
1306 2614 1396 2681 patres
1425 2625 1483 2664 eum

100 2715 268 2772 excelluisse.
309 2713 353 2770 111.
375 2714 513 2789 Quotquot
532 2717 566 2774 ab
587 2717 707 2774 instituta
723 2734 768 2774 ee·
817 2718 917 2773 unitate
948 2716 1010 2774 tidei
1041 2716 1283 2789 sententiarumque
1313 2714 1483 2787 consentire,

99 2819 178 2876 clesia
199 2821 234 2878 sul
256 2820 395 2877 nicaenam
421 2837 503 2894 usque
528 2823 660 2895 synodum
684 2822 766 2880 verba
816 2840 884 2897 quae
910 2823 1041 2879 varietate
1061 2821 1309 2894 interpretationum
1332 2820 1400 2893 apud
1421 2834 1485 2893 pro-

98 2925 195 2984 Gbristi
215 2925 309 2983 blattis.
330 2926 401 2985 xvi.
424 2927 470 2985 18.
498 2928 664 3002 interpretati
690 2934 766 3002 sunt,
817 2934 947 2985 testantes
968 2927 1085 2985 maditus
1105 2927 1282 2982 subvertitur:
1307 2925 1352 2982 2⁰.
1374 2943 1408 2982 ex
1430 2926 1484 2982 alio

96 3047 193 3090 nomeu
214 3032 320 3110 mpero
340 3033 374 3090 de
394 3033 472 3090 Petro
498 3035 681 3108 accipiendum
705 3051 767 3091 esse
815 3034 894 3107 plane
910 3035 984 3090 tonte
1004 3034 1160 3109 dopmutco
1180 3039 1259 3105 atque
1278 3032 1482 3090 ternomecttcn

96 3137 223 3197 docuere.
278 3139 323 3195 Ν.
354 3140 418 3197 l'ost
446 3141 550 3196 emanas
578 3140 670 3197 turbas
697 3142 773 3197 cele·v
815 3140 959 3197 discrimen
984 3141 1228 3213 interpretationum
1255 3138 1325 3211 apud
1345 3144 1436 3211 patres
1457 3145 1485 3194 et

95 3243 170 3301 brata
203 3264 219 3303 a
251 3244 371 3318 patribus
400 3245 452 3302 luit
480 3246 684 3319 interpretatio,
715 3263 765 3320 qua
816 3248 884 3321 apud
904 3252 1086 3320 protestantes
1106 3248 1191 3319 repeti
1212 3250 1347 3317 oportere.
1382 3244 1425 3301 ab
1439 3246 1482 3301 bis

94 3347 199 3425 πέτραν
227 3350 263 3407 ed
289 3350 439 3425 Christum,
468 3351 623 3425 editamque,
646 3370 660 3409 a
687 3353 765 3408 l’etro
815 3354 885 3410 eninr
906 3354 930 3409 si
951 3359 1042 3427 petae,
1075 3368 1120 3409 cur
1140 3358 1239 3423 negent
1257 3348 1362 3424 πέτραν
1381 3351 1416 3407 arl
1436 3350 1485 3407 Pe·

94 3456 293 3530 orthodoxam,
321 3472 353 3513 ac
373 3458 480 3513 manae
506 3459 635 3531 periistise
660 3466 766 3516 conua-
815 3466 884 3516 trum
897 3459 1000 3532 referri,
1021 3457 1102 3514 talem
1123 3458 1241 3531 accipies
1261 3458 1481 3531 responsionem:

93 3563 161 3619 riam
190 3564 388 3620 mulessionem
416 3564 575 3621 referebant
622 3566 655 3622 V.
681 3566 764 3622 liuius
814 3565 886 3639 quon
902 3565 980 3622 Peuu
1001 3564 1070 3621 nubo
1091 3565 1212 3638 primatis
1233 3566 1378 3620 auctoritas
1400 3562 1480 3620 tribui

95 3670 328 3743 interpretationis
348 3676 471 3726 auctores
491 3687 576 3744 neque
592 3673 704 3745 primam
718 3689 765 3729 ve·
813 3672 903 3746 possit
929 3678 975 3727 aut
1001 3670 1113 3747 debeat3
1139 3678 1167 3728 et
1190 3671 1263 3743 quusi
1289 3672 1479 3742 grammaticae

94 3775 292 3847 tustioremque
312 3783 454 3851 negabunt,
475 3793 560 3850 neque
581 3776 615 3833 ab
635 3793 668 3834 ee
688 3795 765 3852 repe·
813 3779 933 3834 rationes
954 3777 1026 3833 aliud
1052 3777 1188 3835 relationis
1213 3776 1362 3833 subiectum
1389 3782 1481 3832 osten·

92 3880 173 3937 wude
196 3887 226 3938 et
244 3898 293 3955 pro
314 3883 514 3956 opportunitate
541 3883 695 3941 inculcanda
717 3885 764 3941 ab·
813 3885 885 3942 dant.
937 3884 974 3941 a:
1003 3890 1094 3940 contra
1124 3890 1215 3957 patres
1244 3873 1384 3960 ὑπεροχήν
1411 3882 1480 3938 Petri

90 3988 253 4045 stinaerunt
297 3987 343 4045 vt.
368 3987 508 4047 itiusmodi
528 3990 763 4064 interpretationes
813 3989 951 4045 unanimes
979 3990 1154 4066 conflentur,
1182 4006 1296 4062 suasque
1324 3990 1483 4063 interpreta-

92 4095 199 4150 ceuseri
226 4093 323 4151 debent
343 4094 517 4172 coordinatus
537 4111 591 4153 non
611 4098 763 4170 oppositae,
813 4096 901 4153 tiones
932 4094 1072 4154 stabiliunt
1101 4111 1154 4153 nou
1183 4098 1307 4171 proxima
1337 4094 1481 4152 verborum

92 4200 283 4274 conspirantes
303 4216 356 4258 non
376 4216 407 4257 se
428 4208 519 4259 mutuo
543 4203 723 4260 excludentes.
813 4202 1052 4276 particularumque
1073 4197 1280 4278 significatione,
1301 4202 1350 4259 scd
1369 4202 1482 4279 rationi·

152 4304 344 4378 interpretatio
365 4307 422 4364 vll.
441 4316 541 4382 petrae
562 4309 596 4365 ale
615 4308 695 4365 Petro
715 4309 764 4365 du·
813 4308 864 4365 bus
884 4310 1064 4384 catologicis,
1085 4325 1117 4366 ao
1137 4327 1153 4366 o
1172 4310 1234 4383 lege
1254 4310 1412 4367 relationum
1434 4308 1482 4365 de-

89 4411 154 4484 plici
174 4412 346 4484 potissimum
360 4414 466 4471 nomine
480 4415 513 4471 ab
529 4415 589 4471 aliis
606 4414 711 4472 diliert:
732 4433 765 4472 ae
813 4418 953 4491 promptis.
999 4416 1105 4474 Jurerit
1133 4416 1279 4474 contulisse
1306 4432 1373 4489 quae
1401 4414 1483 4473 babet

94 4515 138 4572 1⁰.
155 4515 249 4573 diliert
262 4525 397 4594 tempore,
417 4538 495 4594 quum
514 4522 557 4578 illa
575 4522 708 4579 vetustior
726 4522 763 4578 sit
813 4524 962 4580 Curdinalis
982 4523 1060 4596 Orsi,
1087 4524 1127 4581 lte
1148 4523 1224 4579 Rom.
1245 4523 1343 4580 Pontii.
1365 4523 1481 4578 namuri·

91 4639 123 4678 ao
142 4623 297 4697 primitiva,
317 4627 367 4682 bae
388 4630 442 4683 sint
460 4630 643 4685 recentiores:
671 4628 762 4685 diliert
812 4635 876 4707 tate,
898 4630 944 4686 lib.
959 4630 1004 4687 tv.
1026 4646 1084 4702 cap.
1100 4628 1132 4685 ll.
1154 4635 1203 4684 art
1218 4628 1238 4684 Ι.
1260 4627 1307 4701 33.
1325 4628 1351 4684 1.
1365 4644 1440 4701 seqq.

90 4728 137 4786 2⁶.
164 4731 277 4803 somno,
305 4750 383 4806 quum
405 4732 449 4789 illa
470 4734 507 4791 sit
534 4734 666 4809 verbalis,
694 4736 761 4791 istae

91 4838 148 4893 sint
168 4836 273 4915 renes,
293 4838 339 4894 ilia
359 4841 536 4916 significetur,
558 4842 625 4898 istac
647 4842 762 4913 assigni-

90 4944 225 5017 beentur,
243 4943 315 5001 illam
335 4952 427 5018 suapte
447 4955 543 5020 sponte
561 4963 643 5004 voces
658 4947 764 5021 praele-
878 4948 937 5020 ¹⁷⁶)
959 4948 1045 5003 serm.
1066 4946 1098 5003 ll.
1125 4946 1152 5004 lu
1174 4944 1262 5000 annia.
1285 4928 1330 5001 die
1351 4948 1478 5016 assumpt.

90 5055 162 5126 rant,
184 5049 255 5109 uns
274 5052 445 5110 relativorum
465 5055 527 5128 lsqe
543 5054 757 5128 comprobantur.
813 5068 886 5110 suae.

877 4788 936 4862 ¹⁷³)
956 4787 985 4845 ln
1005 4789 1047 4844 Ps.
1069 4802 1130 4845 coa.
1152 4788 1256 4844 Partem
1276 4786 1385 4843 Donati.
