3300 5402
169 271 232 331 tao
690 268 822 335 mult
862 266 1028 335 rutulis

169 444 418 518 proponerentur3
447 435 634 500 nihilominus
654 437 732 500 haud
752 398 851 518 inepte
875 438 940 519 quis
962 436 1082 514 dinem,
1104 434 1321 518 immunimus
1338 435 1468 519 symboli
1488 439 1559 499 arti-
1646 480 1647 495 a

170 544 252 608 culos
281 564 338 608 ceu
362 545 484 609 totidem
511 546 637 627 spectum
671 564 761 628 posse
779 543 1009 629 secundissima
1036 552 1167 622 amira,
1194 565 1215 643 e
1248 547 1353 627 mnibus
1378 545 1559 627 reliquarum

171 654 367 717 doctrinarum
390 654 500 718 sucat
521 673 573 719 sua
593 662 697 737 sponte
716 663 924 737 propagentur.

277 762 314 825 Et
336 782 371 825 re
392 782 464 826 sane
483 782 571 843 vera,
593 772 625 827 ut
644 766 719 827 intra
740 764 816 829 lines
836 767 1000 847 praesentis
1021 763 1166 846 indaginis
1188 767 1350 828 oratiormm
1372 764 1558 841 concludam,
1646 834 1647 851 p

173 872 241 953 qiud
263 872 425 935 evidentius
454 891 541 954 quarn
565 891 708 938 mmmam
730 875 882 938 doctrinae
904 874 940 938 de
962 876 1086 956 pumatu
1106 874 1182 937 Petri
1204 881 1371 936 contentam
1399 876 1430 936 in
1450 873 1559 951 bibliis,

171 981 342 1061 illustratam
364 1000 382 1044 a
405 982 547 1067 patribus,
571 990 600 1045 et
621 983 811 1046 conciliorum
831 983 1030 1048 sanctionibus
1053 984 1209 1063 delirutam,
1231 985 1261 1046 in
1282 999 1320 1045 eo
1340 983 1467 1066 symboli
1488 985 1560 1046 arti·

173 1091 240 1153 culo
262 1091 411 1155 occlusam
442 1091 532 1154 veluti
551 1092 786 1175 implicatumque
815 1093 1006 1169 delitescere,
1034 1112 1093 1174 quo
1114 1091 1276 1155 eccleciam
1298 1113 1393 1155 mam
1414 1112 1485 1156 esse
1507 1115 1559 1155 οι

173 1199 374 1281 tholiranpue
400 1199 559 1264 testamurl
587 1204 687 1284 utique
713 1204 844 1284 nuspiam
873 1203 966 1281 Petn',
1001 1205 1133 1293 nrupiana
1158 1202 1297 1284 primatus
1326 1202 1422 1264 eidem
1449 1201 1558 1281 collati,

173 1314 305 1394 nuspiam
322 1309 523 1374 hierarchicae
538 1311 785 1385 subordinationis
807 1315 915 1375 mentio
937 1312 1060 1375 totidem
1074 1332 1228 1391 cupressu
1241 1308 1343 1373 cmlii
1364 1313 1393 1373 in
1416 1311 1559 1393 maniculis

173 1423 316 1502 occurrit3
338 1429 366 1484 at
388 1422 416 1482 tn
439 1420 542 1484 iisdem
563 1442 659 1484 unam
674 1439 743 1485 esse
767 1402 893 1504 eamque
914 1421 1095 1485 catholicam
1111 1419 1275 1483 ecclesiam
1293 1424 1400 1502 apertis
1421 1421 1555 1483 luculen-

173 1533 269 1613 tisque
282 1531 435 1593 sententiis
450 1529 622 1594 declaratur.
666 1532 758 1606 Quam
779 1550 869 1613 porro
883 1531 986 1596 tideles
1008 1540 1047 1594 tir
1067 1538 1215 1610 oppositis
1236 1530 1383 1593 subiicere
1403 1538 1556 1595 notiorem

173 1636 327 1722 poterantl
353 1640 422 1721 quid
448 1642 546 1703 animo
576 1640 731 1721 complecti
753 1659 842 1721 quum
865 1641 1013 1717 dicerent,
1044 1640 1136 1704 credo
1156 1661 1249 1702 wem
1271 1638 1434 1705 eccleciam
1453 1638 1556 1703 cutio

172 1747 290 1813 licum?
316 1748 401 1830 quid,
430 1767 555 1830 puoso,
583 1750 639 1813 nisi
665 1750 743 1830 quod
765 1749 854 1813 verba
881 1751 944 1831 ipsa
971 1750 1155 1831 praeferunt,
1184 1749 1321 1831 quodque
1347 1749 1384 1811 ab
1405 1749 1555 1812 ecclesiae

173 1861 320 1941 magistris
341 1877 398 1921 uua
424 1877 490 1921 cum
517 1858 658 1941 symbolis
679 1856 883 1939 accipiebant?
926 1858 985 1923 Sed
1007 1877 1105 1940 oeque
1127 1866 1340 1922 animamarum
1359 1877 1485 1940 mmque
1505 1881 1557 1920 ca·
1646 1856 1647 1859 ’

173 1967 314 2033 tlaoticam
334 1967 557 2051 apprehendere
583 1967 743 2031 ecclesium
765 1975 914 2048 poterant,
943 1969 1012 2048 quin
1041 1968 1079 2031 dc
1098 1989 1159 2030 uno
1180 1990 1273 2048 copae
1294 1965 1443 2031 catholico
1463 1966 1556 2030 ccele-

171 2087 239 2142 aioe
259 2084 408 2158 principio
435 2079 613 2158 cogitarent:
649 2095 746 2157 neque
778 2076 853 2139 huno
879 2083 964 2139 unici
990 2075 1191 2157 catholicique
1215 2085 1358 2157 μτίησίρὶἑ
1384 2078 1557 2160 dignitatem

171 2189 433 2267 auctoritatemque
448 2186 547 2248 alteri
573 2186 690 2250 deterre
717 2207 809 2265 pacm
830 2182 941 2261 Petro,
969 2204 1057 2268 quem
1083 2205 1174 2249 unum
1200 2187 1336 2249 omnibus
1357 2189 1556 2269 praepositum

172 2298 406 2358 constantissime
434 2294 596 2357 audiebant.
640 2294 724 2368 Quod
751 2297 829 2357 enim
858 2303 952 2358 aetate
979 2297 1075 2360 media
1102 2296 1265 2359 bernnardus
1293 2298 1409 2377 scripsit
1424 2300 1481 2375 ²²⁸,
1514 2297 1559 2358 cd

173 2404 228 2467 hoc
250 2403 296 2466 alti·
316 2412 370 2465 uati
391 2404 457 2466 sedi
478 2403 662 2483 apostolicae
682 2403 827 2466 incumbit
848 2404 1021 2469 sollicitudo
1043 2413 1176 2467 carutium
1195 2405 1410 2481 ecclesiarum,
1437 2413 1473 2467 ut
1493 2427 1555 2468 orn-

172 2537 227 2578 nes
254 2510 313 2576 rub
338 2511 393 2576 atta
420 2522 448 2575 et
474 2522 505 2575 in
530 2512 585 2575 illo
613 2521 774 2591 uniuntur,
800 2522 829 2575 et
862 2521 929 2594 ipsu
952 2536 1010 2595 pro
1033 2515 1172 2576 carnibus
1199 2513 1332 2577 sollicita
1360 2522 1401 2576 ait
1428 2535 1558 2577 aerum

172 2631 323 2687 oculatam
342 2630 472 2702 spiritua
492 2630 525 2685 in
545 2602 667 2685 vinculo
688 2632 792 2704 parim
813 2626 928 2686 nonnisi
944 2626 1007 2686 eius
1021 2625 1156 2704 repetitio
1171 2623 1238 2685 lidei
1251 2625 1344 2686 videri
1359 2623 1455 2705 debet,
1478 2642 1556 2704 quae

172 2712 209 2796 ab
230 2735 300 2815 ipsis
323 2732 496 2795 christianae
518 2733 670 2816 religionis
691 2733 855 2813 primordiis
876 2732 983 2814 ubique
1005 2741 1149 2795 terrarum
1171 2734 1310 2795 resonuit.

279 2843 376 2917 Quare
397 2843 453 2903 nisi
476 2842 551 2904 torte
572 2845 630 2905 sint
656 2844 704 2924 qui
726 2841 870 2905 affirmare
892 2841 1006 2921 malint,
1034 2850 1089 2903 out
1111 2863 1279 2922 numquam
1305 2842 1484 2905 intellexisse
1504 2860 1555 2903 or-

172 2954 317 3019 thodoxos
339 2952 408 3033 quid
429 2952 600 3032 crederent,
632 2970 721 3033 quum
742 2951 897 3014 ecclesiam
928 2970 1014 3014 unam
1036 2970 1161 3032 eamque
1183 2951 1355 3015 catholicam
1377 2950 1554 3033 profiteban-

172 3074 233 3145 tur3
260 3072 315 3125 out
341 3063 375 3124 id
401 3060 494 3123 aliter
514 3060 694 3123 intellexisse
723 3080 758 3124 ac
780 3060 874 3124 ubivis
900 3069 929 3123 et
951 3060 987 3123 ab
1009 3062 1143 3125 omnibus
1165 3061 1312 3125 eeclesiae
1332 3062 1479 3142 magistris
1500 3080 1554 3122 ex-

173 3174 343 3254 plicaretur3
371 3178 552 3251 compertum
574 3189 643 3233 esse
664 3169 767 3247 debet,
788 3170 875 3231 lidem
898 3170 935 3231 de
956 3172 1079 3252 primatu
1100 3170 1190 3250 Petri,
1213 3171 1309 3251 deque
1330 3169 1434 3234 collata
1455 3170 1553 3232 eidem

173 3288 329 3363 potestate,
359 3299 416 3360 qua
439 3278 551 3340 visibile
572 3278 676 3342 Christi
697 3298 822 3361 regnum
844 3298 932 3343 unum
956 3280 1124 3345 efficeretur
1141 3288 1227 3362 atque
1251 3280 1441 3361 catholicum,
1467 3301 1554 3342 rour-

173 3412 243 3453 com
264 3409 333 3453 esse
355 3388 554 3471 symbolorum
575 3389 753 3468 prol'essioui
775 3407 831 3470 qua
858 3387 988 3451 ecclesio
1011 3412 1073 3452 urin
1101 3389 1263 3470 eademque
1290 3387 1438 3451 catholica
1459 3391 1553 3471 sigui-

174 3500 283 3562 licetur.

236 3694 298 3766 2το)
319 3693 403 3766 span.
425 3693 577 3751 cecatus
600 3664 633 3752 aa
654 3693 829 3750 merestonam
851 3695 957 3767 rapam.
