3358 5400
237 332 300 394 dli
755 328 887 394 utonis
926 327 1093 396 mistus

240 495 380 579 enesaplo
390 495 540 580 sectoque
560 505 669 562 auctor
689 520 724 562 es
744 506 781 562 ut
798 504 860 579 urst
875 504 967 562 duat
980 495 1093 561 ahud
1105 496 1237 561 lodutcts
1257 495 1369 562 rtttdru
1388 496 1616 562 wdttetsnturl

240 610 312 685 Quis
340 615 437 672 auum
463 606 546 672 hisce
566 608 671 672 auditis
690 626 751 672 non
772 610 911 691 suspiciat
931 614 1039 672 tantam
1060 606 1223 670 libertatern
1244 627 1315 671 cunr
1337 616 1426 672 unta
1445 613 1617 672 reverentia

191 704 195 711 ⁴
242 714 449 783 coniunctam?
477 716 667 799 reprehendit
695 736 768 782 sane
787 717 892 781 Paulus
910 716 1044 797 Petrum,
1077 717 1137 781 sed
1154 722 1252 797 δροίω
1273 714 1367 780 Petri
1385 725 1505 782 more
1525 726 1617 799 utque

242 835 447 895 auctorttute:
468 828 588 909 opponit
605 827 721 891 Petrum
743 827 838 911 Petro,
859 827 966 891 lacuum
987 826 1169 891 antecedens
1190 825 1267 890 lacto
1288 828 1490 910 consequenti,
1511 826 1617 890 lactura

245 940 368 1003 liberum
389 938 466 1004 lacto
486 939 688 1019 oeconomico,
708 943 906 1020 paternaeque
922 935 1156 1018 dispensationis,
1177 936 1266 1020 idque
1287 940 1453 1020 assequitur
1473 954 1534 1019 quo
1555 956 1619 1020 spe

242 1049 352 1131 ctahat,
374 1055 406 1111 ut
425 1048 682 1116 Petriinritatores
702 1047 916 1130 intelligerent,
939 1048 987 1111 vel
1007 1049 1155 1112 neminem
1176 1066 1262 1129 esse,
1284 1048 1333 1112 vel
1353 1048 1470 1111 Petrum
1492 1048 1619 1111 manime

242 1178 311 1224 esse
333 1159 382 1241 qui
403 1176 455 1221 sua
475 1160 662 1239 auctoritate,
684 1158 851 1240 agendique
867 1158 980 1222 ratione
1001 1158 1166 1221 libertatern
1183 1158 1316 1239 gentiunt
1336 1164 1475 1221 tuerettrr.

346 1267 429 1331 Unde
446 1267 517 1331 nihil
539 1267 682 1331 succurrit
702 1268 891 1349 opportunius
913 1284 999 1348 qum
1019 1266 1169 1348 prolixiori
1195 1267 1381 1349 disputationi
1406 1266 1616 1330 commentario

240 1378 409 1462 liioronpuri
425 1379 466 1413 ¹⁶¹
489 1377 606 1440 modurn
626 1393 747 1458 ponere.
790 1375 1024 1458 ,‚lndissolubili,
1045 1378 1153 1459 inquit,
1175 1384 1349 1460 argumento
1371 1377 1549 1459 constringit
1568 1375 1618 1438 l'e·

241 1498 332 1571 trun,
358 1489 418 1552 into
436 1507 493 1569 per
513 1483 646 1551 Petrum
667 1506 720 1549 eor
749 1487 799 1568 qui
824 1488 981 1568 pugnantia
1005 1485 1084 1551 illurn
1105 1488 1182 1552 inter
1201 1506 1235 1552 se
1257 1487 1357 1552 lacere
1376 1486 1537 1569 cogebant
1579 1485 1618 1567 Si,

241 1599 345 1681 iuquit,
374 1597 495 1661 ol'etre
522 1604 553 1660 tu
578 1604 679 1659 namra
705 1595 827 1659 iudaeus
855 1614 903 1677 es,
932 1597 1123 1660 circumcisos
1144 1617 1161 1661 a
1182 1616 1271 1680 parva
1291 1604 1401 1678 aetate,
1429 1604 1460 1661 et
1479 1598 1617 1660 miron

239 1709 316 1792 legis
336 1716 492 1791 praecepta
513 1706 689 1785 custodiens,
712 1724 791 1769 nunc
813 1705 852 1768 olr
876 1708 998 1788 gatiam
1020 1706 1125 1770 Christi
1145 1708 1204 1771 scis
1226 1725 1263 1771 ea
1283 1706 1355 1770 nilrll
1373 1725 1428 1789 per
1449 1725 1484 1769 se
1504 1705 1617 1769 habuc

239 1818 383 1898 utilitatis,
405 1817 459 1882 sed
483 1817 663 1898 exemplaria
684 1834 753 1879 esse
776 1824 807 1879 et
825 1817 970 1898 imagines
992 1815 1166 1895 munorum,
1188 1824 1219 1880 et
1239 1835 1306 1879 cnut
1324 1816 1369 1880 lris
1391 1818 1440 1899 qui
1461 1835 1500 1878 ex
1523 1815 1617 1898 genti

240 1928 295 1991 bus
317 1934 400 2009 sunt,
428 1927 525 1992 cibum
546 1927 642 2008 capis,
670 1944 854 2008 nequaquam
874 1932 907 1989 ut
927 1933 994 1989 ante
1015 1927 1235 2009 superstitiose,
1262 1926 1317 1990 sed
1336 1926 1431 1989 libere
1452 1932 1483 1988 et
1501 1923 1618 1988 indiffe-

236 2045 340 2103 renter
367 2038 513 2118 odimus,
541 2034 690 2119 quomodo
705 2040 748 2072 ¹⁶¹
772 2053 827 2100 eos
854 2037 903 2118 qui
925 2054 964 2099 er
984 2035 1122 2117 gentihus
1142 2036 1345 2118 crediderunt,
1371 2054 1449 2100 nunc
1470 2035 1618 2099 recedens

239 2147 276 2210 ab
296 2148 356 2229 eis,
385 2155 416 2211 et
442 2147 525 2228 quasi
551 2165 568 2208 a
590 2146 790 2208 contaminatis
811 2153 840 2208 te
861 2163 1002 2227 separans
1024 2152 1054 2208 et
1073 2164 1249 2225 secernens,
1277 2145 1429 2228 compellis
1447 2143 1619 2210 iudaizarei

241 2257 266 2318 si
288 2256 365 2319 erum
386 2253 526 2319 immundi
545 2261 612 2319 sunt
632 2274 649 2318 a
671 2254 774 2336 quibus
790 2254 922 2336 recedis,
953 2256 1064 2320 idcirco
1085 2263 1182 2319 autem
1201 2255 1319 2320 recedis
1339 2257 1407 2337 quia
1427 2274 1488 2320 non
1509 2256 1620 2321 habent

240 2366 520 2447 circumcisionem,¹
537 2363 690 2447 compellis
717 2382 771 2428 eos
791 2365 961 2429 circumcidi
983 2374 1014 2430 et
1034 2366 1157 2430 iudaeos
1177 2364 1257 2448 lieri,
1287 2384 1375 2447 quum
1395 2368 1512 2449 tuipse
1534 2375 1619 2433 uams

240 2474 361 2540 iudaeus
392 2475 542 2559 gentiliter
565 2476 684 2538 uaeris.
726 2473 763 2536 Et
788 2474 913 2537 latenter
941 2475 1069 2539 ostendit
1096 2494 1231 2550 causum
1260 2494 1351 2558 quare
1379 2476 1522 2539 sonus
1552 2495 1618 2541 eum

238 2585 442 2669 disputaverit,
465 2587 532 2667 quia
552 2584 666 2648 scilicet
684 2589 790 2665 gentes
812 2581 996 2648 simulatione
1016 2603 1069 2657 sua
1083 2588 1125 2620 ¹⁸³
1150 2586 1296 2651 iudaizare
1318 2585 1528 2669 compelleret,
1551 2586 1618 2650 duur

238 2713 306 2758 euru
327 2696 445 2778 cupiunt
466 2694 635 2759 acmulari“

304 2954 363 3030 ¹⁶¹)
393 2954 423 3011 lu
452 2970 549 3012 comm.
579 2953 613 3010 ad
639 2954 665 3010 lr.
686 2953 703 3010 Ι.
736 2953 903 3026 coungatur
950 2943 1059 3028 γνώμης
1078 2944 1097 3029 ἡ
1116 2953 1277 3031 παραίνεσις
1302 2944 1338 3031 ἦν
1362 2955 1409 3014 καὶ
1428 2947 1447 3033 ἡ
1466 2947 1620 3034 διόρθωσις

242 3063 448 3133 chrysostomus
464 3064 491 3118 in
506 3062 578 3118 hom.
598 3062 678 3117 toties
698 3062 791 3136 citata,
812 3077 838 3116 n.
855 3059 901 3116 tt.
951 3048 1038 3133 αὕτη,
1065 3050 1126 3117 ἄλλ’
1152 3052 1237 3129 αὐτός
1263 3052 1280 3119 ὁ
1303 3061 1414 3139 Πέτρος
1440 3053 1529 3129 οὕτως
1555 3057 1618 3139 ἔζη,

245 3170 380 3241 iuquiens:
406 3167 616 3245 „Animadverte
636 3169 812 3242 prudentiam.
844 3166 903 3223 llou
951 3163 998 3221 καὶ
1025 3160 1115 3223 ταῦτα
1134 3160 1205 3243 εἶχεν
1223 3166 1253 3225 is
1271 3164 1307 3246 τῇ
1326 3164 1407 3247 ψυχῇ
1424 3160 1461 3226 rei
1480 3160 1617 3245 δόγματα,
1666 3156 1667 3197 ³

241 3275 312 3332 dixit
337 3274 393 3349 illi,
421 3275 488 3331 male
515 3275 575 3346 agis
602 3274 663 3331 dum
691 3274 794 3330 iudaice
814 3274 899 3347 rivis,
951 3269 998 3327 sat
1017 3263 1122 3338 ἑκόντες
1136 3271 1183 3329 καὶ
1195 3264 1308 3341 ἄκοντες
1326 3265 1474 3352 ἡσύχαζον,
1495 3276 1617 3332 lauarero

241 3380 290 3438 sed
314 3383 430 3456 priorem
459 3382 516 3437 eius
543 3382 631 3453 arguit
656 3381 903 3438 concenationem:
952 3395 1030 3451 pura
1052 3380 1175 3455 audiunt,
1200 3395 1253 3436 nou
1273 3396 1334 3437 csse
1354 3399 1370 3438 e
1389 3382 1521 3438 sententia
1543 3381 1616 3437 Pauli

237 3477 295 3543 'lna
313 3480 353 3562 μὴ
373 3486 404 3543 da
422 3482 473 3558 τῆς
491 3477 610 3542 Παύλου
634 3477 743 3561 γνώμης
761 3477 779 3558 ἡ
800 3483 904 3562 παραί-
952 3484 1161 3542 admonitionem
1182 3487 1268 3561 illam,
1296 3490 1541 3562 correctionemre,
1569 3487 1617 3543 sed

241 3607 312 3658 crore
330 3591 377 3648 aul
397 3582 415 3665 ἡ
434 3583 583 3669 συμβουλή,
604 3582 665 3648 ἀλλ’
685 3592 715 3649 ἐκ
730 3587 780 3665 τῆς
792 3590 904 3667 Πέτρου
952 3593 1038 3664 ipsun
1057 3592 1162 3649 Petrum
1186 3594 1223 3650 ita
1242 3594 1335 3650 vivere
1354 3594 1479 3666 solitum,
1500 3600 1529 3650 et
1548 3593 1616 3650 lracc

240 3697 354 3775 spinam
376 3692 427 3771 τῆς
448 3688 503 3770 ἤδη
527 3704 698 3774 γεγενημένης
723 3694 904 3772 &mildae
952 3697 1079 3768 dogmata
1100 3700 1127 3755 iu
1148 3701 1237 3756 auium
1263 3699 1405 3775 lebuine,
1432 3700 1532 3761 velletd
1557 3699 1616 3756 nol·
1664 3654 1666 3771 4

241 3799 324 3880 δοκῇ,
351 3811 380 3860 ut
404 3818 457 3859 uon
482 3803 535 3859 iam
557 3820 591 3859 ex
611 3805 741 3861 sententia
761 3802 835 3860 Pauli
856 3802 904 3859 ed·
951 3802 1020 3878 lent,
1041 3805 1179 3876 quiescere
1198 3804 1374 3864 debuemnt.“

240 3911 353 3968 monitio
374 3915 402 3967 et
420 3910 567 3981 consilum,
588 3909 637 3965 sed
657 3926 690 3965 ex
708 3908 779 3965 Petri
799 3908 900 3966 iudicio
1013 3908 1073 3986 ¹⁶²)
1096 3910 1173 3983 legit
1192 3912 1281 3985 itaque
1302 3910 1478 3983 llieronynrus
1497 3925 1551 3967 uon
1571 3909 1614 3979 si,

240 4019 292 4077 hm
313 4032 441 4090 expresso
460 4016 582 4072 rideatur
601 4014 701 4071 inferri.
731 4015 796 4071 Natu
817 4016 902 4088 siqui·
948 4016 997 4072 sed
1017 4014 1086 4082 troie.

240 4123 301 4182 deta
322 4123 450 4197 (luisset,
478 4121 546 4178 male
565 4123 626 4193 agis
650 4121 711 4177 duna
735 4120 824 4193 legem
851 4121 900 4177 ob-
972 4196 976 4209 ,
1014 4121 1350 4197 ¹⁶³)0uacunriisqui
1371 4120 1501 4194 sublege
1521 4128 1611 4197 erant,

240 4246 351 4304 senas,
390 4227 622 4302 reprehendissent
652 4227 723 4283 Petri
758 4225 900 4299 discipuli:
947 4241 1002 4284 uon
1022 4228 1100 4285 slitor
1117 4234 1204 4285 unet
1222 4226 1336 4299 genbat
1355 4227 1425 4283 scri
1438 4242 1520 4284 onus
1541 4227 1612 4300 tegis

240 4333 313 4395 Nori
336 4331 368 4394 dl
391 4324 573 4404 (ἐγκαύσαντες,
598 4324 642 4392 ὅτι
661 4322 694 4390 οὗ
713 4327 763 4406 τῆς
781 4322 901 4390 Παύλου
948 4333 1008 4407 ipsa
1027 4349 1132 4407 quoquc
1151 4341 1322 4408 promereare.

800 4662 1036 4672 ———-—
