3324 5382
645 282 791 351 CAPUT
832 281 925 350 XV!-
1380 292 1385 301 '
1413 286 1473 349 ouo

89 453 139 537 qni
160 452 247 519 Petro
269 452 494 533 demandantur,
517 470 606 537 quum
626 453 667 518 illi
687 453 797 535 semel,
819 454 939 532 iterum,
960 453 1146 536 tertioque¹⁸
1170 450 1290 531 dieitur,
1318 448 1413 536 βάσκε
1434 453 1472 519 τοί

87 564 186 645 ἀρνία
206 585 287 646 μου,
310 572 354 645 et,
383 564 529 646 ποίμνινι
558 560 596 628 τοί
623 561 767 647 πράβατοί
789 568 872 645 pou?
906 580 1010 627 eorum
1030 584 1179 627 ονινατιτ
1199 570 1287 647 atqie
1308 562 1474 645 amplitudo

87 674 256 739 definienda
276 675 297 738 t
320 694 338 738 e
360 674 460 738 verbis
482 680 542 751 eat,
565 692 641 756 quae
662 673 751 738 lesus
771 681 898 756 usurpat
941 673 1034 737 Utitur
1054 682 1151 738 autem
1173 672 1304 756 infinitio
1324 672 1473 754 loquutio-

1 815 2 826 ι
85 782 191 861 nous,
210 779 250 848 κά
270 782 366 865 ἀρνία
384 805 458 866 μον,
480 783 519 848 τοί
542 780 686 864 πρόβατά
704 804 778 867 μου,
809 801 944 866 quaeque
964 782 1067 847 fideles
1086 786 1241 848 universos
1262 786 1326 848 sive
1349 786 1397 867 qni
1416 786 1474 848 iam

87 902 206 973 esseut,
243 894 307 957 sive
328 894 378 976 qni
399 901 499 957 essent
519 892 625 956 deinde
646 891 747 973 loturi,
780 910 836 957 suo
856 891 965 957 ambitu
986 892 1233 976 complectuntur:
1270 894 1365 958 nullus
1395 896 1474 958 enim

84 1004 135 1068 nel
158 1005 268 1084 exiiii,
290 1002 339 1066 vel
360 1004 499 1067 extiturus
520 1003 675 1086 aliquando
696 1011 761 1067 erat
781 1002 890 1083 tidelis,
914 1004 963 1085 qui
986 1020 1045 1066 non
1066 1004 1135 1067 item
1156 1005 1233 1068 intes
1253 1022 1359 1087 agnos,
1386 1022 1473 1087 oves·

1 1133 2 1228 ἒ
87 1134 147 1199 qne
169 1114 278 1183 Christi
299 1120 509 1177 numeraretur.

1 1319 2 1328 ¹
196 1250 352 1314 Praeterea
371 1249 404 1313 ll
427 1249 483 1314 alia
504 1267 624 1333 prorsus
648 1256 694 1312 est
714 1248 872 1312 verborum
895 1247 1075 1329 complexio,
1107 1268 1164 1331 qua
1186 1250 1217 1312 in
1239 1249 1394 1333 Scripturis
1416 1257 1473 1316 cir-

86 1338 340 1442 cumscriptionis
353 1358 571 1442 definitumque
591 1357 669 1422 οοίίσ
687 1358 877 1441 significatur.
920 1357 952 1421 ln
971 1346 1053 1422 Antis
1067 1364 1092 1395 ¹⁸
1116 1360 1194 1422 enim
1206 1359 1264 1423 -uhi
1283 1361 1320 1424 da
1337 1369 1475 1441 portiona-

86 1471 150 1537 lari
170 1492 267 1556 qreqe
286 1488 385 1534 sermo
407 1477 462 1550 est,
485 1470 605 1533 dieitur:
637 1466 813 1549 Προςάχετε
835 1459 894 1532 οὖν
913 1472 1053 1544 ἑαυτοῖς,
1076 1468 1129 1531 καί
1150 1470 1243 1532 παντὶ
1262 1473 1309 1552 aqi
1330 1472 1474 1553 ποιμνίῳ,
1549 1544 1552 1550 ,

86 1573 165 1665 loq}
185 1578 269 1662 ὑμᾶς
291 1577 326 1643 τὸ
346 1582 475 1662 πνεῦμα7
491 1577 526 1642 τὸ
548 1574 641 1660 alyne
662 1577 759 1642 ίβιτο
785 1570 990 1652 ἐπισκόπους,
1027 1577 1204 1658 ποιμαίνειν
1229 1576 1284 1657 nlo
1312 1579 1477 1679 ἐκκλησίαν

1 1741 2 1750 ,
88 1695 145 1756 τοῦ
166 1690 268 1755 deod:
306 1698 335 1753 ei
361 1688 437 1773 opud
465 1689 581 1754 Petrum
595 1695 642 1749 ¹⁷³
679 1687 869 1769 Ποιμάνατε
897 1687 932 1751 τὸ
959 1693 992 1751 ἐν
1020 1684 1096 1767 ὑμῖν
1124 1688 1271 1771 ποίμνιον
1300 1692 1358 1752 τοῦ
1382 1687 1475 1764 θεοῦ,
1561 1684 1565 1692 ’

86 1803 336 1873 ἐπισκοποῦντες
356 1792 399 1881 μή
420 1796 648 1878 ἀναγκαστῶς,
683 1796 753 1861 ἀλλ’
781 1798 942 1873 ἑκουσίας.
985 1796 1169 1861 Ρνηίοιιίντίε
1195 1800 1283 1881 igitur
1312 1817 1387 1880 grex
1416 1816 1475 1862 non

88 1912 238 1995 ποίμνιον
258 1907 411 1985 absolate,
446 1907 700 1989 simpliciterque,
737 1926 835 1990 neque
854 1906 988 1970 absolute
1007 1924 1043 1969 ac
1064 1907 1235 1990 simpliciter
1254 1910 1400 1989 ποίμνιον
1417 1909 1477 1987 ιτοῦ

89 2021 183 2097 θεοῦ,
209 2040 309 2085 νοτίοιο
331 2027 380 2084 aut
400 2018 556 2099 ποίμνιον,
578 2023 612 2082 lv
633 2009 662 2102 qi
683 2014 767 2100 ἀμοῖς
787 2021 822 2081 τὸ
844 2019 965 2098 πνεῦμα
986 2013 1022 2079 τὸ
1044 2012 1138 2096 ἅγιον
1159 2016 1255 2081 ἔθετο
1276 2018 1474 2094 ἐπισκόπους,

88 2141 137 2196 ant
162 2131 200 2194 τὸ
226 2135 260 2194 ἐν
288 2127 364 2212 ὑμῖν
390 2129 534 2211 ποίμνιον
561 2135 752 2210 nuncupatur.
795 2126 870 2190 Dum
898 2143 970 2190 vero
998 2126 1128 2191 Christus
1161 2127 1277 2192 Petrum
1310 2129 1473 2212 alloquitur,

90 2242 241 2324 ποίμνιον
254 2240 295 2304 illi
310 2239 403 2304 credit
416 2237 564 2315 σάτοίνίι,
582 2235 825 2317 τίινμίίσίίενραι,
841 2234 996 2317 nullisque
1008 2234 1101 2316 plane
1114 2237 1298 2302 adstrictum
1313 2235 1476 2301 limitibus.-

1 2395 2 2416 ι
89 2350 185 2434 βάσκε
208 2347 246 2415 τοί
269 2348 363 2431 ἀρνία
382 2370 456 2430 μου,
481 2349 626 2431 ποίμαινε
647 2342 688 2413 τοί
711 2345 855 2429 πρόβατά
875 2370 947 2430 μον.
990 2349 1151 2412 Universos
1175 2348 1264 2430 igitur
1283 2347 1476 2430 singulosque

90 2460 194 2525 fideles
218 2460 294 2523 illins
315 2478 418 2537 curae,
446 2460 640 2540 potestatique
663 2457 793 2522 Christus
818 2458 952 2522 subiecit.
995 2458 1074 2521 Inter
1093 2454 1196 2520 lideles
1214 2475 1286 2520 vero
1308 2458 1365 2520 iam
1386 2457 1477 2521 eolle-

1 2653 2 2660 ἵ
91 2578 155 2636 ctos
177 2569 346 2634 eminebant
372 2567 512 2653 apostuli3
547 2566 628 2649 ipsos
660 2585 734 2651 erqo
766 2567 914 2650 apostolos
933 2568 1020 2633 Petro
1048 2565 1216 2649 regendos,
1253 2567 1477 2649 pascendosque

1 2679 2 2694 ¹
91 2681 248 2745 commisit

199 2816 260 2889 Qua
282 2815 320 2878 de
341 2832 375 2878 re
396 2812 443 2876 ΙΙΙ.
465 2830 553 2877 nemo
574 2813 704 2897 ambigat
723 2814 772 2896 qni
793 2813 934 2905 memoria
955 2811 1082 2889 recolat,
1119 2812 1255 2875 eumden
1280 2833 1350 2874 eane
1372 2821 1478 2876 eatan-

91 2934 208 2991 sionem
228 2943 351 3003 vocum,
387 2917 427 2987 τιί
454 2920 548 3004 ἀρνία
577 2945 658 3005 μον,
693 2921 732 2989 τοί
761 2921 907 3005 πράβατοί
935 2943 1016 3001 μου,
1053 2929 1083 2985 et
1096 2926 1123 2957 ¹⁸
1147 2915 1202 2997 τήν
1221 2921 1386 2998 ἐκκλησίαν
1405 2943 1477 3004 μον.

92 3035 152 3101 Sed
174 3034 368 3117 appellatione
390 3030 538 3096 eeclesiae
561 3054 646 3097 meae
667 3049 771 3096 omnes
792 3034 928 3112 omnino,
966 3051 1002 3096 ao
1029 3032 1084 3114 ipsi
1112 3049 1231 3114 quoque
1253 3031 1378 3113 apostoli
1397 3050 1478 3094 oom-

1 3221 2 3250 1
92 3143 320 3228 prehenduntur.
365 3142 618 3218 Quemadmodum
646 3144 736 3226 igitur
760 3160 905 3205 unacum
929 3144 1037 3206 ueteris
1058 3148 1118 3220 ipat
1137 3148 1229 3204 etiam
1250 3139 1380 3221 apostoli
1398 3142 1478 3205 aedi-

1 3281 2 3316 :
92 3255 197 3320 lioandi
226 3272 316 3337 super
336 3252 451 3316 Petrum
484 3259 585 3334 erant3
620 3254 659 3316 ita
687 3270 744 3315 nna
773 3270 839 3315 enm
869 3253 976 3315 celeris
1007 3258 1067 3331 ipsi
1098 3271 1227 3330 quoque.
1242 3249 1372 3330 apostoli
1392 3251 1478 3314 Petro

93 3366 228 3449 regendi,
250 3363 449 3447 pascendique
470 3362 629 3425 traduntur.

201 3500 278 3566 Sane
300 3499 346 3562 IV.
365 3497 444 3580 quod
459 3498 589 3563 Christus
610 3498 696 3562 Petro
713 3499 886 3577 iniunxerat,
909 3497 973 3560 eius
994 3513 1064 3559 cura
1085 3494 1247 3577 studiisque
1261 3502 1287 3534 ¹⁹
1313 3494 1479 3577 aliqnando

94 3609 286 3693 implendum,
322 3608 474 3689 inquiens:
511 3609 562 3672 καί
591 3606 630 3671 σύ
657 3628 733 3670 ποτε
753 3610 943 3689 ἐπιστρέψας
965 3602 1108 3685 σιήριξον
1128 3599 1202 3680 τούς
1222 3602 1382 3690 ἀδελφούς
1404 3624 1479 3670 ooo:

94 3719 217 3804 idipsum
239 3719 378 3800 inmugit,
413 3737 450 3781 ao
475 3726 594 3799 tempato
619 3715 763 3798 implendi
782 3714 880 3801 oflicii
901 3722 963 3779 ίαπι
982 3714 1144 3777 aduenisse
1165 3713 1318 3791 declarat,
1350 3716 1477 3780 addens:

94 3828 188 3910 βάσκε
209 3827 248 3892 τά
268 3826 364 3908 ἀρνία
385 3847 462 3908 μον,
496 3828 642 3908 ποίμαινε
669 3822 709 3892 τοί
731 3825 875 3909 πρόβατά
895 3846 968 3907 μον.
1012 3823 1193 3906 Quamquam
1214 3826 1292 3888 enim
1315 3826 1405 3889 multo
1426 3845 1476 3906 pa-

93 3944 152 4002 teat
172 3939 274 4018 laius,
300 3936 391 4020 'quod
410 3937 509 4001 verbis
535 3934 659 4020 βόσκειν
680 3934 945 4017 καὶποιμαίνειν,
983 3952 1070 4016 quam
1100 3933 1179 4015 quod
1206 3933 1297 3997 verbo
1327 3931 1478 4016 πορίζειν

96 4046 230 4128 offertum
265 4047 452 4110 nihilominus
467 4045 502 4109 τὸ
523 4042 675 4126 στηρίζειν
695 4046 856 4126 prinoipem
878 4046 1007 4108 continet
1027 4051 1139 4125 panem
1160 4042 1237 4107 illins
1258 4042 1363 4123 officii,
1399 4045 1476 4126 quud

95 4154 219 4238 βόσκειν
248 4157 301 4219 καὶ
329 4156 504 4237 ποιμαίνειν
531 4154 703 4239 significant
746 4154 794 4217 Ad
819 4173 973 4217 nnmerum
999 4155 1088 4237 igitur
1112 4154 1175 4217 τῶν
1200 4152 1321 4235 ἀρνίων
1340 4154 1394 4217 καὶ
1413 4156 1477 4218 τῶν

97 4263 266 4347 προβάτων
287 4286 350 4347 μον
373 4266 393 4327 ii
414 4283 531 4348 quoque
552 4266 706 4350 peninent,
729 4266 777 4347 qni
798 4259 936 4349 ἀδελφοί
954 4281 1012 4327 σου
1026 4271 1237 4347 nuncupentur.
1274 4262 1477 4346 Appellatione
1517 4306 1523 4319 ·

97 4383 193 4438 antem
215 4377 279 4438 τοῖν
300 4372 451 4460 ἀδελφῶν
471 4393 530 4439 σον
555 4377 609 4459 ipsi
638 4373 765 4457 ἀμέσος
794 4374 917 4458 apostoli
944 4373 1145 4437 ostenduntur.
1196 4373 1247 4440 Sio
1275 4392 1348 4456 ergo
1374 4373 1475 4438 fideles

99 4486 190 4548 ceteri
211 4492 317 4562 ονίαιιι,
338 4505 545 4568 nqnoaumqoa
566 4490 744 4548 extantque
765 4482 1061 4565 comprehenduntur,
1083 4491 1115 4546 ut
1133 4486 1188 4567 ipsi
1203 4485 1332 4566 inprimis
1352 4484 1475 4566 apostoli

99 4594 302 4676 comprehensi
323 4595 481 4659 existimari
503 4593 636 4659 debeant.

164 4805 546 4883 mmmmme
877 4805 1192 4879 *mmmm

165 4913 437 4986 mmmm

165 5018 435 5097 mmmm.
878 5015 1173 5091 mmmma
