3374 5388
214 258 276 318 tm
705 252 837 319 muttit
877 251 1114 321 SECUNDU!

213 423 376 507 prophetae
391 426 419 458 ⁵²
436 421 541 486 Amosi
562 421 653 487 verita
667 423 705 486 ad
724 430 859 506 tempora
872 422 1003 487 llossiae
1023 422 1259 487 accommodarit
1271 440 1297 489 s.
1312 421 1451 503 lacobus,
1474 441 1550 505 quaa
1563 424 1601 488 da

215 530 328 613 templo
349 531 416 613 illos
437 531 618 595 intellexisse
638 534 687 615 qui
708 532 792 596 locus
815 542 881 596 erat
900 530 1100 596 tabenaculo
1117 532 1289 616 recipiendo
1310 531 1347 596 alr
1368 533 1434 614 ipso
1453 530 1601 596 θεῶν·

214 643 385 721 destinatus,
409 649 455 705 est
474 660 547 705 sane
561 642 732 705 verisimile.
775 642 808 705 ll.
830 641 952 716 Quoties
967 642 1005 706 de
1019 640 1123 722 tempii
1138 640 1388 725 reaedificatione
1401 642 1559 723 loquuntur
1572 647 1597 677 '⁴

215 760 333 816 veteres
353 751 533 833 prophetae,
556 752 594 813 itu
608 749 685 814 illam
709 749 917 832 utplurimum
939 749 1073 827 efferunt,
1092 760 1125 815 ut
1146 754 1183 816 de
1197 751 1414 835 fundamentis
1435 753 1499 815 eiua
1521 771 1601 816 meu·

215 865 325 925 tionem
349 861 463 941 iaciant,
485 860 564 923 unde
584 859 669 923 lacile
692 869 756 924 erat
775 868 808 923 ut
821 859 1012 943 colligerent,
1045 862 1184 944 aprinis
1204 862 1299 944 usque
1320 861 1517 926 fundamentis
1538 861 1600 926 lore

214 971 279 1035 eius
307 972 361 1034 suh
387 970 497 1034 llessia
524 971 777 1033 restaurationem.
822 969 862 1032 lta
888 971 1022 1035 uidemus
1048 990 1137 1053 quam
1165 979 1232 1053 apte
1260 972 1299 1036 de
1328 971 1523 1036 &ndumentis
1553 990 1602 1035 ec·

215 1081 326 1144 clesiae
349 1080 493 1163 ponendis
522 1080 687 1144 meminerit
709 1079 851 1145 Salvator.
881 1080 926 1143 lll
957 1080 1069 1145 Tamen
1101 1080 1246 1160 ternplum
1273 1081 1332 1145 hoc
1359 1077 1517 1160 natue,
1544 1099 1601 1145 uon

214 1190 323 1254 literae
347 1198 420 1270 erat,
441 1191 495 1253 sed
516 1197 687 1272 mysticum,
709 1198 740 1253 et
759 1190 878 1272 qnidam
899 1197 1003 1254 uicum
1023 1190 1110 1271 illud,
1138 1200 1170 1254 ut
1191 1209 1208 1254 a
1230 1190 1340 1272 templo
1358 1190 1410 1254 illo
1430 1190 1601 1254 iuducorun

214 1303 272 1363 vitu
292 1300 430 1364 destituto
450 1301 689 1382 distingueretur,
712 1302 819 1382 quippe
840 1299 920 1382 quod
935 1297 996 1363 Ilei
1016 1301 1104 1363 etiam
1126 1306 1188 1362 stoi
1209 1307 1255 1364 est
1267 1299 1418 1382 templum,
1441 1318 1500 1382 quo
1520 1301 1602 1364 titulo

214 1410 294 1475 Deus
321 1410 494 1474 iudaeorum
521 1430 538 1474 a
569 1414 700 1494 gentium
720 1410 807 1474 idolis
834 1412 865 1473 in
885 1411 920 1473 V.
951 1410 984 1473 Τ.
1013 1409 1207 1492 distinguitur.
1250 1407 1317 1473 Non
1337 1410 1428 1492 igitur
1448 1408 1601 1490 lapididus

213 1520 267 1583 sed
286 1526 430 1600 mannis
452 1528 567 1584 constat
586 1519 786 1586 hocllessiae
806 1521 956 1603 templum.
998 1517 1268 1601 superaedificati,
1291 1520 1421 1601 inquit⁵³
1445 1519 1603 1603 apostolus

213 1650 308 1709 super
322 1628 562 1714 fundumentum
582 1629 791 1711 apostolorum
810 1639 840 1694 et
858 1627 1085 1711 prophetorum,
1108 1637 1175 1710 ipso
1195 1649 1314 1692 summo
1333 1628 1482 1714 anpulurt
1501 1628 1604 1710 lapide

213 1736 297 1802 Jesu
312 1737 454 1803 Christo.-
474 1746 507 1802 in
527 1760 587 1819 quo
607 1748 704 1804 namus
718 1738 894 1822 aedificatio
914 1746 1092 1803 constructa
1113 1747 1224 1803 crescit
1245 1746 1277 1803 in
1293 1738 1438 1821 tenplum
1459 1748 1603 1804 sumtum

215 1856 248 1912 in
270 1849 410 1914 Domitio.
453 1846 493 1912 ln
523 1871 581 1930 quo
607 1857 636 1912 et
663 1871 716 1911 voa
749 1847 992 1932 coaedificamini
1023 1855 1056 1912 in
1082 1846 1293 1914 idiomatum
1324 1847 1385 1914 Dei
1417 1856 1450 1913 in
1478 1847 1600 1931 Spiritu

213 1969 331 2024 sancto.
374 1960 422 2024 lv.
447 1960 537 2041 lgitur
557 1977 624 2022 cum
645 1958 703 2022 hoc
722 1959 817 2041 ipsum
838 1959 978 2042 templum
999 1966 1176 2038 eperaumt'u
1198 1967 1323 2040 constet,
1353 1977 1414 2023 non
1435 1967 1483 2022 est
1502 1960 1603 2041 utique

213 2069 376 2133 mirandum
397 2070 423 2131 si
436 2067 679 2153 fundamentum
698 2067 806 2151 habeat
826 2069 927 2132 itidem
947 2088 1122 2149 personam,
1144 2070 1288 2133 necdum
1309 2070 1474 2133 ufitmmodi
1494 2069 1604 2133 locutio

213 2178 415 2257 existimanda,
437 2177 492 2241 sed
507 2179 635 2262 genuina
649 2179 754 2260 potius,
776 2179 881 2260 reique
896 2179 950 2259 ipsi
964 2178 1276 2243 accommodatissima.
1320 2179 1355 2241 V.
1377 2179 1410 2242 ln
1424 2178 1485 2243 lroc
1504 2188 1603 2244 tamea

214 2289 315 2370 tempii
339 2288 426 2351 huius
457 2287 631 2369 mutuatis
661 2310 682 2350 o
709 2285 866 2351 materiali
890 2287 1007 2351 diversa
1039 2297 1084 2351 est
1107 2288 1198 2367 ratio,
1232 2288 1311 2370 quod
1339 2307 1406 2351 cum
1434 2290 1601 2354 aediliciam
1664 2342 1665 2367 ,

215 2398 364 2462 materiate
381 2396 524 2477 moruus
552 2401 658 2462 nutu
678 2395 834 2477 lapsuum
848 2394 1157 2481 fondamentum,
1185 2397 1335 2479 mutuato
1363 2406 1492 2462 aneon
1523 2399 1606 2463 unm
1664 2386 1665 2461 l

214 2515 292 2571 unat
311 2507 426 2585 lrabeat,
448 2510 563 2591 quoties
585 2508 622 2572 de
643 2515 737 2570 unica
750 2508 898 2571 dumtaxat
912 2507 1079 2589 Scripturae
1094 2506 1251 2588 loquuntur
1265 2509 1292 2543 ⁵⁶
1316 2506 1456 2573 ecclesia.
1495 2505 1605 2572 'Petrae
1664 2542 1665 2549 .

215 2616 353 2697 equidem
378 2635 482 2681 vocem
497 2619 606 2699 pariter
626 2637 662 2681 ac
676 2598 864 2698 ne‘tpov'pro
885 2615 1016 2697 quolibet
1034 2636 1120 2680 rouo
1132 2615 1257 2699 intelligi
1276 2635 1366 2698 posse
1382 2617 1487 2683 fateor.
1531 2620 1604 2682 Otuu

215 2745 286 2789 vero
309 2727 346 2789 de
370 2726 494 2800 aedilicii
507 2726 715 2809 fundamento
733 2734 898 2807 osmpamr,
921 2733 952 2788 ut
968 2730 995 2761 ⁵⁷
1020 2727 1086 2790 eius
1107 2725 1271 2789 firmitatem
1293 2726 1422 2808 denotet
1444 2736 1506 2792 tum
1530 2746 1603 2791 vero

212 2858 309 2900 tenum
337 2844 515 2901 conminuunt
534 2859 653 2902 aueum
671 2837 893 2918 intelligendum
913 2854 982 2900 esse
1004 2836 1168 2912 contendo,
1195 2822 1313 2918 qttundo
1341 2839 1479 2901 nimirum
1506 2836 1607 2902 satan

213 2948 307 3028 ipsum
329 2965 390 3010 non
410 2947 487 3010 aliud
504 2955 550 3011 est
570 2966 657 3029 quarn
680 2967 821 3010 awemn.
865 2947 905 3010 lta
924 2954 1033 3027 petrae
1052 2964 1110 3029 von
1130 2945 1189 3009 lroc
1210 2948 1239 3010 in
1260 2946 1327 3010 loco
1342 2947 1515 3030 intelligitur
1536 2966 1605 3011 mn

213 3056 347 3137 apostolo
361 3057 504 3137 tribuitur,
526 3064 558 3120 ut
570 3057 694 3139 proinde
715 3055 788 3121 altis
809 3055 907 3119 locum
929 3074 989 3119 uon
1011 3056 1158 3137 relinquat
1171 3062 1223 3119 sut
1243 3056 1372 3136 ordinis,
1393 3075 1433 3121 ne
1454 3057 1604 3138 apostolis

214 3165 342 3246 quidem.
385 3167 426 3230 lta
444 3166 530 3229 etiam
551 3163 631 3245 lupis
653 3165 815 3250 copularis
836 3164 1044 3248 intelligendus
1059 3154 1119 3228 est.
1163 3164 1347 3246 Quamquam
1367 3167 1447 3229 enim
1469 3168 1501 3229 in
1520 3167 1604 3230 aeut·

213 3276 280 3339 ticio
302 3275 444 3339 materiali
462 3273 568 3356 plures
589 3277 648 3339 sint
668 3276 780 3358 lapides
801 3275 974 3357 angularem
1000 3282 1030 3337 at
1057 3292 1115 3357 qno
1136 3292 1227 3338 sensu
1246 3272 1372 3338 Domino
1394 3273 1546 3355 tribuitur,
1575 3277 1604 3338 in
1664 3264 1665 3353 l

213 3385 347 3448 aediicio
369 3385 508 3467 spirituali
529 3379 641 3448 certum
662 3393 708 3448 est
726 3384 833 3466 plures
861 3402 930 3448 esse
961 3401 1022 3447 non
1043 3401 1143 3464 posse.
1186 3383 1234 3446 lli.
1256 3383 1348 3466 lqittu
1374 3385 1452 3447 siin
1472 3385 1532 3449 lroc
1552 3404 1604 3450 ee-

214 3494 323 3557 clesiae
344 3502 414 3577 typo
435 3504 553 3576 praeter
564 3493 807 3581 fundumentum
833 3491 1003 3571 invisibile,
1035 3495 1128 3575 ipsum
1150 3494 1286 3557 nimirum
1310 3492 1486 3575 Dominum,
1517 3496 1606 3560 luerit

215 3611 366 3685 praeterea
394 3604 473 3697 aliud
499 3603 634 3686 umido,
667 3602 867 3681 umanum,
889 3610 919 3667 et
946 3602 1064 3685 quidem
1090 3602 1160 3665 illud
1193 3603 1286 3685 ipsum
1314 3621 1434 3686 quoque
1458 3613 1605 3685 unicam

213 3715 346 3795 sequitur
372 3721 403 3777 et
432 3720 466 3777 in
493 3713 626 3800 sinpulto
650 3712 788 3779 ecclesiia
815 3719 963 3796 antitypia
991 3713 1110 3795 praeter
1135 3710 1280 3777 Christum
1310 3712 1389 3777 aliud
1416 3733 1487 3778 esse
1516 3718 1605 3779 etiam

214 3824 432 3888 fundamentum
447 3824 561 3887 visibile
583 3832 614 3887 et
626 3824 794 3903 humanum,
815 3825 983 3906 pariterque
998 3824 1126 3900 unicum,
1146 3821 1226 3903 quod
1246 3839 1307 3885 non
1325 3822 1405 3886 aliud
1418 3843 1490 3890 csse
1511 3828 1605 3907 potuit

215 3953 303 4016 quarn
324 3936 513 4017 episcopus.“
798 3946 800 3949 ·
1048 3940 1050 3945 ’
1101 3994 1105 3999 ,

321 4049 370 4106 et.
414 4042 495 4117 Quae
522 4043 640 4124 quidem
668 4045 765 4107 onroia
789 4061 885 4125 neque
911 4051 989 4106 tantu
1010 4061 1098 4122 cura,
1130 4060 1229 4125 neque
1258 4046 1336 4106 tanta
1363 4042 1533 4125 prolixitate
1555 4044 1606 4109 ‹le-

214 4153 408 4234 scripsissem,
431 4153 485 4215 nisi
500 4138 652 4233 quoddam
665 4154 753 4216 veluti
767 4154 879 4234 ingenii
901 4152 1001 4215 iumen
1014 4151 1170 4234 referrent,
1192 4152 1341 4235 multaque
1358 4154 1402 4215 rei
1417 4152 1609 4218 illustrandae

278 4354 323 4427 ³¹)
345 4352 496 4421 tnosytx.
519 4352 566 4410 tl.
933 4355 970 4410 sit
990 4355 1130 4426 mysticum
1150 4355 1249 4412 Christi
1270 4368 1385 4430 corpur3
1405 4357 1476 4413 atsi
1496 4354 1608 4428 quaudo

278 4486 322 4561 ss)
344 4485 494 4559 [12me
517 4484 602 4542 XVII,
626 4484 650 4541 p·
798 4472 801 4475 ·
825 4508 829 4517 .
932 4461 1046 4534 plurium
1067 4467 1191 4518 metuam
1212 4462 1376 4518 mentionem
1403 4460 1547 4537 iuilcimt,
1574 4462 1607 4517 il-

933 4565 1027 4640 losque
1046 4568 1180 4624 eeclmiaa
1200 4568 1278 4624 titulo
1299 4572 1440 4641 exommt,
1460 4583 1515 4624 nou
1530 4567 1608 4624 aliter

766 4736 769 4741 ,
933 4688 984 4729 eoa
1004 4672 1132 4737 exitium
1146 4690 1178 4729 ac
1192 4673 1311 4731 menbra
1330 4673 1410 4730 unius
1430 4673 1607 4747 eiusdemque

278 4750 323 4824 ⁵⁵)
342 4750 441 4823 Ephffl·
462 4750 497 4833 [Ῑ.Ι
517 4747 743 4807 20-21-22.
792 4796 795 4801 .
933 4780 1073 4854 nomin,
1099 4780 1172 4853 quod
1192 4794 1246 4836 m
1265 4778 1414 4852 me
1435 4785 1491 4837 m
1510 4781 1607 4837 ''v-2

280 4879 325 4954 ⁵⁶)
351 4880 432 4953 Atqui
457 4880 578 4955 nuspiam
600 4882 755 4954 Sciipturae
776 4882 885 4954 loquum·
935 4884 982 4942 otti
1003 4901 1082 4958 quarn
1102 4887 1204 4944 visibili
1225 4887 1313 4961 capito
1332 4893 1449 4958 reustum

219 4991 260 5040 tor
283 4985 335 5040 nisi
364 4986 397 5040 de
423 4989 499 5044 troica
521 4986 650 5059 eeclesia,
680 4992 758 5059 quim
780 4989 882 5045 uuicum
997 4993 1041 5066 ⁵³)
1062 4993 1152 5051 naut.
1168 4994 1226 5051 Vll.
1241 4993 1374 5067 ut-ts,
1396 4992 1459 5052 lure.
1473 4994 1519 5051 il.
1534 4994 1581 5051 tu.

279 4616 324 4693 Η)
345 4618 379 4673 la.
401 4617 492 4675 xilv.
513 4617 567 4692 28,
591 4618 690 4674 lenem.
710 4616 793 4699 xxx.
817 4616 863 4674 ta.
