3266 5416
194 112 238 173 dd
712 106 845 171 LIBER
884 106 1050 175 Pontus

200 278 303 361 gregis
323 276 478 359 pascendi,
507 275 611 341 batres
633 276 836 358 confirmandi,
862 285 982 360 totoque
1003 277 1076 342 orbe
1095 276 1204 361 ligandi
1226 295 1261 341 ac
1280 273 1413 341 soluendi
1431 293 1581 339 mmmam

202 407 320 468 curam,
350 388 607 469 auctoritatemque
634 391 665 452 in
691 405 881 451 successores
903 392 912 421 ⁴
946 389 1025 451 omni
1055 405 1129 451 aevo
1154 387 1372 471 propagandam
1398 387 1581 468 susciperet,

203 498 312 582 dopmo
332 494 514 560 catholicum
534 519 614 573 eoae,
635 498 713 580 quod
735 516 787 560 ore
807 496 911 560 Christi
931 505 1082 579 acceptum
1095 502 1126 574 ⁵,
1149 499 1271 578 perenni
1291 497 1405 560 Petrum
1426 495 1584 577 praedica

203 610 282 670 tione
303 604 438 670 traditum
460 625 496 669 ac
518 606 687 690 delensum,
714 608 841 670 ecclesia
867 608 1005 669 uniuersa
1033 608 1112 671 omni
1133 615 1228 670 aetate
1249 608 1431 671 sanctissime
1451 606 1584 673 retinuit

203 719 378 799 saepiusque
408 715 549 779 adversus
576 725 748 781 novatorum
776 734 894 780 errores
921 734 1099 780 summorum
1123 716 1302 798 pontificum,
1330 715 1584 796 conciliorumque

206 826 332 890 decretis
361 824 549 889 confirmavit.
591 825 623 888 ln
648 825 706 889 hoc
736 824 913 907 apostolicae
941 825 1097 890 cathedrae
1122 828 1282 909 principatu
1308 826 1422 888 lirmum
1449 823 1583 887 voluisse

205 936 365 1017 Christum,
394 937 640 1018 constrictumque
668 936 761 998 teneri
782 936 898 997 umtatis
919 936 1080 1017 unctulum,
1109 954 1167 1017 quo
1189 936 1314 1001 ecclesia
1335 955 1389 1019 per
1409 936 1581 998 universum

203 1044 342 1107 mundum
369 1044 573 1126 propaganda,
604 1064 643 1108 ex
657 1024 807 1108 'membris
835 1053 1098 1128 quantumcumque
1126 1046 1246 1127 dissitis,
1275 1054 1372 1110 mutua
1393 1045 1526 1108 omnium
1554 1045 1580 1106 ic

205 1173 263 1217 uno
291 1155 384 1236 capite
415 1154 633 1219 consociatione
661 1159 690 1220 in
719 1177 804 1221 unam
834 1156 966 1239 corporis
995 1174 1168 1239 compagem
1204 1156 1400 1236 coalesceret,
1435 1155 1579 1236 lieretque
1622 1138 1623 1141 ¹

205 1265 297 1347 adeo,
326 1274 356 1328 ut
376 1264 461 1326 huius
481 1265 526 1326 vis
547 1268 697 1347 potestatis
718 1287 777 1330 non
797 1275 906 1331 tantum
928 1266 1096 1347 adprimae
1117 1266 1196 1329 sedis
1217 1267 1446 1350 amplitudinem,
1478 1263 1535 1328 sed
1553 1272 1580 1325 ct

205 1375 331 1437 maxime
354 1374 391 1437 ad
412 1377 544 1457 corporis
564 1378 651 1439 totius
672 1378 882 1459 integritatem,
905 1374 1189 1458 incolumitatemque
1210 1376 1330 1439 valeret
1372 1375 1492 1438 Minime
1514 1391 1578 1455 prb

204 1483 273 1547 inde
303 1485 407 1547 mirum
434 1492 575 1567 quotquot
601 1486 735 1549 omnihus
761 1494 841 1550 retro
863 1485 989 1551 saeculis
1012 1488 1150 1567 extitere,
1179 1486 1282 1569 quibus
1303 1487 1436 1567 antiquus
1462 1483 1578 1545 hummi

205 1595 325 1679 generis
346 1594 438 1659 hostis
464 1595 569 1659 hostile
591 1614 676 1659 suum
697 1597 727 1657 in
748 1595 905 1658 ecclesiam
926 1595 1024 1659 odium
1045 1596 1161 1676 inludit,
1189 1598 1219 1658 in
1237 1595 1313 1659 hanc
1333 1596 1456 1677 primam
1477 1592 1577 1655 sedem
1622 1630 1623 1655 t

205 1707 319 1768 irruere
340 1707 547 1786 consuevisse,
569 1723 626 1786 qua
646 1705 761 1767 unitatis
782 1704 901 1768 firmitas
922 1707 1103 1785 continetur,
1124 1714 1156 1768 ut
1176 1705 1312 1786 disiecto,
1340 1705 1366 1768 si
1384 1702 1450 1767 fieri
1468 1708 1577 1784 posset

207 1814 394 1878 hundamento
417 1834 452 1878 ac
467 1815 608 1896 dirempta
623 1813 814 1877 ecclesiarum
829 1833 896 1877 cum
910 1814 1003 1897 capite
1025 1816 1237 1895 coniunctione,
1260 1833 1316 1896 qua
1337 1814 1521 1896 potissimum
1541 1812 1578 1873 ni

206 1931 318 2004 tuntur,
345 1925 447 2006 vigent
467 1942 503 1986 ac
524 1922 727 2004 efflorescunt,
755 1924 908 2006 ipsammet
928 1924 1100 2004 ecclesiam,
1127 1923 1225 1987 fractis
1247 1923 1356 1987 viribus
1379 1925 1490 1986 misere
1513 1921 1578 1985 atui·

207 2041 283 2097 ctam
304 2053 339 2097 ac
360 2034 556 2114 dilaceratam,
577 2032 710 2096 libertate
731 2032 898 2114 spoliarent,
920 2051 977 2115 qua
998 2033 1127 2097 Christus
1148 2053 1215 2098 eam
1236 2034 1363 2114 donavit,
1384 2032 1578 2116 indignaequt

207 2145 337 2207 servituti
359 2143 560 2207 addicerent“

275 2301 281 2309 .
317 2259 363 2315 tt.
407 2252 493 2327 Quod
507 2258 603 2314 auem
624 2249 690 2313 Pius
705 2251 839 2314 omnibus
858 2259 939 2314 retro
953 2252 1079 2318 saeculis
1099 2253 1206 2319 lactum
1220 2253 1401 2333 lamentatur,
1422 2270 1578 2333 numquam

209 2362 344 2426 acerbius
367 2363 497 2444 contigit,
520 2380 606 2442 quam
629 2379 717 2443 quum
737 2360 864 2425 huthero
884 2362 1023 2426 vexillum
1037 2363 1205 2428 rebellionis
1226 2365 1421 2447 praeferente,
1443 2379 1579 2425 numero

208 2473 343 2537 sissimae
364 2473 579 2555 septemtrionis
600 2479 706 2555 gentes
727 2492 744 2534 a
766 2471 908 2536 catholica
929 2475 1070 2537 societate
1092 2474 1286 2538 desciverunt
1330 2474 1403 2537 'lum
1424 2475 1506 2536 erum
1527 2489 1579 2533 ura
1622 2500 1623 2503 ¹

209 2584 337 2645 omnium
358 2600 417 2646 vox
438 2585 545 2663 extitit,
573 2590 661 2664 atque
683 2580 792 2644 clamor
813 2600 901 2645 unus:
928 2582 999 2645 nihil
1019 2582 1104 2647 Petro
1126 2583 1217 2647 luisse
1241 2584 1377 2664 delatum,
1400 2581 1479 2664 quod
1502 2582 1580 2645 Chri·

209 2699 271 2755 stus
298 2694 406 2756 ceteris
432 2712 549 2775 quoque
577 2691 715 2776 apostolis
743 2709 802 2755 non
824 2694 1013 2756 concesserit.
1056 2693 1137 2755 llanc
1159 2712 1264 2757 vocem
1284 2692 1427 2756 Lutherus
1449 2691 1542 2755 edidit
1559 2692 1579 2769 ⁶,
1622 2748 1623 2751 ,

145 2807 150 2816 ’
209 2809 296 2883 atque
316 2800 393 2865 hanc
406 2803 621 2885 ingeminarunt
634 2803 804 2881 unanimes,
818 2809 848 2865 et
861 2804 1017 2865 etiamnum
1031 2804 1220 2885 ingeminant,
1242 2806 1403 2885 quotquot⁷
1430 2803 1460 2864 in
1483 2801 1580 2875 Gallia,

209 2911 381 2993 Germania,
407 2912 529 2995 Anglia,
557 2911 672 2994 Scotia,
697 2910 860 2994 Norvcgia,
888 2911 1008 2995 suecia,
1036 2911 1143 2994 Darda,
1171 2919 1201 2975 et
1221 2912 1405 2994 amphssimis
1425 2911 1579 2974 Americae

208 3022 379 3105 regionibus
407 3042 424 3085 a
451 3023 594 3104 Luthero,
623 3022 758 3103 Calvino,
785 3020 943 3105 Zwinglio,
972 3023 1094 3104 aliisque
1115 3021 1263 3085 herbarum
1284 3020 1450 3086 auctoribus
1473 3037 1579 3083 nmrcu

208 3141 319 3216 pantur.
361 3132 412 3195 llis
430 3152 448 3196 a
468 3132 619 3195 catholicis
641 3132 792 3215 transfuga
813 3150 922 3195 nomen
941 3132 1021 3195 dedit
1038 3131 1076 3195 ll
1098 3131 1241 3195 Anmnius
1263 3132 1300 3196 de
1321 3130 1469 3213 Dominis,
1500 3150 1535 3195 ac
1552 3137 1579 3192 ut
1622 3122 1623 3129 '

272 3359 299 3434 ⁴)
320 3359 394 3427 Quae
414 3359 448 3416 de
467 3359 644 3433 propagando
663 3360 690 3416 in
703 3373 873 3416 successores
985 3356 1014 3431 ο)
1044 3356 1073 3413 ln
1100 3356 1255 3415 delectione
1286 3360 1360 3415 artic.
1390 3373 1498 3414 snorum
1523 3372 1577 3412 con.

210 3466 323 3538 primatu
348 3465 521 3537 deliniuntur,
549 3482 706 3539 quamquam
726 3466 873 3524 indubitata
922 3462 1019 3520 Lectus
1037 3463 1070 3520 x.
1091 3463 1197 3539 bullam,
1219 3471 1268 3521 art
1281 3463 1365 3537 XXV,
1386 3464 1460 3519 etin
1480 3463 1576 3519 Concu
1622 3480 1623 3491 ¹

210 3571 278 3643 sint,
303 3570 384 3626 etad
405 3570 484 3627 tidem
511 3571 669 3629 catholicam
696 3571 873 3646 pertinentia,
923 3567 1104 3626 adducet.

212 3674 246 3732 ad
272 3681 438 3747 praesentem
465 3682 553 3733 nmen
581 3680 791 3734 controuersiam
821 3691 874 3733 non

210 3786 345 3855 spectant,
371 3782 397 3837 in
419 3799 469 3854 quo
490 3782 524 3839 de
543 3785 712 3841 institutione
737 3785 873 3857 primatus,
985 3787 1014 3862 τ)
1053 3786 1228 3844 Centuriator.
1268 3785 1442 3859 llegdeburg.
1483 3787 1529 3842 lib.
1558 3785 1575 3839 1.
1622 3814 1623 3851 ;

211 3886 318 3942 minime
347 3885 381 3943 de
411 3888 529 3945 ciusdem
554 3892 756 3966 propagatione
784 3906 874 3947 sumus
924 3910 982 3967 cap.
1003 3891 1055 3968 lV3
1087 3891 1186 3949 calvin.
1208 3891 1255 3948 lib.
1275 3891 1321 3947 tv.
1348 3890 1431 3948 lnstit.
1459 3891 1576 3965 capvt
1622 3888 1623 3939 l

211 3991 329 4048 solliciti.
924 4017 949 4055 n.
971 4001 1006 4071 63
1024 3999 1160 4056 lohannes
1181 3997 1321 4073 lietardus,
1343 3997 1464 4054 Conless.
1486 3999 1577 4054 Getico
1622 4006 1623 4019 ¹

275 4097 303 4172 ὅ)
336 4097 384 4154 un
414 4098 531 4155 ccccc
560 4099 702 4176 emmer,
733 4102 873 4175 pannum
923 4105 965 4161 aa
987 4105 1016 4160 r.
1030 4105 1063 4161 n.
1083 4121 1110 4178 p.
1125 4102 1192 4160 mc.
1214 4103 1277 4160 aare
1298 4103 1380 4159 senae
1402 4101 1495 4179 cccl,
1514 4103 1577 4159 ree·
1619 4086 1623 4163 l

211 4205 281 4261 l’etri
295 4221 385 4261 earum
398 4207 538 4262 veritatum
552 4223 661 4265 numero
676 4209 873 4282 comprehendi,
923 4210 1026 4267 dericus
1060 4210 1253 4282 spanhemius,
1295 4209 1418 4266 chamier
1455 4216 1575 4266 concam
1622 4192 1623 4205 ἶ

212 4328 280 4383 quae
307 4312 450 4385 Scripturis
475 4315 649 4386 consignatae
675 4318 781 4388 perenni
802 4316 873 4372 lra·
922 4317 970 4373 lib.
990 4316 1035 4372 xt.
1062 4331 1121 4388 cap.
1142 4314 1197 4390 tlt,
1227 4315 1389 4391 Salmasius,
1417 4315 1451 4372 de
1470 4318 1575 4389 primatu

212 4416 314 4474 ditione
333 4417 441 4475 uberius
459 4420 639 4491 explanantur.
675 4421 798 4479 Declarct
810 4439 873 4496 pro·
922 4423 998 4479 Rom.
1019 4420 1170 4496 Pontillcis3
1195 4421 1323 4478 Salomon
1341 4421 1505 4497 Deilingius,
1530 4421 1576 4479 0b

213 4530 320 4597 pterea:
340 4524 361 4580 1.
382 4525 545 4583 detendende
558 4543 619 4584 esse
633 4527 776 4584 bibliorum
796 4530 873 4585 testi·
922 4534 1031 4585 seruatt.
1063 4543 1131 4582 sacr.
1163 4527 1279 4585 Exerclt.
1308 4527 1360 4603 qu
1394 4535 1422 4584 et
1449 4528 1574 4585 totana

213 4631 311 4705 monia,
332 4648 400 4703 quac
415 4633 448 4689 ad
462 4633 531 4690 Petri
551 4636 692 4707 primatum
712 4635 872 4691 referuntur:
921 4632 1076 4707 Forbesius,
1090 4632 1212 4689 hermo.
1226 4633 1320 4689 histor.
1335 4632 1455 4703 theolog.
1469 4633 1572 4691 tihllli.

212 4742 241 4792 et
259 4735 292 4793 11.
307 4737 500 4817 traditionem,
522 4758 573 4816 qua
593 4742 638 4799 illc
658 4743 792 4816 assentur,
812 4756 873 4797 esse
922 4755 982 4814 cap.
1001 4738 1036 4796 V.

211 4836 376 4921 ἐξηῃμικῦν.
