3358 5400
647 203 794 273 CAPUT
835 198 944 274 XXV·
1422 209 1485 273 217

99 375 240 439 maneum
255 373 415 439 discrimen
429 379 624 457 protestantes
638 375 795 459 reperiant.
818 374 878 441 Sed
890 382 922 438 ut
935 374 1013 439 haec
1027 374 1190 457 similiaque
1204 380 1398 458 contemnam,
1413 377 1484 441 illud

101 505 120 549 a
137 504 186 549 me
204 485 323 565 obtinet,
347 485 426 566 quod
441 486 552 549 nemini
573 486 706 566 ignotum
724 504 792 550 esse
815 485 947 567 arbitror,
965 488 1014 550 nx
1035 485 1181 568 quidpiam
1196 486 1319 566 inanius,
1336 486 1482 569 quidpiam

104 613 173 659 esse
187 594 389 676 periculosius,
410 612 498 676 quam
510 601 704 659 aemunitatis
720 617 852 658 caussas
870 597 934 660 siue
948 597 1037 660 cerlis
1051 594 1156 659 tabulis
1173 596 1353 659 comminisci
1368 603 1417 659 aul
1437 597 1480 659 vi·

102 704 198 767 cimina
216 722 341 786 negare.
375 703 460 778 Quod
475 711 507 767 ut
524 721 629 767 omnes
647 706 850 785 experimento
865 707 1000 787 sentiant,
1017 705 1216 789 interrogabo,
1233 724 1377 788 quaenam
1391 706 1481 787 potis·

98 814 203 877 simum
229 832 337 878 caussa
363 812 402 877 ad
427 813 630 877 inculcandum
651 815 729 878 Petri
758 815 911 896 primatum
933 816 1086 897 impellere
1107 816 1225 880 Paulum
1248 815 1390 879 debuerit.
1433 815 1481 879 An

99 921 177 1004 quod
189 923 373 1005 propositum
388 923 429 986 illi
443 931 525 988 esset
542 925 727 1006 οὶκονομίαν
740 926 884 989 mimate
898 924 1024 1005 referre,
1046 927 1312 1017 institutionemque
1325 923 1483 989 enucleata

96 1032 285 1114 patefacere,
316 1051 372 1115 qua
391 1033 480 1097 voluit
501 1033 630 1098 Christus
659 1042 690 1098 ut
710 1035 839 1099 ecclesia
859 1032 1095 1117 gubernaretur?
1124 1037 1201 1117 atqui
1221 1035 1258 1098 de
1280 1034 1338 1098 hoc
1359 1035 1481 1116 apostoli

95 1142 220 1205 consilio
249 1161 352 1225 neque
379 1144 470 1207 uerba
497 1144 622 1224 diserta,
650 1162 707 1207 nec
735 1163 811 1225 quae
839 1144 885 1207 bis
906 1147 1011 1208 virtute
1036 1145 1264 1228 aequipolleant,
1291 1145 1429 1208 alterutro
1452 1146 1482 1208 in

92 1258 174 1316 textu
194 1253 347 1335 legentum
389 1253 437 1316 An
459 1252 540 1335 quod
561 1255 591 1316 in
613 1272 649 1316 eo
672 1262 768 1333 esset,
797 1261 829 1317 ut
850 1254 1006 1318 doetriaae
1020 1262 1113 1336 caput
1135 1255 1294 1337 explicaret
1312 1272 1379 1317 cum
1399 1254 1480 1318 insti·

91 1363 204 1426 tutione
225 1364 371 1445 primatus
390 1344 558 1425 deuinctum
580 1370 669 1444 atque
690 1361 876 1427 cohaerens?
918 1363 979 1428 Sed
998 1366 1024 1428 si
1046 1366 1144 1429 animo
1162 1371 1330 1447 repetantur
1351 1380 1427 1445 quae
1448 1365 1479 1426 in

90 1480 217 1554 utraque
242 1471 367 1555 epistola
387 1471 571 1552 antecedunt,
594 1490 729 1554 quaeque
749 1483 925 1557 sequuntur,
947 1476 1084 1538 continuo
1105 1476 1278 1554 innotescet,
1301 1490 1338 1536 eo
1360 1473 1478 1536 Paulum

91 1590 249 1664 spectasse
264 1585 304 1662 ¹¹,
325 1588 357 1645 ut
377 1600 416 1645 ex
435 1582 563 1664 imagine
578 1580 696 1645 humaui
710 1586 842 1665 corporis
863 1586 967 1667 inquo
988 1602 1055 1647 cum
1069 1582 1218 1665 multiplici
1240 1583 1364 1665 quadem
1384 1602 1477 1647 mem-

89 1691 213 1756 brorum
242 1692 442 1773 distinctione,
470 1691 708 1773 sanctionumque
733 1694 876 1757 uarietate
903 1694 1059 1776 singularis
1085 1693 1193 1773 unitae,
1222 1694 1355 1776 miraque
1383 1701 1477 1758 totius

16 1832 18 1843 >
90 1805 257 1869 consensio
277 1802 487 1884 harmoniaque
515 1803 678 1884 copulatur,
707 1803 865 1867 discrimen
888 1820 1041 1866 munerum
1062 1802 1284 1885 officiorumque
1310 1803 1475 1885 illustraret

88 1932 147 1997 quo
170 1908 338 1997 αμτίίονοι
357 1910 474 1976 coma
494 1932 605 1992 σοηνυκ
631 1931 691 1976 non
713 1914 809 1977 minus
837 1916 978 1977 uarietate
998 1913 1133 1995 splendet
1154 1931 1241 1996 quom
1261 1912 1475 1995 perfectissima

88 2026 208 2089 mutam
231 2024 327 2087 forma
347 2022 577 2085 commendatur.
620 2022 691 2096 Quis
712 2041 801 2106 porro
823 2042 882 2088 non
902 2025 1008 2089 ludens
1031 2022 1085 2088 sed
1104 2025 1184 2087 serio
1203 2022 1374 2104 contendat,
1396 2023 1475 2089 eius·

89 2132 169 2196 modi
194 2134 352 2197 veritatem
379 2149 478 2213 neque
505 2132 562 2195 rite
589 2134 712 2215 exponi,
741 2152 839 2216 neque
864 2135 1001 2198 illustrari
1028 2140 1095 2215 apte
1123 2135 1269 2215 potuisse,
1301 2133 1372 2214 quin
1398 2133 1475 2198 Petri

91 2244 236 2325 primatus
256 2243 426 2306 nominatim
447 2241 641 2307 censeretur?
666 2245 774 2324 immo,
801 2245 945 2324 quianon
966 2242 1109 2325 intelligat
1126 2243 1162 2306 ad
1185 2261 1251 2306 eam
1270 2242 1476 2308 declarandam

91 2353 356 2435 explicandumque
368 2352 485 2415 abunde
500 2352 603 2433 luisse,
625 2354 817 2417 simunerum
838 2353 982 2417 distinctio
1003 2353 1149 2416 aChristo
1168 2353 1299 2435 prolecta
1313 2355 1474 2420 universim

93 2461 283 2545 aperiretur?
313 2462 391 2526 nulla
415 2463 505 2543 igitur
526 2462 579 2525 luit
604 2463 854 2527 commemorandi
874 2464 1011 2544 primatus
1033 2464 1213 2542 necessitas,
1235 2465 1291 2527 nisi
1313 2483 1399 2546 quam
1421 2465 1477 2530 sibi

16 2652 17 2669 ἵ
92 2573 319 2658 contingendam
339 2579 536 2653 protestantes
557 2573 766 2636 existimamini.

16 2706 18 2751 ι
199 2689 272 2747 322.
315 2682 403 2746 &dus
425 2685 581 2746 commenti
595 2702 680 2747 error
701 2690 788 2765 atque
809 2682 921 2745 sillucio
937 2682 1004 2745 inde
1027 2683 1113 2745 etiam
1134 2681 1371 2767 deprehenditur,
1395 2687 1473 2767 quod

16 2822 17 2883 ρ
92 2792 238 2858 deductae
266 2810 284 2856 e
308 2794 389 2857 Pauli
413 2794 529 2857 silentio
558 2793 781 2874 consequutioai
804 2792 860 2855 bac
881 2792 977 2855 solum
997 2791 1067 2873 lege
1089 2792 1205 2873 species
1226 2792 1322 2874 aliqua
1344 2796 1472 2858 veritatis

92 2903 177 2969 tribui
195 2905 300 2988 possit,
322 2906 348 2968 si
369 2911 492 2984 constet,
515 2923 553 2966 ne
574 2921 663 2967 unum
680 2902 797 2984 quidem
818 2918 920 2964 eorum
938 2918 1092 2964 munerum
1112 2901 1149 2963 ab
1170 2918 1208 2963 eo
1229 2900 1321 2964 luisse
1341 2911 1472 2984 praeter-

93 3013 231 3097 missum,
261 3032 338 3096 quae
363 3013 400 3077 ad
419 3012 655 3095 pulcritudinem,
685 3012 776 3076 decus
798 3013 1049 3093 constantiamque
1072 3011 1219 3075 ecclesiae
1239 3010 1369 3074 Christum
1391 3014 1472 3075 insti-

92 3127 186 3189 tuen‘t
230 3124 271 3188 At
288 3140 361 3188 uero
387 3124 563 3206 comparatio
586 3124 738 3205 utriusque
763 3129 861 3197 textus
882 3121 919 3184 ad
941 3122 1067 3184 invicem
1088 3126 1202 3183 etcum
1225 3120 1288 3183 aliis
1310 3120 1471 3204 Scriptura·

92 3248 155 3296 rum
175 3235 252 3298 locis
273 3234 466 3316 demonstrat,
493 3241 597 3297 neutro
625 3234 655 3295 in
676 3240 758 3296 textu
780 3231 890 3314 gradus
911 3249 1030 3310 omnes,
1059 3231 1216 3311 omniaque
1238 3230 1373 3294 divinitus
1391 3233 1472 3297 insti·

92 3347 149 3407 tuta
174 3363 297 3408 munera
314 3345 475 3408 recenseri.
519 3344 595 3409 Sane
617 3343 804 3407 conterantur
825 3349 924 3405 mutuo
948 3349 1060 3419 textus,
1083 3340 1132 3422 qui
1153 3341 1196 3402 sie
1217 3338 1340 3403 babent:

132 3453 153 3517 l.
168 3456 236 3519 (ior.
250 3455 313 3518 xli.
329 3460 378 3519 28.
420 3449 493 3517 Καὶ
510 3449 566 3529 aila
579 3454 639 3536 μίν
660 3452 756 3516 ἔθετο
846 3451 952 3534 Ephes.
972 3451 1019 3514 IV.
1045 3455 1092 3513 tl.
1135 3447 1312 3526 Καὶνύτδς
1328 3454 1354 3484 ¹²
1372 3449 1471 3517 timae
1593 3496 1597 3504 -

94 3561 213 3639 όθιδς
240 3568 276 3627 ἐν
301 3566 337 3648 τῇ
360 3563 508 3646 ἐκκλησία
533 3566 659 3645 πρῶτον
677 3560 756 3627 alao-
804 3559 878 3637 τούς
904 3561 964 3644 μὲν
989 3558 1200 3635 άποστάλους,
1226 3555 1301 3635 τούς
1330 3560 1366 3625 δὲ
1394 3583 1470 3641 προ-

95 3673 243 3750 στόλους,
272 3671 416 3756 δεύτερον
445 3672 627 3758 προφήτας,
653 3672 757 3754 τρίτον
805 3669 927 3757 φήσας,
958 3664 1031 3746 τοάς
1061 3668 1097 3735 δὲ
1125 3667 1368 3752 εὐαγγελιστάς,
1396 3670 1470 3749 τούς

95 3777 324 3860 διδασκάλους,
358 3785 462 3848 ἔπειτα
494 3781 661 3865 δυνάμεις,
689 3778 756 3846 εἶτα
806 3779 842 3845 δὲ
862 3786 1015 3865 ποιμένας
1037 3782 1091 3844 καὶ
1112 3779 1335 3857 διδασκάλους.

95 3894 277 3975 χαρίσματα
295 3889 452 3975 ἰαμάτων,
480 3888 677 3971 άντιλήψοις,
704 3911 757 3954 nv·

47 4048 54 4065 .
95 3997 268 4084 (lupualdum,
288 4008 361 4084 γένη
380 4003 541 4087 γλωσσῶν.

198 4112 355 4176 Enimvero
385 4114 410 4175 si
431 4111 506 4176 aller
526 4119 623 4176 temus
644 4129 748 4175 omues
770 4111 973 4195 complectitur
997 4110 1122 4193 padus,
1150 4112 1231 4193 prior
1251 4111 1410 4193 redundat,
1438 4113 1470 4176 in

96 4234 150 4298 quo
171 4231 325 4305 praeterea
345 4230 502 4286 censentur
523 4218 689 4304 δυνάμεις,
716 4220 897 4303 χαρίσματα
917 4218 1076 4306 ἰαμάτων,
1102 4217 1297 4304 ἀντιλήψεις,
1322 4221 1471 4306 κυβερνή-

156 4419 199 4495 ¹¹)
220 4419 241 4475 ί.
255 4419 317 4476 Cor.
337 4420 394 4477 xli.
417 4420 463 4476 12.
484 4436 558 4495 seqq.
580 4419 641 4477 coll.
662 4436 689 4475 v.
706 4418 754 4474 29.
804 4419 909 4475 arohiae
922 4420 1066 4494 institutio,
1087 4434 1155 4493 quae
1175 4417 1195 4473 l.
1210 4416 1271 4475 Cor.
1284 4416 1342 4474 xit.
1357 4418 1404 4475 28.
1421 4420 1468 4476 ad·

803 4525 929 4581 scribitur
948 4526 1028 4599 Patri,
1050 4532 1077 4580 et
1096 4524 1195 4598 Ephes.
1210 4525 1256 4583 tv.
1274 4523 1321 4581 11.
1343 4528 1470 4584 asseritur

155 4629 198 4704 ¹²)
218 4631 308 4687 Verba
325 4620 429 4687 διδόναι
445 4637 472 4687 el
483 4628 590 4688 τιθέναι
602 4631 754 4704 promiscue
804 4630 887 4706 Filio,
916 4631 1008 4687 eadem
1032 4631 1091 4687 Act
1109 4631 1168 4687 XX.
1188 4630 1235 4687 28.
1264 4630 1390 4686 αἰδοίων
1409 4632 1470 4706 Spi-

97 4732 259 4810 tdhibeutur,
271 4742 298 4794 et
309 4743 444 4811 potestate
454 4739 618 4812 respondent
627 4737 754 4795 hebraico
803 4737 1006 4794 ritui-Sancto:
1026 4753 1079 4810 quo
1101 4737 1170 4793 sicut
1189 4738 1276 4793 unitas
1297 4741 1469 4811 operationis

95 4844 153 4916 ll'tl,
180 4841 252 4915 quod
278 4843 440 4900 alexandrini
468 4844 549 4900 modo
576 4858 644 4911 uno,
673 4843 755 4900 modo
804 4843 911 4899 divinae
931 4842 1085 4916 Trinitatis,
1114 4844 1150 4898 ila
1178 4843 1327 4898 arctissime
1351 4859 1411 4898 cum
1435 4860 1467 4899 ea

98 4944 178 5006 οίίοτο
196 4947 282 5006 verbo
301 4949 513 5023 interpretantur.
543 4949 666 5007 cemma
685 4951 755 5009 bier·
804 4949 952 5007 cohaerens
970 4955 1090 5007 aeaeae
1111 4950 1198 5008 auitae
1220 4946 1417 5021 comprobatur.
