3324 5382
635 268 784 341 cneus
823 273 882 341 ιιι.
1386 240 1497 335 sss'

68 443 163 509 otiien
182 441 315 522 summit,
336 446 369 504 in
382 437 468 505 saite
482 446 662 519 meruerint,
684 440 894 522 quodeunque
913 436 1073 503 volueritis
1092 444 1211 519 scistis,
1232 444 1262 500 ei
1275 434 1335 519 fisi
1351 433 1449 514 cobis,

70 561 223 635 verusque
245 561 329 631 uoto,
350 557 450 631 utpote
472 568 489 613 ιι
511 550 658 614 votuntne
683 550 790 614 munds
811 549 956 632 proiectu,
979 548 1184 630 implebuntur.

169 662 280 736 Quibus
304 659 428 725 efficitur
448 659 536 724 telem
558 659 684 725 futurum
705 678 772 723 oum
794 658 910 724 Christo
928 656 1057 722 bdelium
1078 658 1332 738 coniunctionem,
1361 664 1449 738 etque

69 789 105 836 ex
124 772 329 834 mmunedooe
350 771 484 833 oboriam
505 770 654 847 unitotem,
677 768 771 850 qualis
789 769 955 832 coniunctio
976 767 1126 850 psimitum
1147 784 1214 830 cum
1234 767 1303 847 uite,
1330 772 1361 829 et
1380 765 1450 829 inde

69 880 194 960 proiectu
215 883 310 943 unitos
335 886 483 943 censetur.
525 877 570 942 Ne
588 894 660 942 vero
682 878 817 960 peiorites
838 885 982 959 crescent,
1006 897 1042 942 ec
1062 877 1171 941 influxu
1195 877 1269 955 vitis,
1290 875 1450 941 imotuum·

69 1007 122 1070 que
142 989 277 1053 ubertate
298 991 459 1071 priventur,
481 1006 608 1053 neccsse
630 996 677 1053 est
697 996 729 1051 ιιι
748 988 849 1052 intime
872 1006 939 1051 eum
962 991 1024 1070 ipsu
1041 988 1099 1051 vite
1114 987 1261 1051 coniunoti
1274 1007 1335 1051 non
1346 983 1450 1066 aiura,
1516 1068 1519 1073 Ι

68 1097 246 1179 dsersaque
265 1118 408 1178 amoma,
436 1097 493 1160 sed
512 1116 608 1165 rmum
629 1097 766 1178 iiiudqus
787 1106 965 1161 continuum
987 1117 1098 1177 empus
1120 1097 1303 1160 constituent.
1347 1095 1450 1159 Consi-

68 1208 133 1272 lium
153 1210 242 1291 igitur
263 1208 369 1272 Christi
390 1206 576 1289 postulet'ut
597 1227 633 1273 es
653 1210 691 1272 sit
711 1208 840 1273 fidelium
862 1226 928 1271 cum
950 1210 1015 1289 ipso
1036 1208 1212 1285 coniunctio,
1235 1227 1253 1270 e
1274 1225 1332 1289 que
1353 1226 1448 1269 unum

71 1320 171 1383 existet
189 1328 367 1383 continuum
385 1340 512 1397 corpses,
548 1318 627 1400 quod
655 1318 770 1383 exiliis
790 1339 846 1381 eeu
866 1315 1045 1395 palmitibus
1067 1338 1105 1379 aa
1126 1313 1285 1392 membris,
1320 1322 1408 1397 utque
1430 1334 1448 1378 e

71 1427 177 1492 Christo
202 1430 268 1511 ipso
298 1450 354 1492 ceu
380 1434 498 1492 niteat
525 1434 626 1507 capue
652 1430 750 1490 omniu
776 1429 898 1492 interius
924 1433 1084 1509 vegetante
1112 1433 1311 1508 componatur.
1362 1415 1450 1488 Cuids

72 1537 181 1618 quidem
210 1539 426 1602 coniunctionis
454 1544 542 1618 etque
570 1537 689 1601 unitatis
716 1535 833 1617 duptam
858 1543 905 1599 est
928 1557 1061 1603 caussa.-
1092 1535 1276 1599 antecedens
1298 1534 1389 1599 sltem
1414 1552 1450 1596 eo

70 1653 217 1727 nrmeeps,
240 1665 378 1730 quaeque
401 1646 437 1712 nb
461 1647 571 1709 iniiuxu
593 1645 714 1726 Christi,
738 1647 787 1728 qui
811 1647 876 1710 vitis
898 1653 959 1727 est,
987 1663 1047 1709 noo
1068 1644 1271 1727 distinguitur:
1302 1663 1337 1708 ec
1358 1643 1450 1707 sltem

73 1764 226 1837 comitans,
248 1754 442 1837 subsequens
466 1763 496 1819 et
516 1755 669 1832 remanda,
693 1774 769 1837 quse
790 1755 957 1838 ouueoyet'q
978 1756 1160 1834 continetur,
1183 1772 1241 1835 qus
1261 1753 1380 1834 fideles,
1402 1760 1449 1816 ut·

75 1874 138 1948 pote
157 1867 310 1951 vivificati
323 1864 553 1946 rationalesque
564 1862 708 1945 palmites
719 1867 759 1945 ²⁶,
782 1865 921 1930 numum
936 1864 1041 1929 Christi
1056 1865 1245 1946 recipientes,
1266 1880 1393 1946 cumque
1414 1880 1452 1927 eo

74 1987 278 2058 cooperantes,
308 1977 423 2041 iliius²²
449 1973 544 2038 verba
565 1982 709 2052 retinent,
736 1982 770 2038 in
789 1982 856 2039 eius
877 1973 1040 2039 dilectione
1061 1981 1201 2050 manent,
1229 1981 1392 2055 statutoque
1414 1972 1451 2037 ob

75 2102 110 2147 eo
126 2095 291 2168 praecepta
309 2093 504 2150 sanctissime
527 2084 713 2149 custodiunt.

173 2201 241 2260 175.
289 2193 442 2271 Quartum
462 2195 603 2273 succedit,
625 2193 764 2277 idemque
787 2202 967 2277 postremum
985 2196 1103 2259 unitetis
1116 2212 1223 2277 genus,
1245 2211 1305 2275 quo
1319 2193 1452 2257 Christus

73 2303 221 2369 ecetesiam
251 2325 335 2369 suem
365 2307 512 2388 insignem
541 2305 649 2384 voiuit,
683 2305 778 2386 iisque
805 2305 951 2386 expressit
977 2303 1077 2368 verbis
1097 2320 1174 2384 quoe
1194 2302 1384 2384 praecedenti
1403 2322 1453 2366 eea

71 2413 125 2493 pite
138 2418 165 2449 ²⁸
188 2414 381 2495 adduximus,
410 2422 441 2477 et
467 2433 592 2497 quorum
620 2413 678 2477 huo
691 2415 719 2448 ²’
742 2431 856 2477 summe
886 2413 979 2477 redit:
1025 2409 1098 2477 Καὶ
1126 2409 1229 2476 οὐκέτι
1255 2414 1319 2495 ειμι
1346 2417 1380 2475 ἐν
1406 2413 1452 2495 τῷ

72 2523 186 2607 κόσμῳ·
209 2526 267 2590 καὶ
288 2514 375 2589 οὗτοι
394 2528 429 2588 iu
449 2526 496 2606 τῷ
517 2526 623 2605 κόσμῳ
644 2521 722 2596 εἱσι,
744 2522 798 2585 καὶ
817 2519 881 2603 iyor'
903 2520 982 2605 πρὸς
1004 2522 1040 2586 od
1061 2523 1217 2604 ἔρχομαι.
1244 2520 1343 2603 πάτερ
1367 2517 1451 2603 dyas,

72 2630 194 2712 τήρησον
213 2631 334 2707 αὐτούς
355 2638 389 2697 iu
404 2636 450 2717 aqi
466 2632 596 2715 ὀνόματι
613 2648 682 2708 σου,
704 2624 732 2715 ᾦ
748 2628 892 2706 δέδωκάς
912 2651 980 2712 μοι,
1006 2631 1059 2695 iuu
1075 2622 1152 2695 ὦσιν
1168 2632 1204 2695 ib
1218 2625 1451 2712 redundaris.

72 2735 110 2802 bb
128 2763 188 2805 non
207 2742 344 2822 amplius
365 2764 435 2805 sum
456 2749 488 2805 in
508 2741 637 2817 mundo,
663 2739 696 2804 tu·
724 2749 827 2805 autern
847 2747 880 2804 tn
901 2741 1014 2805 munda
1033 2748 1125 2818 sunt,
1156 2749 1185 2805 et
1205 2739 1361 2823 periclitari
1382 2758 1450 2821 per·

74 2857 147 2931 quui,
166 2860 193 2915 ei
214 2873 274 2936 eqo
294 2852 337 2916 ad
355 2860 385 2915 ie
405 2859 500 2916 senio.
539 2848 639 2915 Pater
659 2860 775 2927 sanate,
795 2872 889 2915 seraa
909 2872 961 2914 eos
982 2858 1014 2914 in
1033 2857 1153 2915 nourine
1174 2858 1236 2927 ino,
1259 2870 1318 2929 quo
1339 2849 1451 2913 dedisti

73 2955 145 3036 mibi
165 2967 195 3023 ut
215 2962 259 3025 tui
279 2978 369 3042 porro
390 2968 536 3039 moneant,
559 2980 594 3031 ec
608 2980 626 3025 e
641 2968 669 3024 tc
685 2961 755 3025 milri
776 2960 835 3024 deti
856 2967 1089 3043 cognoscentur,
1112 2968 1148 3023 ut
1167 2968 1231 3023 sint
1251 2981 1347 3023 unam
1368 2965 1450 3022 sieut

74 3084 133 3129 non
170 3069 255 3145 Quae
277 3088 350 3133 seue
376 3070 516 3153 probent,
543 3072 720 3135 destinatum
746 3071 837 3135 fusse
864 3071 995 3150 Christo,
1025 3078 1057 3133 ut
1077 3069 1271 3144 πιστεύοντες
1293 3087 1353 3133 non
1373 3072 1451 3134 iuter

77 3189 107 3235 sc
126 3179 215 3244 minus
241 3186 330 3260 etque
351 3180 389 3243 ed
410 3182 536 3243 invicem
566 3189 700 3245 soterem
725 3188 948 3262 conspicuoque
975 3186 1185 3244 coniunctione
1211 3200 1309 3244 unum
1335 3187 1449 3256 essent,

76 3299 152 3363 quium
172 3297 203 3353 ιιι
223 3307 313 3352 unum
337 3298 439 3354 essent
458 3298 599 3355 interiori
618 3289 742 3354 obsculo
763 3297 921 3365 caritatis,
952 3308 1042 3353 uuum
1061 3297 1186 3370 propter
1206 3290 1334 3353 ductim
1354 3296 1449 3352 unius

74 3387 213 3477 Spiritus,
236 3417 273 3462 ec
287 3416 376 3461 unum
395 3408 520 3480 propter
539 3398 700 3484 influeum
721 3400 854 3465 eiusdem
876 3401 952 3479 vitis,
975 3400 1289 3479 necessitudinemque
1303 3421 1374 3464 eum
1387 3419 1451 3462 uno

73 3503 223 3587 &demque
245 3514 345 3586 capue
365 3514 449 3571 intus
470 3507 609 3572 mernbra
629 3508 733 3573 aiente
754 3519 846 3590 atque
865 3515 1030 3571 armante.

172 3616 203 3679 in
224 3618 429 3700 quaestionem
450 3636 540 3699 porro
562 3622 655 3699 venit,
678 3618 859 3685 consuluerit
878 3638 936 3682 nec
956 3636 995 3682 ne
1015 3617 1147 3683 Christos
1169 3639 1317 3696 caussae,
1336 3625 1450 3697 prinei·

71 3726 170 3802 pioque
197 3744 258 3808 quo
283 3733 422 3789 celerior
452 3728 615 3808 eademque
641 3738 749 3792 mutua
774 3727 919 3809 fidelium
947 3736 1051 3792 unitas
1076 3727 1280 3810 formaretur.
1332 3728 1379 3792 Ac
1408 3728 1449 3792 itti

73 3829 151 3909 olene
178 3836 322 3901 Christum
351 3836 550 3920 consuluisse,
583 3841 732 3902 neminem
761 3846 938 3921 negaturum
965 3838 1091 3903 arbitror
1118 3839 1168 3921 qui
1198 3856 1301 3902 secum
1334 3845 1449 3920 reputet

73 3938 119 4003 eet
136 3944 268 4011 donam
289 3947 426 4011 eiusdem
446 3953 638 4028 sapientiam,
660 3967 718 4029 que
732 3947 827 4011 medie
841 3947 880 4012 sd
893 3946 982 4011 [inem
1002 3948 1220 4029 assequendum
1238 3948 1344 4011 idonee
1362 3967 1448 4011 num·

74 4065 151 4128 quum
171 4075 229 4121 non
252 4056 372 4141 deligit,
394 4056 444 4120 eei
463 4055 626 4122 bibiturum
643 4056 821 4142 ‘anaioqians
842 4075 898 4138 qus
919 4057 1075 4139 docemur,
1098 4065 1128 4120 et
1145 4077 1203 4138 per
1223 4056 1374 4143 diffusam
1395 4081 1448 4123 aa·

72 4164 184 4229 maiam
202 4166 366 4249 providisse
395 4168 495 4232 unitoti
522 4169 669 4249 interiori,
701 4176 730 4232 et
754 4188 812 4248 per
838 4174 1013 4231 mmsmnern
1040 4166 1195 4248 Satricus,
1227 4169 1446 4249 doctoonqae

72 4280 279 4355 misterium
303 4279 404 4342 uniteti
431 4278 517 4360 fidei,
549 4285 580 4341 et
598 4299 655 4356 per
679 4275 839 4361 insternunt
860 4276 975 4340 mentis
995 4284 1127 4341 interius
1148 4285 1222 4342 aitis
1243 4280 1359 4361 unitati,
1390 4298 1447 4361 quo

71 4376 189 4475 iiiietuqt
209 4404 315 4469 corpus
336 4406 422 4451 suum
441 4388 536 4468 fovet,
557 4388 673 4470 sibique
694 4387 830 4451 devincit
873 4386 1031 4451 Dimidium
1053 4406 1145 4471 ergo,
1167 4388 1247 4471 quod
1267 4408 1339 4453 sene
1361 4389 1444 4453 uide-

71 4483 160 4557 bimus
180 4514 247 4562 esse
267 4499 490 4580 gravissimum,
518 4515 579 4561 non
600 4498 630 4561 iu
652 4514 690 4559 eo
710 4497 798 4560 situm
817 4504 878 4576 ost,
908 4504 1004 4561 uuum
1025 4497 1156 4563 Christus
1178 4519 1340 4574 causan,
1359 4506 1446 4579 prin·

71 4602 230 4685 emmaque
249 4608 418 4685 instituerit,
441 4626 500 4689 quo
522 4607 653 4671 exterior
673 4605 800 4669 fidelium
819 4607 917 4670 unitas
938 4606 1123 4672 efficeretur:
1157 4608 1216 4673 hoe
1234 4611 1318 4683 ,enim
1339 4627 1442 4672 omnes

131 4859 173 4938 ²⁸)
194 4864 261 4924 lbld·
282 4883 308 4922 V·
329 4870 357 4923 5·
407 4837 408 4840 Ἴ
840 4865 886 4941 ²⁸)
908 4866 948 4924 ct.
969 4883 1028 4942 cup.
1042 4869 1076 4926 X.
1097 4885 1123 4924 u.
1139 4865 1205 4922 168.

128 5000 172 5081 ²⁷)
191 5004 259 5066 bib
279 5024 306 5067 v·
326 5007 354 5067 t·
840 5008 886 5087 ι’)
904 5009 967 5069 tou.
987 5007 1072 5069 xvu
1094 5006 1140 5067 u.
