3324 5382
635 298 783 368 CAN!
813 298 871 367 11.
1389 304 1451 366 oio

68 428 168 546 staret,
187 467 335 533 Νη
356 477 458 533 contri
482 465 576 534 Petri
596 470 792 547 minemo,
812 492 851 535 aa
871 467 959 533 iiiiru
979 466 1206 534 beosaolsoiioe
1225 469 1401 551 tutelaeque
1414 474 1443 507 ³⁴

69 577 242 674 committoti
274 579 355 643 llaec
376 580 475 643 omnia
495 579 636 643 tenebrae
653 588 722 644 suut
742 581 786 658 iis,
811 582 861 662 qui
881 588 1046 659 sirempse
1065 585 1217 643 amntem
1238 582 1445 661 commiscent,

68 695 417 769 nemausensem
430 707 520 753 unum
535 688 681 754 Christrm
695 688 829 753 eliciens
849 690 1022 773 principium
1045 707 1081 752 ao
1103 688 1248 753 invisibile
1271 708 1340 754 esee
1362 699 1448 775 capon

69 797 230 863 manum

166 933 270 1017 Neque
292 933 382 997 multo
404 935 440 998 iis
460 933 652 998 luculentiora
675 941 742 998 sunt
762 934 833 1015 ista,
869 934 973 1017 quibus
1001 935 1155 1000 Patrem⁸⁵
1178 936 1310 1001 Christus
1342 936 1447 1019 depre-

68 1051 160 1107 catur:
195 1041 264 1108 'Ore
282 1036 365 1125 ἤμην
384 1043 453 1126 μετ’
472 1043 578 1108 αὐτῶν
597 1048 632 1107 ἐν
651 1044 697 1127 τῷ
718 1045 842 1128 κόσμῳ,
870 1042 934 1124 lyei
962 1042 1092 1126 oleove
1119 1040 1236 1121 αὐτούς
1257 1048 1357 1130 ἐντῷ
1378 1048 1446 1109 drd-

65 1155 135 1235 pati
154 1168 282 1217 ooo...
327 1150 403 1218 Νῦν
424 1150 459 1217 δὲ
480 1154 560 1235 πρὸς
592 1154 627 1217 ot
656 1155 802 1237 ἔρχομαι.
845 1154 956 1217 Horum
984 1155 1063 1217 enim
1095 1154 1154 1218 huc
1181 1158 1326 1219 sententia
1354 1155 1445 1219 redit:

65 1264 203 1343 wenido
223 1271 255 1326 in
275 1264 390 1327 mundo
409 1284 479 1327 curs
499 1271 576 1344 ipsis
596 1261 727 1327 risibilis
740 1262 805 1349 fui,
826 1260 1021 1327 invisibiliter
1041 1286 1175 1346 nomque
1195 1287 1264 1329 eum
1283 1263 1346 1328 illis
1367 1286 1446 1327 seor·

62 1394 114 1452 per
133 1394 197 1451 ero,
232 1372 364 1454 illosque
383 1380 486 1436 instar
504 1380 574 1436 sitis
599 1394 669 1436 mea
696 1380 761 1437 sita
790 1371 962 1456 vivificabo,
998 1375 1115 1437 taoidiu
1144 1383 1260 1460 egomet
1286 1382 1352 1455 ipse
1379 1373 1444 1437 illis

63 1491 218 1563 prospect,
256 1492 351 1564 aque
377 1492 410 1546 in
436 1492 488 1547 tuo
515 1490 635 1547 nomio
659 1491 711 1564 oui
738 1504 787 1546 sie
807 1490 933 1561 misisti,
973 1490 1096 1548 iunctos
1125 1476 1286 1564 unitasque
1312 1490 1445 1547 smaaoi.

64 1589 125 1656 iet
143 1596 186 1658 od
204 1603 234 1658 te
255 1600 319 1657 iosr
339 1594 445 1670 redeo,
479 1594 626 1657 monam
645 1593 798 1675 reihrguo,
829 1616 867 1658 ae
887 1592 927 1658 ob
950 1600 989 1657 iis
1010 1592 1172 1675 replendis
1191 1591 1336 1676 partibus
1358 1615 1446 1657 cesso

68 1723 140 1780 quae
160 1709 316 1781 conspicui
336 1709 448 1783 capitis
468 1710 541 1765 sunt
561 1710 712 1784 propr-iae.
757 1699 922 1784 Reliquum
949 1712 998 1767 est
1025 1709 1133 1787 ipitur,
1169 1713 1204 1768 ut
1225 1712 1275 1782 tu,
1309 1702 1372 1767 otio
1399 1711 1446 1766 in·

64 1812 200 1876 stituto³⁶
225 1819 391 1893 emerso
411 1820 524 1892 eapite,
560 1833 646 1877 meos
673 1811 721 1876 itit
747 1820 829 1877 aloes
858 1820 1046 1891 consotios,
1080 1835 1137 1894 per
1164 1835 1233 1877 eum
1261 1820 1446 1893 conspicuae

64 1930 189 1986 omnium
209 1930 325 1986 unitati
343 1922 519 2002 provideas,
552 1943 717 2003 omnesque
735 1944 856 1999 seeum,
878 1922 1027 2003 nobisque
1048 1931 1169 1987 iunctos
1191 1931 1320 1987 tuearis.
1364 1923 1446 1998 Quae

62 2049 127 2095 sane
148 2053 164 2096 a
184 2035 409 2116 protestantium
432 2031 616 2115 opinionibus
638 2034 677 2095 ita
697 2031 854 2113 dissident,
890 2041 921 2097 ut
943 2033 1006 2098 illas
1027 2034 1142 2116 penitus
1164 2034 1313 2115 relellant,
1344 2033 1445 2097 catho-

63 2139 177 2205 licomm
198 2162 274 2207 vero
296 2142 458 2205 doctricem
478 2142 515 2204 de
537 2140 622 2207 Petro
643 2143 804 2224 conspicuo
826 2143 973 2207 ecclesiae
995 2146 1107 2226 cupite,
1142 2163 1178 2208 ac
1203 2144 1349 2208 efficiente
1371 2162 1443 2207 con-

64 2250 174 2330 spicuae
195 2253 314 2315 unitatis
335 2252 477 2333 principio
499 2252 625 2334 egregie
648 2250 829 2316 confirment.

164 2393 232 2451 178.
279 2386 323 2451 De
344 2405 401 2470 qua
424 2386 643 2451 confirmatione
666 2405 704 2449 eo
726 2389 822 2451 minus
842 2387 885 2452 las
908 2389 963 2452 erit
983 2388 1148 2471 ambigere,
1171 2408 1230 2471 quo
1245 2389 1349 2453 Christi
1371 2391 1446 2473 apud

60 2491 216 2560 iohannem
240 2496 421 2559 resbacum
445 2496 577 2560 eiusdem
600 2496 675 2579 apud
695 2496 803 2559 Lucam
828 2495 922 2561 ellatis
943 2497 1110 2580 diligentius
1132 2499 1328 2563 conterentur.
1367 2500 1446 2563 lnter

62 2611 154 2669 cetero
177 2607 259 2669 enirn
281 2608 439 2669 testatur³²
462 2605 566 2687 Lucas,
589 2622 648 2668 non
669 2605 750 2688 prius
771 2625 809 2669 ex
829 2624 882 2670 ore
904 2605 1009 2671 Christi
1032 2608 1182 2690 apostolos
1203 2608 1368 2689 audivisse,
1391 2610 1446 2673 καὶ

62 2712 159 2796 dptr
186 2714 257 2789 υἱὸς
284 2716 343 2778 τοῦ
371 2711 553 2798 ἀνθρώπου
580 2713 746 2796 πορεύεται
772 2710 854 2779 κατά
876 2719 910 2779 τὸ
940 2713 1127 2799 ὡρισμένον,
1164 2736 1251 2798 quam
1288 2737 1346 2779 non
1381 2720 1446 2780 sine

63 2826 246 2889 contentione
277 2825 443 2907 percontari
475 2825 674 2906 incoeperint,
710 2826 756 2899 τίς
780 2822 887 2889 αὐτῶν
912 2824 1002 2889 δοκεῖ
1027 2821 1111 2890 aluus
1131 2825 1269 2908 μείζων,
1306 2833 1374 2907 patr
1403 2849 1447 2889 eo

63 2938 133 3011 ipsis
154 2943 254 2998 maior
271 2933 407 3019 suturae
428 2944 520 2998 esset.
557 2933 617 2998 Sed
639 2953 715 3016 quae
736 2934 821 2998 huius
842 2935 899 2999 litis
921 2936 1084 3018 excogitari
1106 2938 1225 2999 occasio
1248 2933 1365 3017 potesti
1387 2953 1447 2997 non

68 3050 109 3104 est
130 3062 179 3107 cur
200 3044 239 3109 de
263 3063 299 3107 eo
320 3045 411 3107 simus
431 3044 556 3124 solliciti,
579 3036 696 3126 mando
718 3044 795 3109 illam
810 3053 911 3128 aperte
924 3045 1019 3108 Lucas
1032 3048 1062 3078 ³⁸
1086 3064 1121 3108 ac
1143 3045 1232 3107 multo
1255 3047 1342 3108 etiam
1363 3064 1446 3127 aper-

65 3151 117 3214 tius
144 3153 335 3217 iohannes⁸⁹
367 3155 555 3236 expresserit
599 3153 780 3216 Audiverant
810 3156 888 3217 enim
909 3154 1033 3237 apostoli
1055 3154 1200 3219 Christum
1229 3155 1265 3219 ab
1293 3155 1348 3219 illis
1374 3162 1448 3216 aiei-

67 3256 158 3325 biiiter
178 3280 378 3344 recessurum,
401 3282 528 3346 eumque
547 3263 700 3327 audierant
720 3262 834 3327 aPatre
850 3265 937 3326 enixe
953 3263 1156 3346 postulantem,
1182 3273 1213 3327 ut
1227 3265 1317 3328 veltet
1332 3264 1446 3327 illorum

61 3379 236 3452 conspicuae
251 3378 364 3435 anteit
379 3380 574 3454 prospectum.
611 3373 736 3436 Abunde
758 3374 847 3456 igitur
868 3373 924 3436 sibi
946 3375 1001 3437 visi
1022 3382 1090 3437 sunt
1111 3374 1304 3437 intellexisse:
1328 3374 1348 3437 l.
1365 3374 1447 3436 Chri-

62 3487 132 3544 stum
154 3483 190 3546 ah
213 3485 250 3545 iis
272 3482 424 3565 explendis
444 3484 574 3565 partibus
596 3482 766 3564 desiturum,
789 3501 862 3565 quas
883 3482 978 3546 adhuc
1004 3483 1134 3547 mortalis
1152 3483 1273 3563 obierat,
1298 3492 1327 3546 et
1342 3483 1446 3565 quibus

61 3588 185 3654 risibilis
205 3598 312 3655 unitos
335 3593 513 3655 continetur:
537 3594 690 3656 imminere
715 3602 872 3675 propterea
893 3601 1007 3675 tempus
1032 3592 1066 3656 ll.
1090 3611 1149 3674 quo
1170 3592 1244 3655 atter
1267 3592 1342 3655 illius
1365 3595 1446 3655 vices

61 3702 212 3783 acciperet,
236 3722 271 3765 ao
293 3720 415 3764 munere
437 3699 567 3765 risibilis
590 3710 700 3783 eapitis
722 3703 902 3786 iungeretur.
946 3702 1027 3765 Hanc
1049 3710 1223 3784 conceptam
1245 3703 1343 3764 animo
1361 3703 1445 3784 cogi·

61 3811 194 3873 taionem
210 3818 242 3874 ut
257 3808 405 3891 efferrent,
427 3810 657 3893 sciscitabantur,
679 3813 725 3888 τίς
746 3812 853 3878 αὐτῶν
873 3812 960 3876 δοκεῖ
980 3807 1060 3875 eluar
1071 3809 1197 3894 μείζων.
1233 3811 1344 3876 Sensus
1360 3813 1448 3892 igitur

62 3935 145 3997 quern
160 3914 267 3982 Christi
282 3919 381 3982 verbis
398 3920 522 4002 apostoli
543 3922 741 4003 subiecerunt,
764 3941 854 4005 quum
875 3923 911 3985 ab
935 3940 972 3985 eo
994 3922 1168 4003 longissime
1190 3921 1337 4002 discrepet
1359 3941 1447 4003 quem

64 4035 256 4104 protestantes
277 4036 449 4110 sequuntur,
473 4049 539 4093 cum
561 4049 598 4093 eo
621 4032 750 4095 vicissim
774 4032 925 4113 praeclare
947 4039 1092 4094 consonat
1112 4050 1201 4114 quern
1223 4029 1358 4094 catholici
1379 4049 1447 4113 pro-

62 4131 141 4217 bant,
178 4145 209 4201 et
236 4156 255 4200 e
281 4155 340 4220 quo
370 4156 557 4221 consequens
584 4157 652 4201 esse
681 4139 870 4220 arbitrantur,
908 4137 1033 4203 Christo
1054 4147 1116 4204 iom
1138 4147 1170 4202 ia
1192 4138 1294 4204 coetos
1315 4148 1446 4219 recepto,

61 4241 261 4309 &apamiae
281 4245 373 4309 alteri
386 4246 496 4330 fuisse
513 4255 631 4329 partes,
655 4245 766 4328 ouibus
787 4256 954 4330 conspicuo
974 4256 1081 4312 antas
1105 4242 1296 4333 efficeretur.

167 4394 236 4452 179.
278 4388 344 4453 Non
370 4411 418 4455 me
440 4360 632 4475 taret'reponi
651 4410 756 4475 posse,
789 4412 806 4456 a
836 4401 934 4457 mente
956 4392 1139 4474 comilioque
1162 4392 1267 4457 Christi
1289 4395 1446 4458 aberrasse

61 4498 226 4577 apostotos,
259 4500 383 4595 eiusque
413 4502 502 4565 verba
531 4503 616 4567 aliter
645 4520 681 4564 ac
708 4500 830 4566 deceret
858 4503 1021 4585 accepisse.
1063 4501 1103 4565 ht
1130 4504 1284 4566 enimvero
1311 4503 1332 4566 i.
1353 4505 1447 4566 oratio

122 4708 170 4786 ⁸⁴)
190 4708 257 4767 ora.
278 4727 306 4771 v.
329 4709 375 4768 n.
840 4712 887 4789 Η)
908 4714 970 4772 me
990 4714 1074 4773 xxo.
1095 4713 1237 4773 ee-ac.

123 4814 171 4890 ⁸³)
191 4814 260 4873 nra.
280 4832 326 4874 vv.
349 4817 489 4875 ra-u.

125 4920 172 4996 ιθ)
199 4922 278 4991 Quod
299 4939 356 4980 enar
377 4927 417 4980 eis
436 4923 581 4981 visibiliter
600 4929 730 4997 versetur,

65 5027 287 5098 mensunusum
309 5045 363 5102 ego
383 5048 442 5087 urm
462 5032 514 5088 iliis
535 5031 583 5088 tui.
844 5030 890 5107 ³⁸)
910 5032 974 5089 tob.
995 5033 1078 5090 svn.
1101 5031 1147 5088 12.

114 5148 241 5206 rennos,
255 5155 432 5196 massonus
1187 5138 1234 5210 35

842 4873 888 4947 ³⁸)
908 4874 928 4931 1.
949 4892 974 4932 o.
