3258 5400
207 276 266 336 15⁰
723 262 856 332 urnula
898 260 1063 332 PRIMUS

205 441 323 524 ἡμέρας
352 431 388 516 ἧς
415 434 586 524 ἀνελήφθη
612 433 674 520 rt'rp'
700 432 806 516 ἡμῶν,
834 433 979 518 μάρτυρα
1003 437 1055 511 τῆς
1081 433 1287 509 ἀναστάσεως
1310 429 1405 497 αὑτοῦ
1432 433 1568 513 γενέσθαι

207 545 266 615 cdv
285 545 362 629 ἡμῖν
383 551 439 610 ivm
459 545 587 610 τούτων.
630 546 750 627 Oportet
778 563 852 627 ergo
879 554 912 608 ut
932 548 1015 609 testis
1035 547 1261 610 resurrectionis
1283 543 1397 608 Domini
1419 543 1487 607 Jesn
1504 562 1569 606 unm

207 660 359 723 nobiscum
383 658 573 721 constituatur
594 673 632 717 ex
652 653 735 717 bisce
758 656 841 736 viria,
868 654 1039 737 quibuscum
1069 662 1130 717 toto
1157 673 1195 717 eo
1216 660 1348 735 tempore
1375 653 1494 733 linimus,
1520 669 1570 733 quo

209 787 274 831 cum
299 767 349 831 illo
369 766 549 830 familiariter
565 767 589 798 '‘
617 745 766 846 degimus,
799 783 815 826 a
843 765 1014 847 baptismate
1042 762 1154 828 scibeet
1180 762 1321 826 lobannis
1346 762 1384 825 ad
1405 780 1470 824 eam
1488 779 1570 842 usqne

209 878 286 941 diem
308 895 366 959 quo
388 878 413 939 is
433 895 449 938 a
469 874 553 937 nobis
575 879 739 954 assumptus
762 880 815 935 est.

319 992 386 1048 185.
429 984 539 1059 Quibus
564 983 666 1045 Petrus
699 981 851 1045 manifeste
881 982 979 1046 delinit
997 984 1057 1065 rei,
1085 1001 1141 1065 qua
1163 982 1201 1045 de
1220 984 1327 1064 agitur,
1356 986 1570 1043 necessitatem:

210 1094 364 1159 bibliorum
386 1093 522 1170 oraculis,
543 1101 690 1173 tamquam
711 1110 840 1154 summus
862 1091 976 1155 illorum
998 1095 1150 1173 interpres,
1174 1093 1363 1173 omniumque
1383 1090 1519 1172 magister
1535 1089 1570 1151 in-

211 1208 326 1270 stitutus
348 1224 414 1267 eam
436 1202 602 1266 confirmat:
630 1202 831 1265 deliberationi
857 1219 929 1264 vero
950 1203 993 1265 sic
1011 1202 1107 1264 loeum
1133 1201 1282 1282 relinquit,
1310 1208 1343 1263 ut
1363 1201 1572 1263 consensionem

192 1321 361 1397 ‚exposcat
403 1313 519 1376 Phrasis
539 1314 632 1391 enim,
663 1309 711 1373 δεῖ
733 1305 806 1388 οὖν,
829 1311 915 1374 talem
937 1310 1013 1373 illius
1034 1311 1132 1374 verbis
1154 1310 1277 1374 subesse
1296 1317 1472 1393 potestatem
1489 1317 1572 1372 omen

213 1425 266 1488 dit:
290 1442 369 1503 „non
390 1421 420 1484 id
440 1439 572 1504 propono
594 1420 673 1502 quod
694 1421 758 1484 lieri
777 1438 816 1483 ex
836 1438 947 1502 aequo,
968 1422 1098 1484 omittire
1119 1423 1228 1502 possit,
1254 1420 1309 1483 sed
1328 1419 1399 1502 quid
1418 1419 1492 1483 lacto
1512 1435 1571 1499 opus

213 1537 250 1598 sit
263 1538 301 1615 ¹',
324 1532 443 1596 declaro
464 1552 499 1596 ac
519 1531 724 1615 praescribo.“
740 1551 748 1565 ·
766 1530 848 1593 Unde
870 1538 900 1593 et
920 1550 956 1593 ea
976 1528 1165 1612 praescribit,
1189 1528 1292 1611 quibus
1312 1530 1480 1611 insigniris
1499 1533 1572 1604 emet

214 1646 262 1727 qui
282 1643 458 1727 eligeretur,
481 1641 663 1722 formamque
685 1642 776 1721 ipsam
797 1639 949 1702 habendae
971 1639 1123 1704 electionis
1144 1640 1325 1704 determinat.

318 1753 394 1828 Ouid
414 1768 485 1814 vero
500 1750 537 1813 ad
550 1751 626 1814 haec
638 1750 815 1813 audientium
830 1752 944 1831 concio,
967 1769 1042 1831 quae
1057 1753 1083 1784 ¹⁵
1107 1758 1170 1815 erat
1190 1745 1289 1828 ὄχλος
1303 1746 1472 1831 ὀνομάτων
1489 1744 1568 1810 inid

210 1861 289 1928 αὐτὸ
311 1861 356 1938 aie
370 1858 482 1925 ἑκατὸν
496 1858 622 1935 elnonae,
644 1860 794 1923 multitudo
812 1862 935 1941 capitum
952 1865 977 1897 ¹⁹
1001 1862 1303 1924 coniunctissimomm
1317 1863 1346 1893 ²⁰
1368 1859 1454 1940 quasi
1474 1862 1572 1920 eentum

214 1970 338 2055 vigintil
358 1971 436 2035 nulla
451 1971 603 2032 interiecta
618 1987 709 2051 mora,
733 1977 874 2051 quotquot
886 1962 1016 2051 aderant,
1037 1972 1068 2033 in
1083 1970 1160 2034 Petri
1173 1972 1346 2033 sententiam
1360 1968 1512 2031 unanimes
1525 1966 1573 2027 ire

211 2089 288 2162 runt,
309 2081 475 2163 praefinitas
496 2081 533 2143 ab
553 2099 591 2144 eo
609 2081 694 2162 leges
715 2082 830 2162 sequuti
845 2086 922 2159 sunt,
943 2081 1180 2162 propositamque
1201 2079 1376 2142 electionem
1397 2075 1574 2159 perlecemnt

321 2190 404 2263 Quae
425 2189 559 2271 proiecto
581 2188 647 2251 talia
670 2196 749 2264 sunt,
770 2197 802 2251 ut
823 2190 950 2270 reputari
971 2191 1067 2251 animo
1089 2195 1252 2270 nequeant,
1275 2189 1345 2268 quin
1365 2194 1518 2251 manetur:
1536 2199 1576 2243 eo

217 2299 302 2381 gitari
323 2298 394 2360 nihil
414 2316 516 2379 posse,
546 2297 625 2379 quod
645 2299 740 2379 magis
760 2297 893 2378 Petrum,
921 2301 1075 2380 magisque
1096 2297 1253 2379 discipulos
1273 2297 1425 2377 decuerit,
1446 2297 1472 2359 si
1491 2293 1576 2356 Petne

215 2408 285 2490 ipsis
297 2409 339 2471 uti
354 2415 440 2490 caput
452 2416 595 2489 praeerat,
607 2409 736 2489 ipsisque
751 2409 1088 2490 auctoritatepraepositi
1102 2409 1236 2472 divinitus
1248 2408 1334 2470 electi
1343 2402 1579 2481 antecellebut3ot

216 2516 286 2580 nihil
308 2519 432 2600 cogitari
455 2518 582 2581 vicissim
602 2536 706 2600 posse,
729 2518 807 2599 quod
828 2520 923 2581 minus
944 2517 1074 2597 Petrum,
1097 2519 1250 2599 minusque
1271 2515 1431 2599 discipulos
1453 2511 1576 2587 semem

217 2629 242 2690 si
263 2625 365 2690 Petrus
392 2646 452 2690 non
479 2636 541 2691 erat
561 2628 618 2690 nisi
638 2645 712 2691 unus
728 2631 755 2661 ²¹
780 2647 798 2691 e
820 2627 964 2709 pluribus,
991 2627 1157 2709 nullamque
1179 2647 1195 2690 a
1217 2627 1330 2690 Christo
1351 2623 1577 2708 praestantiorem

216 2737 368 2799 ministerii
387 2745 498 2818 partem
520 2744 682 2820 acceperat.
725 2735 827 2800 lnserri
848 2738 937 2820 igitur
957 2737 1061 2818 debet,
1088 2739 1206 2801 stetisse
1227 2737 1344 2800 Petrum
1364 2736 1396 2798 in
1417 2733 1511 2798 medio
1530 2730 1577 2793 d‘m

216 2847 397 2928 cipulorum,
419 2855 565 2929 tamquam
587 2849 726 2911 maiorem
747 2849 775 2909 in
798 2849 941 2910 minorum
962 2854 1065 2928 coetu,
1087 2863 1147 2910 non
1166 2854 1314 2927 tamquam
1334 2863 1437 2927 parem
1458 2846 1488 2906 in
1505 2848 1578 2905 coetu

214 2957 343 3036 parium,
367 2955 481 3038 sibique
503 2957 570 3019 ideo
592 2975 665 3038 opus
685 2957 722 3020 de
747 2956 918 3020 sufficiendo
940 2957 1088 3039 apostolo,
1118 2955 1332 3036 sarciendoque
1354 2954 1483 3038 collegio
1501 2952 1577 3035 potia

216 3064 319 3128 simum
341 3064 483 3143 cretlitum
501 3068 693 3147 existimasse,
715 3067 794 3149 quod
807 3087 841 3129 se
856 3067 984 3130 omnium
1005 3075 1099 3149 caput,
1119 3065 1302 3147 familiaeque
1324 3064 1489 3128 dominicae
1507 3078 1577 3144 pme

215 3175 340 3254 positum
361 3182 391 3237 et
411 3176 596 3256 ipsasciret,
619 3185 648 3239 et
667 3177 771 3257 reliqui
793 3194 896 3239 omnes
918 3193 978 3237 non
997 3176 1176 3257 ignorarent

326 3289 392 3346 tae.
435 3284 532 3366 Atque
559 3286 634 3350 baec
658 3304 747 3367 quum
767 3287 825 3348 sint
842 3304 881 3347 ex
900 3287 962 3366 ipsa
984 3286 1123 3348 histor-im
1144 3286 1310 3347 narratione
1330 3286 1498 3366 perspicua,
1522 3278 1578 3344 inde

218 3398 316 3455 tamen
342 3392 432 3475 lucis,
464 3394 686 3477 splendorisque
715 3397 917 3458 accessionem
946 3396 1070 3457 mutuari
1087 3394 1239 3473 videntur,
1268 3394 1346 3475 qnod
1366 3413 1403 3457 ea
1425 3390 1578 3477 iampridem

283 3632 325 3709 ¹⁶)
353 3634 425 3692 llaec
450 3639 518 3693 enim
539 3640 582 3693 vis
601 3646 643 3696 est
662 3640 805 3711 formulae,
832 3641 880 3694 in·
928 3635 1015 3714 pater
1034 3628 1125 3712 draps
1144 3651 1194 3710 pro
1208 3636 1339 3694 thebanis.
1371 3632 1578 3695 cotennnlrtbt

220 3747 295 3797 trare
315 3748 342 3797 et
362 3744 455 3813 scire,
481 3743 558 3800 Dent
572 3743 666 3801 xxxi„
687 3743 723 3812 2,
750 3743 782 3800 11.
796 3744 879 3800 Paral.
929 3745 1031 3819 reddit,
1057 3747 1133 3802 airon
1158 3745 1292 3814 mine,
1321 3743 1443 3801 celebres
1470 3743 1577 3800 minim!

219 3846 553 3921 t10‚2aen.vll1.1o.
929 3851 1113 3925 insignesque,
1141 3851 1214 3923 quod
1233 3852 1394 3926 respexerit,
1423 3851 1530 3923 opinor,
1552 3844 1580 3900 ad

283 3979 326 4054 ¹⁷)
346 3979 456 4035 Scilicet
476 3996 564 4036 coram
587 3982 653 4055 ipsis
674 3981 803 4055 apostolis
831 3974 880 4038 αὐ-
929 3954 993 4011 Gen·
1013 3955 1058 4011 Ἣ·
1080 3954 1114 4011 4²
1139 3953 1217 4033 Cll‘U
1239 3954 1319 4033 'W
1337 3978 1380 4002 ε’·
1400 3956 1426 4013 ⁰³
1446 3947 1579 4029 ‘mim

218 4079 351 4150 Omrame
382 4085 499 4141 declarat
527 4086 636 4142 verbnm
663 4087 728 4163 Dei,
758 4089 883 4161 laetoque
930 4071 1081 4156 ὀνομαστοί
1101 4104 1143 4137 ==
1161 4083 1219 4138 vt'rt'
1235 4083 1345 4153 samem·

221 4191 281 4265 ipso
299 4191 426 4265 ostendit,
447 4208 597 4266 supremum
612 4193 665 4248 sibi
680 4195 808 4252 creditum
822 4211 882 4252 esse

219 4298 409 4369 magisterium.
994 4269 1039 4346 ²⁰)
1060 4270 1199 4346 Vulteius,
1219 4271 1311 4344 snut,
1332 4271 1404 4345 quod
1425 4277 1454 4327 et
1472 4270 1506 4326 de
1520 4268 1580 4335 lom,

932 4384 959 4433 et
978 4377 1013 4434 de
1032 4376 1197 4434 voluntatum
1217 4379 1393 4434 consensione
1413 4376 1524 4447 intelligi
1539 4384 1581 4445 pe

284 4428 326 4502 ra)
347 4427 407 4484 m
428 4426 449 4481 ¹⁶
471 4426 516 4483 15⁸
932 4488 993 4540 test.
1034 4482 1203 4540 Praetulerim
1222 4485 1398 4557 posteriorem
1418 4478 1580 4554 significate

283 4558 325 4635 ις)
357 4558 487 4629 Vffisslms
513 4556 609 4632 mela
636 4558 717 4614 “m
734 4559 882 4617 ''mmm'’
932 4606 1001 4663 nem,
1023 4606 1090 4662 qnae
1110 4591 1173 4646 item
1194 4589 1299 4646 obtinet
1319 4589 1378 4645 Act.
1394 4588 1425 4644 11.
1443 4586 1476 4660 l,
1496 4582 1581 4642 tcm-

221 4664 359 4721 Gonsentit
389 4664 480 4735 Syrus.
532 4664 621 4737 Neque
654 4667 764 4739 miram,
805 4684 883 4739 quum
933 4695 978 4751 xl·
999 4696 1046 4752 20·

219 4761 311 4844 ὄνομα
330 4785 380 4843 pro
402 4773 493 4843 rapite
513 4777 590 4845 atque
609 4772 718 4828 bomne
742 4785 795 4827 non
822 4788 883 4828 raro
1273 4806 1280 4819 ι

222 4873 781 4949 adhibeatur,utrlpoc.lll.4,lll.13.
816 4878 884 4935 ilinc
995 4879 1040 4952 ²¹)
1069 4879 1227 4935 Praesertim
1258 4894 1335 4951 quam
1365 4870 1583 4951 spiritns-snm

223 4995 367 5035 romanum
385 4996 484 5039 nomen
502 4997 551 5054 pro
572 4986 704 5056 nonnanis,
731 4988 759 5038 et
777 4975 809 5040 aa*
828 4986 884 5057 θη-
935 4984 1005 5040 dona
1026 4983 1141 5041 nondum
1162 4986 1318 5058 recepisset.
