3358 5400
673 286 820 375 carun
861 310 985 378 mv.
1460 313 1523 374 sar

146 476 246 541 venies
271 474 395 539 sonasse
421 494 478 538 nec
503 474 588 538 nobis
616 476 745 542 defuisse
767 480 896 561 quasin
924 496 961 542 ec
990 476 1068 560 quod
1095 477 1269 558 asserimus,
1297 481 1521 559 sequeremur.“

147 584 281 667 Vestipiis
309 603 383 668 ergo
405 585 539 668 Cypriani
559 585 740 669 Augustinus
760 589 876 667 institit,
907 606 1002 670 enque
1023 588 1140 669 repetiit
1159 587 1331 669 ornavitque
1352 606 1428 669 quae
1448 589 1520 653 Am·

146 693 258 758 brasias
279 696 423 776 supremis
446 695 531 758 lineis
552 695 784 760 adumbraverat.

246 811 316 867 308.
360 806 419 870 Sed
448 805 517 887 quid
546 814 671 888 uterque
696 808 807 888 statuit,
837 807 906 891 quid
934 807 1087 872 affirmavit
1110 808 1286 891 Cyprianus,
1317 805 1386 889 quid
1405 806 1522 871 tradidit

138 911 337 978 Ambrosios?
366 922 493 978 mantem
517 916 749 998 sententiamque
772 918 907 1000 Cypriani
928 938 966 981 ex
989 919 1025 982 iis
1047 919 1198 1000 novimas,
1228 935 1304 999 quse
1325 917 1356 978 in
1376 919 1519 981 acerrima

138 1021 175 1084 de
197 1021 412 1087 haereticorum
433 1024 605 1106 baptismate
627 1028 814 1089 contentione
834 1028 880 1091 bis
900 1028 986 1109 plane
1006 1027 1104 1090 verbis
1120 1030 1162 1062 ¹²⁴
1187 1026 1224 1090 ad
1243 1027 1379 1101 Quintum
1400 1025 1519 1090 fratrem

140 1134 274 1215 scripsit:
318 1134 410 1216 „Ouia
432 1133 501 1197 nibil
522 1141 618 1216 potest
633 1153 702 1199 esse
717 1155 872 1201 commune
887 1137 1041 1201 mendacio
1060 1144 1089 1201 et
1103 1136 1226 1217 veritati,
1248 1136 1378 1199 tenebris
1400 1143 1429 1199 et
1451 1134 1518 1216 luci,

136 1244 225 1307 morti
247 1252 276 1308 et
296 1242 519 1325 immortalitati,
541 1245 711 1309 antichristo
737 1254 767 1310 et
785 1247 916 1329 Christ03
943 1265 997 1329 per
1018 1249 1116 1310 omnia
1137 1245 1279 1309 debemus
1302 1245 1448 1309 ecclesiae
1469 1264 1518 1310 ca-

133 1355 264 1418 thelicae
285 1356 565 1436 unitatem'tenere,
593 1374 650 1418 nec
674 1356 704 1418 in
724 1355 822 1438 aliquo
843 1355 911 1420 fidei
936 1364 967 1419 et
987 1357 1117 1419 veritatis
1138 1356 1270 1420 hostibus
1291 1355 1409 1419 cedere.
1451 1355 1518 1420 Non

133 1472 180 1528 est
207 1473 307 1528 autem
336 1465 373 1529 de
403 1465 614 1535 consuetudine
631 1469 673 1500 '²⁵
696 1466 971 1549 praescribendum,
1000 1465 1055 1529 sed
1080 1467 1195 1530 ratione
1217 1465 1400 1529 viucendum.
1442 1465 1517 1530 Nam

130 1593 189 1638 nec
209 1574 312 1639 Petrus
341 1594 428 1657 quem
455 1577 580 1658 primum
597 1580 640 1612 ¹²⁸
662 1577 803 1641 Dominus
825 1577 930 1659 elegit,
959 1583 989 1640 et
1009 1595 1099 1658 super
1120 1594 1207 1658 quem
1228 1575 1393 1641 aedificavit
1419 1576 1516 1640 eccle-

130 1686 207 1748 siam
230 1702 328 1766 suam,
358 1704 423 1748 cunr
444 1702 546 1749 secum
566 1686 669 1751 Paulus
692 1688 729 1751 de
751 1688 974 1751 circumcisione
994 1686 1180 1769 postmodun
1200 1685 1392 1768 disceptaret,
1423 1687 1516 1751 vindi·

130 1796 213 1858 cavit
239 1794 295 1858 sibi
315 1795 423 1877 aliquid
437 1799 478 1829 ¹²⁷
503 1796 679 1879 insolenter,
707 1806 756 1862 aut
780 1804 953 1880 arroganter
977 1797 1130 1879 assumsit3
1158 1805 1190 1860 ut
1215 1796 1328 1861 diceret
1347 1815 1382 1861 se
1409 1797 1515 1878 prima-

130 1911 192 1968 tum
210 1908 255 1939 ¹²⁸
283 1913 403 1987 tenere,
430 1913 460 1969 et
486 1906 683 1990 obtemperari
707 1928 724 1972 a
752 1905 877 1971 novellis
905 1914 935 1969 et
958 1907 1086 1989 posteris
1101 1908 1144 1940 ¹²⁰
1167 1905 1222 1969 sibi
1249 1906 1345 1987 potius
1369 1912 1515 1986 oportere.

131 2173 255 2230 ilalieias
269 2176 296 2230 in
311 2175 426 2231 Historia
442 2175 616 2251 Theologica,
637 2175 680 2237 Da
692 2177 799 2247 Gradu,
914 2173 973 2249 ΙΜ)
1000 2174 1029 2230 ld
1056 2174 1127 2230 enim
1154 2179 1212 2230 erat
1230 2174 1450 2247 quemadmodum
1471 2192 1516 2233 ce·

132 2296 165 2336 aa
186 2280 270 2337 babet
288 2297 355 2353 puae
376 2282 475 2338 utiliter
495 2285 672 2341 conterantur.
849 2281 913 2338 teris
933 2281 1079 2356 apostolis,
1106 2282 1143 2337 ita
1171 2288 1198 2339 et
1224 2280 1303 2339 Petra
1329 2281 1391 2354 lege
1417 2281 1514 2339 Christi

199 2384 261 2461 ¹²⁴)
281 2386 369 2459 Epist.
389 2386 478 2444 lxxi
848 2387 1025 2445 interdictum.
1146 2394 1151 2399 “

197 2491 258 2567 ¹²⁵)
279 2492 351 2560 Ouid
368 2495 392 2550 si
412 2494 576 2551 consuetudo
603 2496 641 2551 sit
664 2494 797 2568 legitima,
913 2494 973 2568 ¹²⁸)
987 2493 1092 2551 Similia
1105 2500 1182 2551 notat
1194 2493 1333 2551 Facundus
1348 2493 1516 2550 hermianen-

132 2598 282 2655 asincero
309 2599 381 2655 ionts
407 2600 560 2674 dimanans,
588 2616 706 2672 quaeque
733 2615 798 2673 apo·
846 2602 885 2657 sis
913 2600 983 2657 libro
1002 2599 1048 2656 lx.
1070 2608 1097 2657 et
1115 2600 1149 2657 x.
1175 2616 1226 2673 pro
1254 2601 1410 2658 defensione
1436 2600 1514 2657 trium

5 2722 7 2745 ¹
131 2705 247 2761 stolicaa
278 2706 417 2763 traditioni
449 2696 646 2780 aequipollent?
678 2722 712 2763 ne
744 2712 798 2762 tum
848 2706 1038 2780 Capitulomrp.

131 2811 241 2884 quidem
261 2812 313 2867 erit
337 2811 370 2866 da
395 2812 587 2869 consuetudine
613 2811 798 2885 praescriben-
912 2812 972 2887 ¹²⁹)
998 2811 1130 2883 Ripaltius
1150 2811 1177 2867 in
1198 2811 1270 2866 uotis
1299 2809 1405 2866 subdit:
1439 2808 1515 2883 „iri-

130 2906 215 2974 dunal
245 2932 325 2973 nemo
344 2917 397 2973 boc
423 2917 537 2992 dixerit,
565 2924 593 2974 et
612 2919 729 2975 cronium
750 2918 798 2973 ml·
847 2919 929 2974 rnatui
949 2918 1062 2991 opponit
1080 2916 1261 3001 novellitatem
1274 2915 1515 2990 etpostsritatem3

131 3024 204 3079 nime
231 3022 393 3096 Cyprianus,
426 3026 470 3095 qai
498 3023 683 3079 Tertullianum
715 3024 798 3094 magi·
846 3022 925 3079 Petro
940 3024 1122 3097 apostolorum
1136 3024 1238 3095 primo,
1259 3020 1366 3076 Paulum
1381 3019 1513 3076 novellum

131 3112 216 3188 suum
237 3128 387 3186 verebatur.
429 3129 511 3201 Amul
538 3127 718 3201 consuetudo,
746 3143 797 3199 qua
847 3134 875 3184 et
894 3133 1066 3201 postremum.
1107 3128 1172 3184 Nam
1199 3143 1230 3183 se
1258 3128 1315 3199 ipse
1343 3126 1423 3199 dicit,
1451 3116 1515 3182 ἐλά·

130 3234 268 3308 pugnabat
281 3236 438 3310 Stephanus,
459 3242 516 3291 erat
530 3235 688 3308 apostolica,
708 3234 798 3306 ipsos·
846 3249 939 3309 χιστον
953 3240 981 3289 et
993 3227 1148 3309 mapmpuf‘
1189 3232 1259 3301 Quid
1278 3221 1444 3306 propterea?
1462 3232 1515 3288 boc

131 3358 184 3414 que
212 3341 351 3414 apostolos
381 3347 504 3397 auctores
532 3340 656 3397 babebat.
706 3339 796 3412 Unde,
847 3340 978 3415 nimirum,
999 3340 1089 3412 pergit
1108 3339 1167 3414 ille,
1192 3354 1249 3395 aaa
1268 3340 1431 3411 imperium,
1456 3354 1514 3395 aon

132 3446 246 3503 testibus
268 3447 430 3519 Hieronymo
459 3448 587 3503 adversus
607 3446 795 3521 luciferianos,
847 3446 1026 3518 dominatum,
1046 3452 1305 3518 compotentialem,
1326 3444 1513 3518 sedprimus

130 3552 284 3625 Augustino
311 3568 371 3608 con.
392 3554 580 3626 cresconium,
607 3558 634 3608 et
655 3553 795 3609 Vincentio
824 3554 935 3615 ,locum
955 3553 1032 3609 Petro
1058 3551 1181 3608 adscribi.
1231 3551 1305 3620 Quae
1324 3550 1411 3607 Fellus
1438 3567 1514 3624 repe-

131 3659 158 3714 iu
171 3659 394 3735 commonitorio,
415 3661 521 3716 tandem
536 3661 610 3733 vicit,
631 3667 659 3715 et
671 3660 796 3733 Cypriani
844 3667 911 3734 tens,
933 3660 1032 3731 inquit:
1058 3650 1197 3734 ,Προῖτος
1216 3647 1232 3714 ὁ
1253 3656 1371 3734 Πέτρος,
1392 3672 1446 3714 nou
1466 3674 1513 3713 au·

131 3768 205 3823 ratio
229 3766 371 3838 profligata
397 3766 487 3822 iacuit.
528 3765 584 3822 Sed
608 3765 702 3822 beatus
728 3783 797 3823 mar·
844 3773 897 3822 tem
918 3754 1079 3841 epanodos,
1105 3765 1288 3839 prioritatem,
1320 3770 1365 3819 aut
1391 3765 1414 3820 si
1444 3763 1512 3819 libet

131 3878 174 3944 tyr
194 3878 270 3928 aestu
296 3872 484 3946 disputationis
511 3872 629 3928 nonnihil
657 3872 794 3947 abreptus,
843 3872 1001 3944 primatum,
1023 3876 1050 3927 nt
1070 3885 1124 3926 non
1143 3871 1317 3943 principatum
1338 3866 1459 3926 babuit“

130 3977 216 4037 lanius
237 3984 265 4034 st
283 3971 508 4055 καταχρηστικῶς
527 3978 651 4050 loquutus
672 3985 721 4035 est
903 3977 1002 4033 Verum
1023 3978 1151 4050 sepositis
1164 3978 1306 4033 verborum
1321 3976 1426 4050 litigiis,
1447 3991 1510 4030 can·

196 4084 256 4160 ¹²⁶)
279 4085 370 4140 llatth.
387 4085 420 4141 X.
439 4085 474 4161 23
500 4085 534 4141 ad
554 4102 630 4156 mena
651 4085 738 4141 locum
759 4085 795 4140 ita
843 4083 906 4139 dide
933 4083 1125 4156 respondeatur
1152 4083 1317 4156 quaestioni:
1331 4051 1388 4139 'aa
1415 4080 1512 4139 Patr-aaa

133 4190 256 4247 Grotius:
289 4191 433 4264 ‚,l'rinceps
460 4190 628 4251 hauddubie
650 4190 794 4261 collegiia
840 4196 955 4263 propter
967 4190 1118 4263 pmmmsm
1129 4190 1234 4262 potiori
1250 4189 1370 4263 paudum
1384 4188 1510 4264 rependi,

5 4290 7 4315 ¹
132 4296 237 4353 carisio
259 4296 414 4367 designatus
435 4297 469 4353 ad
489 4296 653 4353 retinendam
674 4297 795 4368 corporis
841 4297 1091 4370 proecipieadipue
1110 4298 1173 4353 iure
1192 4299 1331 4353 emineret.
1365 4295 1395 4353 st
1414 4310 1512 4352 conce·

133 4401 320 4476 compagem.“
360 4403 511 4459 Praeiverat
531 4402 644 4475 Optatus
670 4401 717 4457 lib.
736 4401 794 4457 Vll.
844 4403 931 4478 ditur,
953 4403 1019 4459 nibil
1040 4403 1205 4459 manifestius
1225 4419 1303 4475 quarn
1324 4401 1394 4459 illins
1414 4404 1512 4475 prima-

133 4510 269 4566 scribens:
304 4508 399 4583 „Stant
424 4514 465 4565 tot
489 4508 660 4581 innocentes,
687 4513 715 4564 et
733 4523 795 4580 pec-
844 4514 898 4565 tum
927 4508 961 4564 ad
992 4508 1205 4566 excellentiorem
1237 4510 1422 4566 auctoritatem
1453 4525 1514 4582 per·

134 4623 207 4673 ester
227 4616 324 4688 accipit
344 4615 446 4690 claves,
473 4620 502 4670 ut
521 4616 636 4671 miletis
655 4617 795 4688 sepedum
844 4615 939 4689 tinere,
963 4631 1047 4686 neque
1067 4615 1135 4671 intra
1154 4614 1246 4670 inanes
1264 4616 1349 4689 priori
1369 4614 1426 4672 ioci
1446 4615 1512 4673 bnes

134 4722 307 4796 tornantur,
329 4722 465 4795 provisum
486 4729 527 4779 est
546 4728 576 4779 ut
593 4728 720 4795 peccator
734 4738 796 4797 ape·
844 4720 975 4793 adstringi
994 4735 1085 4794 pesse.
1126 4720 1174 4777 Sin
1195 4727 1431 4795 autemuepatur,
1463 4738 1512 4777 ex·
1602 4731 1605 4737 ’

133 4833 195 4888 riret
215 4830 408 4902 innocentibus,
429 4846 462 4885 ne
476 4830 630 4885 innocentes
644 4829 796 4885 clauderent
844 4829 938 4902 plicari
961 4827 1051 4901 debet,
1072 4842 1125 4898 quo
1140 4830 1285 4885 auctoritas
1299 4827 1410 4899 recidat,
1432 4843 1510 4900 quarn

135 4940 225 5019 matra
253 4943 422 5010 peccatores,
451 4942 564 5008 atquae
585 4937 735 4992 necessaria
755 4941 797 4991 ast
845 4935 994 5008 Cyprianus.
1010 4932 1090 4988 Petro
1117 4933 1194 5005 iacit,
1227 4949 1330 5005 quacum
1350 4932 1441 4987 Petrus
1461 4944 1510 4987 sno

135 5041 237 5115 unitas,
266 5056 325 5097 esse
345 5057 397 5098 non
420 5040 544 5117 posset.“
845 5042 901 5098 iure
921 5038 1101 5109 obedientiam
1121 5054 1137 5094 a
1157 5035 1237 5092 Paulo
1258 5034 1411 5109 postularet.
