3324 5382
652 324 798 394 CAPUT
838 326 897 391 IX.
1406 327 1468 391 bbd

73 513 340 580 communemque,
363 497 417 562 sed
437 494 620 561 reconditam
638 498 855 581 pnvatamqne:
890 495 969 560 illam
989 493 1129 560 videlieet
1148 492 1184 581 c)
1205 495 1331 579 quaein
1354 493 1464 560 scholis

69 607 201 689 pn‘num
219 605 458 671 ecbnnmnenna
480 615 510 671 et
529 604 689 671 billeltnnn
710 607 844 685 invaluit,
877 624 1025 690 quumque
1052 606 1227 688 consequuti
1248 604 1354 669 deinde
1377 605 1464 669 sebo·

70 715 169 780 larum
191 718 325 799 magistri
345 718 446 781 imitati
466 724 545 779 sunt.
587 716 759 780 Nullatenua
780 718 869 799 igituir
889 715 1008 780 danbium
1030 733 1100 779 asse
1120 715 1250 796 videtur,
1292 724 1463 796 correptam

72 834 302 911 conquestamque
323 825 578 911 etqntfienttonenn
598 826 767 890 declarandi
788 825 868 909 qnod
888 825 988 906 liceat,
1017 824 1156 907 qnodque
1179 825 1298 888 vetitum
1313 826 1372 907 sit,
1390 823 1463 887 enb-

72 943 188 1000 teetane
200 934 362 1016 snmnlae
382 936 451 999 dein
477 937 531 1000 καὶ
558 933 658 1015 λύειν,
694 935 880 1017 comprobari
911 934 1030 1017 quidem
1060 951 1143 999 more
1171 952 1286 1016 usuque
1313 933 1462 1016 loquendi,

72 1046 130 1111 sed
145 1052 283 1125 potesta,
321 1046 461 1109 tecllntco
478 1052 571 1125 utque
591 1051 675 1108 imre
695 1042 873 1107 subdurum
894 1042 1026 1128 anqatm
1049 1050 1287 1123 circumscripto.
1331 1044 1462 1126 Quisque

72 1174 167 1239 porro
190 1157 284 1219 cernit
304 1163 487 1237 quantopere
507 1174 525 1219 a
546 1155 668 1218 veriuta
690 1153 839 1234 dissideat,
861 1154 1006 1217 Christum
1027 1153 1095 1217 dum
1117 1152 1233 1216 Petrum
1254 1152 1461 1237 alloqueretur,

71 1265 215 1347 illumne
234 1264 281 1328 bis
302 1264 417 1345 verbis,
447 1265 500 1329 nel
519 1256 540 1328 ὃ
557 1258 616 1328 taio
637 1262 741 1347 δήσῃς,
764 1263 816 1328 aul
838 1256 860 1326 t
878 1256 937 1327 ian
957 1262 1060 1345 λύσῃς,
1083 1263 1223 1346 erigeret,
1245 1263 1289 1327 nd
1307 1284 1398 1327 usum
1418 1266 1462 1327 in-

71 1375 205 1438 tendisse
225 1376 395 1437 teebntcuen
416 1393 453 1436 ac
473 1381 645 1455 petentum,
682 1373 900 1456 verborumque
929 1390 1049 1436 suorum
1078 1379 1253 1454 potestatem
1274 1373 1461 1455 significatio-

69 1503 202 1567 nemque
224 1505 268 1547 ee
286 1485 342 1547 boc
362 1504 424 1547 usu
445 1485 665 1566 aestimandam,
688 1482 944 1565 definiendumque
964 1481 1101 1546 voluisse.

178 1593 338 1658 Enimvero
360 1596 384 1657 si
407 1595 456 1675 qni
478 1595 536 1658 sint
558 1594 664 1675 quibus
685 1595 761 1658 baec
782 1612 842 1657 aon
863 1592 1044 1675 improbetur
1064 1593 1177 1675 opinio,
1215 1590 1245 1656 bi
1275 1592 1379 1655 merito
1405 1609 1461 1657 sno
1517 1595 1518 1599 ’

70 1722 139 1767 oum
160 1704 196 1766 iis
217 1704 356 1785 componi
376 1704 583 1786 interpretibus
605 1705 728 1785 debent,
765 1706 814 1787 qui
836 1711 896 1767 tunn
913 1702 968 1767 sibi
989 1700 1184 1786 enonpeb'cne
1198 1699 1358 1785 fmsnadoe
1380 1703 1459 1784 peri-

70 1814 185 1877 tissime
208 1831 362 1877 enarrasse
381 1814 525 1895 videntnr,
547 1833 637 1897 quum
652 1814 720 1897 quid
735 1813 802 1877 illae
817 1812 893 1896 apud
905 1810 1084 1893 plataninas,
1101 1818 1324 1892 peripateticos,
1346 1817 1459 1875 etatem

69 1922 231 1986 identidem
251 1923 428 2005 exprimant,
466 1941 575 2006 magno
604 1924 807 2007 exemplorum
834 1940 958 1986 numero
985 1921 1210 2005 comprobarint.
1253 1919 1318 1994 Quo
1341 1919 1459 2002 quidem

67 2033 317 2114 interpretationis
339 2050 462 2114 genere
476 2033 722 2116 quemadmodum
744 2031 853 2096 nullum
876 2032 978 2095 estad
999 2032 1096 2095 lucum
1119 2031 1302 2112 laciendum,
1324 2032 1459 2094 irretien-

67 2141 183 2224 dosque
212 2143 363 2223 imperitos
391 2144 657 2225 accommodatius3
691 2144 729 2205 ita
756 2142 867 2207 nullum
898 2142 1027 2207 vicissim
1057 2150 1105 2207 est
1132 2141 1210 2223 qnod
1239 2141 1293 2204 viri
1315 2140 1458 2217 docti¹⁰²,

70 2249 245 2333 subactique
265 2252 378 2334 ingenii
398 2253 534 2318 acerbius
555 2253 739 2335 exagitarint.

180 2359 418 2426 Concludendum
438 2363 527 2446 igitur
548 2369 699 2444 superest,
735 2362 940 2442 cecepttonena
960 2360 1127 2443 evangelici
1147 2367 1259 2438 textus,
1288 2360 1342 2425 aul
1362 2354 1383 2424 ὃ
1401 2354 1460 2425 dein

70 2466 185 2553 δήσῃς,
208 2471 261 2533 καὶ
282 2464 304 2533 ὃ
323 2464 379 2536 daia
399 2470 509 2557 λύσῃς,
531 2473 569 2537 de
589 2479 659 2535 ture
677 2472 886 2552 mantuanis,
909 2469 1162 2551 mobtbmdtque,
1184 2488 1222 2533 eo
1243 2470 1383 2552 loquendi
1403 2489 1459 2534 usn

73 2578 208 2659 stabiliri,
245 2600 333 2659 quesn
357 2600 455 2660 neque
478 2580 514 2644 ob
535 2580 640 2646 oculos
662 2579 805 2644 Christus
829 2577 987 2662 babuerit,
1022 2601 1119 2660 neqw
1142 2575 1272 2656 Petrus,
1304 2586 1457 2659 ceterique

73 2688 204 2768 apostoli
224 2697 427 2775 capnoserint.
471 2691 556 2775 Quod
580 2710 653 2754 sane
681 2692 771 2754 miror
798 2708 857 2753 non
885 2689 976 2753 luisse
1005 2689 1188 2773 frequentius
1209 2687 1457 2770 animadversum,

70 2816 161 2880 quum
188 2799 216 2861 id
246 2799 380 2863 Olennius
409 2800 578 2882 iampridem
608 2799 806 2878 adnotaverit,
841 2817 876 2861 ae
901 2798 1010 2863 Wolllo
1044 2798 1193 2863 referente
1207 2800 1249 2831 '⁸³
1280 2797 1456 2861 ostenderit:

68 2906 221 2987 ‚samam
242 2907 339 2990 illam,
376 2928 464 2992 quarn
494 2916 582 2992 urget
599 2908 782 2992 bigbtlootus
810 2916 841 2971 nt
868 2907 1061 3001 rabbinicarn,
1098 2907 1218 2973 scholae
1239 2907 1406 2971 billebnnae
1428 2914 1458 2971 et

69 3016 315 3081 scbarnmuesnae
339 3026 497 3099 propriam
522 3018 628 3099 inisse,
665 3040 763 3098 neque
790 3024 823 3081 tn
850 3025 1001 3082 communi
1023 3014 1120 3097 plebia
1142 3040 1205 3083 osu
1225 3023 1374 3098 paean,
1408 3017 1458 3079 vix

66 3128 167 3208 inque
188 3127 303 3192 Christo
322 3135 488 3210 receptam,
525 3130 575 3210 qui
604 3128 810 3211 magistrorum
839 3128 960 3191 istorum
988 3128 1169 3192 institutione
1190 3147 1250 3191 non
1270 3127 1456 3210 profecisset,

68 3238 196 3300 munnae
218 3237 294 3320 apud
317 3237 467 3320 apostolos
488 3256 558 3301 suos
576 3237 722 3320 loquenti,
757 3236 893 3301 homines
913 3237 1078 3320 simplices,
1105 3237 1213 3320 quibus
1233 3238 1283 3302 vix
1303 3236 1455 3319 probabile

67 3331 307 3411 noanneane
329 3346 443 3429 ,aaran
463 3348 768 3411 causamentum
790 3348 867 3430 rega
888 3349 1041 3413 nonnarum
1063 3348 1184 3412 nanee

178 3461 246 3519 12⁷.
289 3457 427 3521 Ceterum
448 3457 494 3520 lV.
523 3457 592 3521 dnm
619 3474 700 3538 nego
723 3456 760 3520 dc
781 3457 995 3541 significatione
1018 3460 1175 3523 verborum
1195 3458 1299 3523 Christi
1328 3477 1371 3520 ee
1394 3476 1456 3519 areu

66 3564 252 3629 uouendum
275 3584 343 3630 esse
365 3568 414 3649 qni
434 3573 465 3629 tn
488 3566 618 3630 tannen
641 3567 807 3631 manneae
824 3567 936 3632 acono
962 3571 1133 3653 obtinuerit;
1164 3568 1242 3634 baud
1272 3567 1342 3631 rnihi
1371 3584 1454 3629 mens

68 3683 115 3739 est
140 3675 187 3739 vel
207 3674 347 3758 loquendi
368 3695 455 3740 nsum
473 3683 594 3754 penitus
616 3694 780 3759 seponere,
808 3678 856 3741 vel
878 3697 914 3742 ea
935 3677 1028 3743 aliter
1048 3680 1220 3763 accipienda
1241 3698 1311 3743 esse
1333 3685 1454 3741 conten-

69 3784 158 3865 dere,
193 3803 281 3867 qnam
316 3787 381 3850 trita
408 3786 585 3870 vulgauqne
612 3785 687 3849 ratio
720 3786 888 3869 postularet.
941 3788 1009 3854 Scio
1037 3788 1074 3852 de
1103 3790 1160 3853 hac
1185 3792 1251 3854 trita
1280 3788 1454 3870 vulgataque

68 3894 183 3957 radone
206 3911 245 3957 ex
265 3895 301 3957 iis
321 3892 399 3959 nibil
417 3896 539 3960 decerni
558 3913 663 3978 posse,
700 3914 777 3978 quae
797 3897 827 3959 in
847 3897 929 3962 libris
949 3899 983 3962 V.
1005 3899 1038 3962 Τ.
1061 3899 1214 3982 leguntur,
1247 3917 1337 3981 mum
1356 3897 1386 3960 in
1407 3895 1453 3958 his

69 4002 247 4088 nanpelten
264 4002 409 4088 furnulo
429 4008 562 4088 nuspiam
582 4014 730 4070 occurat:
762 4008 824 4070 scio
856 4026 895 4071 ex
920 4009 990 4090 ipsis
1019 4027 1136 4091 qnoque
1163 4008 1245 4073 libris
1274 4007 1310 4071 Ν.
1331 4007 1363 4070 Τ.
1392 4026 1453 4068 neas

66 4111 163 4193 dura
184 4121 351 4196 suppetere,
373 4132 462 4196 quum
484 4114 532 4179 illa
553 4115 650 4179 smne!
669 4124 789 4180 lantum
812 4137 850 4178 ac
871 4137 999 4179 mesum
1020 4118 1105 4196 aprad
1118 4114 1312 4182 Mattianum
1333 4113 1453 4180 adbibe-

68 4233 158 4299 stur5
193 4223 379 4288 nibilominus
415 4224 484 4287 dum
514 4244 630 4289 mecerin
657 4233 762 4308 reputo
789 4225 858 4290 binc
885 4226 1003 4309 quidem
1042 4231 1084 4290 1⁰.
1112 4228 1249 4308 formam,
1286 4227 1452 4307 faciemque

67 4350 240 4398 sermonum
254 4332 361 4397 Cbristi
377 4332 557 4414 popohrena
577 4333 804 4420 ootanemque,
827 4335 894 4400 inde
918 4354 989 4400 vero
1013 4337 1058 4400 2⁰.
1085 4339 1148 4402 eins
1168 4337 1345 4422 loqnntionis
1367 4354 1452 4399 nsum

135 4533 197 4608 ¹⁰²)
232 4534 271 4591 Cl.
299 4550 367 4608 qnae
393 4533 475 4594 babet
500 4536 634 4608 Clericus,
663 4537 739 4594 llrtls
791 4537 975 4597 imm
999 4547 1054 4610 est,
1087 4541 1126 4599 od
1150 4541 1281 4616 loquendi
1304 4540 1401 4599 modos
1426 4549 1453 4599 st

70 4639 163 4696 Critic
184 4639 285 4696 Voll
312 4641 382 4697 sare
402 4641 423 4698 l.
450 4643 564 4701 secel
592 4643 657 4717 Cap.
677 4643 737 4716 xv,
786 4644 923 4703 naemu
952 4662 1098 4705 merom
1126 4649 1300 4721 mm,
1340 4648 1451 4706 eadent

69 4748 187 4817 itemque
207 4746 387 4821 llosbemins,
408 4750 453 4822 qni
473 4751 499 4807 tn
520 4752 575 4807 suls
596 4751 739 4821 cogitatio-
787 4751 959 4825 Μυκη
981 4770 1117 4831 arcemque
1141 4759 1173 4814 in
1195 4757 1323 4816 temne
1350 4764 1450 4813 ωασ-

70 4851 151 4910 nibm
171 4852 206 4908 de
226 4866 261 4908 eo
282 4853 353 4925 qnod
373 4855 469 4911 lusum
489 4862 533 4912 est
551 4858 622 4913 circa
650 4872 739 4914 saara·
786 4858 863 4915 ribus
877 4858 987 4933 onnon
1005 4864 1066 4921 eine
1084 4880 1189 4938 nonne
1206 4865 1451 4936 mammosam

69 4974 131 5017 rnm
163 4957 309 5015 bwsrum
342 4976 376 5016 ex
408 4961 529 5033 prolenis
562 4963 738 5035 scriptoribus
789 4966 1010 5028 salemonem

71 5066 333 5143 innrpmtnt'onem,
366 5065 435 5127 nme
467 5069 562 5127 annu
594 5083 738 5129 cuonem
852 5070 913 5152 ¹⁹¹)
930 5072 1049 5135 uonna
1063 5072 1155 5134 critic.
1169 5072 1389 5135 antetalius.
1403 5071 1449 5133 n.
