3374 5388
678 313 824 387 CAPUT
866 313 925 378 IX.
1431 316 1494 379 tttd

213 484 254 549 iis
272 483 396 551 absolvo
417 501 494 566 quae
515 481 591 548 tahn
611 482 642 546 in
662 481 831 548 Enobiridio
842 487 868 518 ⁰
888 483 990 564 docet,
1012 500 1154 564 „sensuum
1168 482 1325 545 verborum
1340 479 1439 566 itqure
1463 489 1494 549 et

100 593 224 660 where
240 593 339 658 datu.
354 594 429 659 XVI.
455 599 503 656 19.
525 612 564 657 ex
584 611 642 657 usu
661 593 804 677 loquendi
823 593 1066 657 thalmudicorum
1088 600 1201 656 certum
1223 610 1301 669 esse,
1323 593 1373 674 qui
1394 592 1493 660 verbis

101 711 186 781 'tote
206 711 237 768 et
258 695 347 778 mitt
361 702 600 784 frequentissime
615 711 734 767 utuntur
747 704 785 767 de
799 703 994 788 prohibitione
1010 710 1041 766 et
1054 703 1244 785 praecepto.“
1279 701 1363 776 Quod
1378 701 1494 766 iliorum

101 814 280 880 teeumontts
314 832 332 877 e
357 812 534 877 Wetesteuii
559 812 793 877 adnotationibus
824 812 985 894 desumptis
1016 811 1181 889 confirmat,
1217 830 1254 876 uo
1285 830 1354 875 mox
1381 812 1492 895 porgit:

105 941 180 1021 „iiis
194 939 270 1004 addo
300 943 393 1052 ⁸⁹3>
418 938 517 1016 uoluit,
540 938 618 1003 med.
634 939 665 1019 i,
688 956 757 1003 esse
776 936 895 1003 licitum
908 937 986 1021 fuit,
1009 945 1040 1002 et
1059 940 1090 1001 in
1104 937 1137 1001 11.
1160 936 1278 1002 licitum
1292 935 1380 1021 feeit.
1403 938 1494 1003 Hebr.

105 1071 190 1171 Wbtss
210 1064 321 1151 imore,
342 1064 404 1130 rtbr·
424 1064 543 1146 uttqrrtd
560 1062 734 1146 prtrdtbere,
757 1072 787 1129 et
808 1071 888 1161 ubit
908 1063 1080 1142 omentum,
1104 1071 1135 1128 et
1156 1063 1193 1126 de
1215 1065 1308 1146 votis,
1331 1065 1435 1146 quibos
1458 1082 1493 1127 se

102 1219 276 1301 quibusdam
296 1219 388 1284 rebus
410 1217 623 1283 interdicebant
643 1217 727 1282 Num.
750 1217 841 1281 XXX
864 1223 939 1280 ³-
956 1222 1010 1299 15,
1046 1234 1082 1280 ac
1103 1221 1184 1291 Ἶῡκ
1205 1215 1251 1281 Ps.
1274 1216 1330 1279 cv.
1353 1223 1411 1299 22,
1443 1216 1492 1280 „pp

100 1328 316 1410 parottettrmus
337 1346 518 1413 synonymus
537 1328 686 1391 notionem
708 1326 784 1390 hanc
806 1326 1010 1391 determinut“

213 1470 281 1528 119.
325 1464 396 1527 Cum
417 1462 475 1527 boc
497 1471 595 1528 autem
617 1463 848 1542 commentario,
884 1462 1030 1545 siquidem
1050 1462 1099 1528 iile
1120 1463 1277 1547 probetur,
1305 1463 1366 1526 duo
1387 1485 1490 1529 conre-

98 1581 285 1656 qrrutr'orurm
302 1595 418 1660 qenere
439 1581 576 1638 conserto
598 1581 678 1653 sunt,
715 1591 839 1655 quorum
868 1572 991 1636 alterum
1012 1574 1056 1637 ud
1076 1572 1245 1659 euauqetter’
1266 1582 1373 1637 temtus
1395 1582 1492 1638 sutto-

98 1705 180 1769 nem,
202 1691 454 1763 structuramque
473 1690 595 1764 spectat,
618 1683 741 1747 alterum
762 1683 805 1746 ud
825 1704 892 1747 eoru
911 1682 1039 1746 retertur
1053 1683 1230 1764 doctmoam,
1253 1701 1340 1767 quarn
1355 1683 1393 1746 de
1408 1701 1492 1765 prae·

99 1795 248 1878 rogativis
268 1793 345 1857 Petri
366 1793 579 1875 explanandum
600 1792 861 1874 vindicandamque
883 1794 1076 1874 suscepimus.

214 1929 251 1993 Et
260 1930 296 1993 ud
310 1930 435 2011 primum
450 1928 568 2011 quidem
583 1947 690 2012 genus,
706 1928 785 2011 quod
799 1927 1057 1993 immoriturum
1073 1928 1313 2010 nuncupabimus,
1328 1928 1382 1991 ista
1393 1946 1432 1992 ex
1445 1946 1493 1992 or·

96 2040 170 2104 dine
183 2039 343 2121 pertinent:
364 2038 385 2101 1.
409 2038 524 2117 verbis,
547 2038 602 2102 rui
621 2031 713 2103 dudo
726 2036 832 2123 δήσῃς,
847 2039 901 2102 καὶ
919 2034 1010 2103 dedu
1022 2036 1133 2123 λύσῃς,
1154 2039 1239 2102 aliam
1255 2039 1377 2120 exprimi
1391 2038 1491 2102 ἰάσω

97 2167 190 2232 quant
205 2166 283 2230 quae
296 2146 411 2227 verbis,
435 2147 488 2210 καὶ
502 2144 598 2211 δώσω
614 2148 664 2210 σοὶ
678 2140 736 2223 rdq
751 2146 835 2222 κλεῖς
850 2148 903 2224 τῆς
917 2145 1080 2231 βασιλείας
1094 2153 1157 2212 roiu
1171 2145 1335 2230 οὐρανῶν,
1361 2146 1491 2229 effertur,

97 2260 250 2341 aliamque
271 2258 307 2321 iis
326 2258 450 2340 proponi
469 2264 633 2342 tmuqtnerrr
647 2275 735 2339 quam
750 2275 825 2338 quae
840 2255 886 2319 his
901 2265 1146 2339 repraesentatur.
1174 2257 1291 2322 Etenim
1304 2259 1337 2322 li.
1357 2255 1492 2321 ambitur

92 2369 258 2453 phraseos,
279 2367 333 2431 >rui
355 2364 451 2431 δήσω
468 2414 538 2448 ...,
560 2384 598 2431 eo
619 2366 705 2430 latior
726 2384 847 2448 prorsus
869 2374 914 2429 est
935 2367 985 2448 qui
1006 2366 1166 2446 formulae,
1188 2368 1242 2432 καὶ
1264 2360 1283 2431 ὃ
1303 2362 1361 2432 tdr
1381 2366 1491 2452 δήσῃς,

98 2480 156 2544 καὶ
185 2470 283 2542 dirim
304 2474 413 2561 λύσῃς,
442 2478 594 2557 convenit,
617 2496 653 2540 ao
671 2483 781 2539 tuntum
803 2477 880 2539 inter
900 2482 1056 2559 utrumque
1078 2477 1180 2556 distat,
1213 2486 1351 2559 quantum
1371 2484 1493 2541 uumer-
1530 2540 1534 2545 .

99 2586 181 2650 rultr
203 2594 374 2651 auctoritas
395 2586 541 2669 prioribus
564 2585 727 2669 significata
749 2585 848 2649 verbis
869 2584 905 2648 ab
927 2592 1111 2650 auctoritate
1132 2585 1229 2651 differt
1251 2597 1337 2681 certe
1351 2586 1491 2670 definita·

100 2718 171 2778 que,
192 2714 268 2779 quae
292 2696 506 2780 posterioribus
528 2694 708 2778 designatur.
742 2693 839 2769 Quare
861 2694 905 2756 tlt.
929 2692 987 2757 duo
1009 2693 1056 2758 illa
1073 2697 1214 2761 orationis
1234 2696 1366 2760 membra
1386 2697 1493 2781 podem

99 2806 265 2871 cohaerent
284 2825 380 2888 nexu,
416 2825 475 2890 quo
501 2803 662 2891 sinquture
689 2826 759 2869 euur
780 2801 968 2882 uniuersali,
1004 2812 1034 2867 et
1060 2826 1132 2868 eum
1161 2813 1223 2869 toto
1247 2827 1325 2886 pure
1353 2827 1492 2886 quaeque

99 2917 236 2981 vinciutr.
269 2914 314 2980 Ex
330 2915 475 2980 eiusmodi
492 2924 589 2980 autem
612 2913 825 2980 coniunctionis
846 2911 937 2975 modo
958 2931 1010 2977 sua
1031 2914 1286 2996 sponsorum,
1308 2934 1367 2979 non
1381 2917 1491 2980 intendi

95 3025 264 3108 augerique
292 3026 482 3104 senteutiam,
513 3025 569 3090 sed
596 3025 730 3090 conuehi
757 3024 853 3107 potius
882 3031 970 3105 atque
1000 3024 1217 3106 circumscribi3
1247 3025 1401 3107 mediaque
1422 3044 1489 3107 par·

95 3134 187 3200 tieula
201 3134 256 3198 καὶ
270 3153 339 3197 eum
353 3133 548 3199 demomtruri
562 3140 729 3198 tramitum
743 3134 793 3216 qui
808 3141 868 3197 tum
883 3132 1003 3211 obtinet,
1025 3152 1114 3216 quum
1133 3132 1306 3198 uniuersali
1320 3133 1488 3219 amputare,

93 3262 135 3311 uo
154 3248 212 3307 totr‘
229 3262 308 3324 porr
329 3242 466 3307 rturderu
485 3239 592 3324 aitqua
613 3243 773 3307 subiicitur.
815 3242 976 3307 Luetdenta
997 3244 1052 3307 ista
1073 3250 1149 3325 sunt,
1173 3250 1203 3307 et
1225 3262 1291 3309 eum
1313 3264 1349 3311 ea
1370 3263 1428 3328 qum
1450 3244 1488 3309 de

94 3354 248 3436 loquimur
269 3352 456 3419 mortuone
477 3352 645 3433 verborum,
667 3352 722 3417 καὶ
741 3345 762 3416 δ’
782 3346 841 3417 triu
862 3349 967 3436 δήσῃς,
989 3354 1043 3417 uui
1064 3344 1159 3417 dud»
1182 3353 1286 3438 λύσῃς,
1308 3361 1368 3419 tam
1389 3355 1490 3419 intime

94 3464 207 3544 iuncta,
229 3469 261 3526 ut
279 3481 377 3544 neque
398 3463 503 3546 negari
523 3464 646 3544 possint,
668 3480 766 3544 nequa
786 3462 946 3544 prudenter
966 3464 996 3525 in
1017 3461 1226 3526 dubitationem
1248 3463 1362 3528 adduci.

211 3611 279 3669 120.
321 3605 398 3680 uuio
420 3623 510 3689 porro
531 3624 570 3670 ex
588 3604 635 3670 iris
657 3606 754 3688 quoad
776 3606 914 3689 alterum,
944 3607 1033 3689 idque
1053 3608 1259 3692 dopmuttcum
1280 3608 1488 3689 consequutio·

94 3733 167 3780 num
190 3732 303 3798 genus,
332 3716 554 3799 doctrinamque
574 3714 611 3778 de
632 3714 710 3778 Petri
732 3717 944 3797 praerogativis
973 3715 1121 3782 dimanati
1152 3714 1231 3780 nitu
1252 3736 1382 3795 prorrur
1410 3717 1489 3798 quod

94 3825 136 3891 ab
157 3836 194 3889 ea
212 3824 374 3903 dissideat,
403 3830 523 3889 omniuo
548 3823 627 3887 nuit
647 3826 725 3907 quod
748 3825 785 3889 ad
809 3845 875 3889 eam
897 3825 1096 3890 illustrandam
1117 3825 1407 3909 promovendumque
1428 3845 1489 3891 non

95 3934 239 4000 conterat
287 3934 346 3999 Fac
372 3935 451 3999 euim
480 3940 592 3998 certum
621 3935 862 4017 exploratumque
890 3952 977 4015 esse,
1014 3934 1090 3999 bano
1124 3936 1223 3999 verbis
1253 3934 1358 3999 Christi
1386 3937 1487 4001 inesse

95 4052 290 4128 potestatem:
326 4051 356 4107 et
378 4043 527 4125 qutdqutd
551 4040 726 4122 deuectum,
762 4041 907 4120 liberum,
945 4042 1139 4125 solutumque
1167 4050 1200 4109 tu
1228 4053 1314 4110 terre
1341 4046 1488 4127 ediscite,

94 4155 231 4235 idipsum
251 4151 418 4232 Munium,
440 4151 577 4232 liberum,
601 4152 798 4235 solutumque
818 4161 878 4217 ott
898 4160 930 4217 tu
952 4153 1047 4219 caeto
1070 4156 1219 4233 edicturm
1247 4157 1397 4237 quidquid
1415 4179 1490 4221 uero

94 4273 200 4345 turpe,
222 4270 365 4346 uetitum,
385 4262 576 4349 liquturnque
594 4271 627 4327 in
650 4271 738 4327 terro
758 4270 941 4341 sanciverit,
963 4265 1096 4345 idipsum
1118 4273 1223 4350 turpe,
1244 4275 1384 4346 uetitum,
1412 4265 1488 4353 Itqu-

95 4383 224 4455 tumque
244 4380 287 4440 or
301 4372 395 4439 ecelis
415 4373 683 4454 pronunciabatur.
726 4374 815 4456 Quid,
845 4391 975 4458 quaeso,
1011 4384 1107 4459 potest
1127 4396 1163 4440 ac
1183 4396 1256 4441 vero
1277 4380 1365 4444 etium
1388 4378 1489 4444 inferri

97 4481 226 4567 ἀμέσως
247 4481 359 4548 debeti

204 4619 323 4685 Scilicet
336 4617 357 4681 t
373 4637 552 4709 reprensum
563 4617 648 4683 Petro
659 4620 788 4701 promitti
797 4627 1017 4713 moqtrterr‘um,
1029 4623 1111 4689 ouius
1124 4642 1244 4688 munera
1258 4633 1415 4708 partesque
1430 4626 1489 4689 sint

95 4727 171 4795 latta
184 4730 318 4810 tudiciis,
330 4726 593 4814 prorutiqottrque
607 4725 724 4813 leqr‘bur
740 4728 874 4813 edicere,
897 4732 966 4814 quid
981 4731 1045 4797 fieri
1060 4735 1192 4798 tenerive
1207 4742 1357 4816 oporteat,
1379 4733 1486 4816 quidve

98 4934 765 5022 xutu.1u:oipartcrerotuonoraoedp‚
833 4986 838 4995 ·
880 4949 1080 5027 ⁴²)1inobirid.
1108 4950 1134 5023 ς.
1156 4949 1203 5007 22.

97 5060 127 5113 ut
146 5053 239 5129 biattb.
259 5052 330 5111 xxt.
352 5053 400 5111 25.
