3358 5400
163 222 226 285 198
683 211 815 281 Idm
856 212 1022 282 mistas

274 385 335 454 seu
350 386 574 467 quamprimum
584 384 728 449 innotuit³
750 383 867 448 Petrum
878 383 1134 467 comprehensum,
1148 381 1378 465 carceribusque
1391 379 1575 464 detentum
1659 384 1660 435 l

168 489 328 578 προςευχν)
356 494 392 559 δὲ
412 484 451 572 ἦν
469 490 594 571 ἐκτενής
614 497 762 576 γινομένη
787 490 849 556 ὑπὸ
872 496 924 570 τῆς
944 493 1107 571 ἐκκλησίας
1129 491 1209 574 πρὸς
1229 489 1283 555 τὸν
1303 489 1391 555 θεὸν
1414 491 1495 571 περὶ
1516 487 1576 554 md-
1659 486 1660 489 '

170 608 245 682 τοῦ,
266 605 376 669 nullum
399 603 527 667 ecclesia
558 603 700 667 modum⁴
732 605 829 685 posuit
848 602 1002 686 precibus,
1029 602 1134 684 quibua
1153 600 1246 666 Deum
1267 618 1322 684 pru
1343 599 1430 664 illius
1455 599 1574 663 incolu-

170 718 270 781 mitate
299 734 335 779 ac
356 714 490 779 libertate
512 721 658 779 exoraret
702 712 775 779 Sunt
795 713 871 777 baec
892 711 1060 795 apostolicis
1080 714 1153 776 actis
1175 713 1365 795 consignata,
1397 726 1506 797 peque
1529 708 1574 773 ias

171 826 209 890 de
229 825 276 888 bis
298 833 344 888 est
365 824 506 888 dubitare.
1419 822 1424 829 “

276 935 332 999 Fas
353 951 426 998 vero
439 911 511 1011 est,
533 952 569 997 ac
590 933 710 997 omnino
731 931 819 995 decta
838 932 938 997 amari
957 933 1101 1016 penitius,
1130 931 1209 996 unde
1229 939 1308 996 tanta
1328 930 1489 996 ecclesiae
1512 930 1573 995 sol·

168 1044 307 1126 licitudo,
329 1042 438 1126 quidve
458 1043 567 1107 Lucam
589 1044 730 1121 moverit,
750 1049 782 1105 ut
804 1040 842 1106 de
859 1042 997 1125 precibus
1017 1062 1072 1127 pro
1092 1043 1179 1107 Petro
1200 1042 1285 1122 buis,
1310 1042 1460 1124 odioque
1482 1042 1573 1104 mua·

171 1153 261 1218 culo⁸
287 1171 346 1236 quo
359 1152 409 1216 ille
423 1155 453 1216 in
467 1153 630 1217 libertatem
644 1160 838 1234 assereretur,
853 1152 1036 1217 enucleatam
1046 1153 1122 1217 adeo
1136 1154 1333 1216 narrationem
1344 1151 1571 1215 conscriberet.

279 1267 349 1326 254.
394 1261 472 1328 Sane
493 1279 592 1326 nonna
607 1261 735 1326 lacobus
757 1264 833 1326 inter
854 1262 1003 1345 apostolos
1023 1262 1220 1326 amissimus
1234 1261 1480 1344 comprehensus
1502 1267 1572 1325 ana

171 1372 276 1454 marat,
298 1373 473 1436 consuletus
488 1372 622 1453 vinculis,
644 1373 802 1456 gladioque
816 1369 996 1455 percussus?
1017 1373 1154 1436 ommno:
1165 1352 1274 1454 'neqoe
1289 1374 1385 1435 tantis
1403 1378 1570 1454 propterea

172 1482 264 1546 luisse
285 1480 431 1545 ecclesiae
452 1499 539 1544 curas
556 1481 704 1564 legimus,
733 1502 831 1565 neque
851 1482 946 1546 Lucas
968 1482 1005 1546 de
1027 1482 1131 1546 oblatis
1151 1499 1205 1564 pro
1227 1499 1265 1544 eo
1285 1479 1430 1563 precibus
1453 1477 1506 1542 vel
1527 1477 1571 1540 le·
1630 1458 1634 1465 ’

172 1592 292 1656 sisaim
312 1591 432 1655 monuit
473 1589 579 1654 Nonne
600 1592 664 1673 ipse
684 1610 802 1674 quoque
815 1592 943 1656 Paulus⁸
975 1593 1004 1655 in
1026 1592 1130 1655 eadem
1153 1590 1418 1674 hierosolymitana
1442 1587 1520 1651 urbe
1541 1593 1572 1649 et

172 1709 272 1785 raptus
293 1701 323 1763 in
344 1701 459 1764 ansula
480 1701 545 1781 lauit,
569 1708 598 1764 et
619 1703 649 1764 in
664 1703 877 1783 apertissimum
897 1703 977 1765 venit
991 1704 1068 1766 vitae
1089 1698 1268 1793 discrimen?
1291 1700 1475 1778 certissime,
1498 1696 1570 1780 quin

172 1819 272 1876 tamen
292 1812 441 1874 orationes
464 1828 518 1893 pro
541 1828 578 1874 eo
600 1809 637 1873 ab
659 1813 786 1875 ecclesia
807 1811 903 1876 iactae
925 1818 1133 1877 memorentur.

280 1919 351 1984 inde
372 1920 508 1983 nimirum
527 1922 622 2002 repeti
643 1919 802 1983 discrimen
830 1919 934 2003 debet,
961 1919 1041 2003 quod
1062 1939 1176 1984 summa
1203 1918 1321 2002 malem
1343 1925 1429 1982 esset
1451 1915 1569 1996 Jacobi,

172 2031 313 2113 Paulique
334 2032 506 2110 auctoritas,
536 2048 649 2093 sumans
673 2030 865 2113 existimatio,
892 2030 947 2094 scd
975 2047 1052 2111 quae
1072 2028 1232 2094 tamenab
1254 2048 1291 2092 ea
1311 2028 1405 2112 longe
1430 2028 1567 2107 distaret,

175 2159 233 2223 qua
254 2139 357 2202 Petrus
378 2139 408 2201 in
429 2138 557 2202 ecclesia
577 2138 748 2222 potiebatur.
791 2139 887 2204 inerat
900 2214 903 2221 Ι
916 2140 972 2203 illis
993 2141 1149 2205 auctoritas
1176 2159 1305 2223 summa,
1333 2156 1518 2220 summoque
1539 2136 1570 2198 in

175 2249 269 2333 pretio
290 2247 380 2311 iidem
401 2246 598 2312 habebantur:
627 2256 711 2312 erant
730 2255 829 2312 tamen
849 2247 999 2326 membro,
1027 2268 1116 2333 mum
1138 2258 1239 2313 contra
1258 2249 1361 2313 Petrus
1381 2249 1451 2313 iure
1472 2255 1505 2311 et
1526 2245 1569 2309 di·

175 2358 286 2442 gnitate
322 2362 434 2436 eapitis
463 2356 666 2439 praecelleret
708 2358 814 2422 Unde⁷
847 2358 1086 2443 Chrysostomus:
1130 2358 1360 2442 Φιλοστοργίάς
1391 2357 1516 2440 δεῖγμα
1548 2351 1567 2430 ἡ

175 2461 351 2548 προςευχή.
374 2468 493 2545 suamc
506 2464 618 2542 πάντες
632 2465 769 2546 ἐζήτουν,
784 2474 903 2553 πατέρα
922 2465 1048 2552 ἥμερον.
1091 2470 1210 2533 Amoris
1224 2469 1362 2533 indicium
1377 2476 1446 2532 erat
1460 2466 1566 2531 oratio.

177 2571 309 2640 Patrem
329 2592 433 2639 omues
454 2576 650 2659 quaerebant,
672 2586 785 2662 patrem
806 2587 997 2643 mansuetum.

285 2691 355 2748 255.
398 2684 533 2750 Proiecto
555 2708 631 2771 que
651 2708 691 2752 ex
708 2689 849 2752 Actorum
869 2686 946 2754 libro
965 2707 1020 2772 per
1040 2696 1138 2772 partes
1161 2689 1304 2754 hactenus
1324 2687 1496 2767 retulimus,
1517 2702 1566 2748 rc·

176 2797 293 2878 lataque
315 2794 526 2878 expendimus,
554 2796 623 2860 talia
645 2797 716 2862 nabi
738 2817 805 2862 esse
826 2790 962 2862 adeatur
981 2818 1058 2881 quae
1079 2799 1137 2863 duo
1155 2801 1265 2882 pariter
1284 2799 1508 2862 demonstrent:
1531 2811 1566 2856 ac

177 2906 295 2970 Petrum
316 2905 447 2988 inprimis
467 2906 585 2989 capitis,
606 2912 755 2991 patrisque
776 2926 897 2971 munere
919 2907 1048 2972 functum
1070 2927 1155 2973 osse:
1178 2915 1239 2972 tum
1259 2925 1333 2972 vero
1353 2909 1428 2989 iura,
1451 2911 1564 2989 partes-

179 3035 237 3099 que
258 3017 360 3098 capitis
381 3016 426 3079 sic
445 3015 486 3079 illi
507 3017 664 3082 ecclesiam
689 3017 843 3099 detulisse,
865 3024 896 3080 ut
917 3025 1096 3100 compertam
1116 3017 1171 3081 sibi
1193 3018 1432 3100 exploratamque
1457 3015 1564 3098 prima·

178 3132 225 3189 tus
246 3126 455 3190 institutionem
476 3147 494 3190 a
515 3126 628 3193 Christo
649 3128 810 3212 prolectam
831 3127 1061 3191 luculentissime
1082 3125 1298 3209 significaverit

285 3232 398 3316 Ecquid
424 3237 503 3299 enim
530 3256 637 3320 agere,
665 3238 772 3321 quidve
799 3239 927 3301 maxime
957 3236 1083 3319 aggredi
1101 3237 1204 3300 Petrus
1233 3236 1398 3316 debuisset,
1427 3237 1453 3300 si
1482 3232 1562 3296 illum

179 3341 300 3425 reliquis
326 3348 546 3427 praeposuisset
572 3347 721 3428 Christus,
749 3349 937 3428 omniumque
965 3354 1050 3428 caput
1075 3346 1262 3430 designasset
1285 3347 1425 3427 primurn,
1455 3339 1561 3406 deinde
1659 3398 1660 3407 ,

180 3467 254 3514 vero
274 3452 465 3518 institussett
488 3457 583 3519 omnia
606 3475 644 3519 ne
667 3457 723 3520 sibi
744 3456 912 3520 adsciscere
933 3464 963 3520 et
982 3474 1043 3520 non
1064 3456 1129 3520 sine
1150 3455 1306 3539 supercilio
1328 3455 1488 3533 vindieme,
1510 3469 1562 3514 κυ-

180 3558 317 3641 ριεύσινι
347 3558 501 3649 ἀδελφῶν
521 3566 575 3629 καὶ
594 3562 792 3645 ἐξουσιάζων
812 3562 935 3642 αὐτῶν,
963 3566 1106 3630 dominari
1124 3566 1155 3628 in
1173 3565 1291 3645 iratres,
1317 3573 1405 3647 atque
1426 3581 1511 3629 suam
1531 3560 1561 3622 iu

181 3669 247 3734 illos
269 3677 416 3735 ostentm
438 3673 619 3755 potentiuml
641 3678 739 3740 vocari
760 3672 931 3757 εὐεργέτην,
953 3692 1136 3759 magnosque
1155 3675 1210 3741 sibi
1232 3692 1351 3739 sumere
1371 3672 1491 3739 tuaest
1512 3688 1560 3732 ce·

181 3787 262 3845 tercs
283 3800 301 3844 a
322 3781 482 3846 ministerio
503 3803 621 3865 arcere,
643 3785 757 3849 illorum
778 3802 899 3867 operam
920 3785 1087 3868 aspernari,
1115 3804 1214 3868 neque
1235 3785 1331 3865 serre,
1353 3793 1384 3850 ut
1405 3804 1493 3868 quam
1513 3798 1560 3844 ac·

183 3898 324 3973 ceperant
341 3898 515 3974 potestatem
536 3895 687 3957 matrimes
709 3893 904 3959 exercerent?
925 3913 985 3959 non
1009 3897 1105 3960 nanta
1126 3896 1222 3959 solum
1243 3897 1298 3959 ista
1319 3903 1401 3978 sunt,
1423 3914 1459 3960 ac
1480 3891 1558 3968 tusa

183 4002 237 4066 sed
261 4001 499 4067 manifestissime
520 4001 660 4084 absurda,
689 4011 719 4067 et
740 4023 758 4067 e
779 4004 884 4085 quibus
905 4023 993 4069 nemo
1015 4024 1075 4069 non
1094 4004 1181 4088 plane
1202 4007 1321 4070 nescius
1342 4006 1503 4090 evangelii,
1527 3999 1559 4063 il·

183 4110 299 4194 liusque
320 4113 454 4195 spiritus,
476 4114 525 4195 qui
547 4112 752 4177 christianismi
771 4116 905 4196 proprius
926 4124 981 4198 est,
1003 4115 1041 4181 de
1056 4116 1196 4199 primatus
1217 4118 1358 4180 exacido
1378 4112 1559 4180 iudicandum

185 4237 254 4286 esse
275 4221 439 4286 arbitretur.

245 4390 485 4466 ⁸)tct.x11.s.
942 4397 1022 4443 rm
1035 4399 1086 4454 quta
1101 4399 1179 4441 nrm
1195 4395 1474 4441 emerammi

245 4496 274 4573 ⁴)
294 4497 367 4553 llaec
386 4499 457 4554 enim
479 4504 520 4555 est
532 4500 574 4555 ris
589 4499 716 4555 adieetivi
737 4491 851 4574 inape.
942 4480 1014 4529 ‘¹¹⁶'
1028 4482 1088 4526 Μ·
1102 4480 1216 4525 “mm'‘
1230 4482 1341 4524 Μ’·
1356 4482 1444 4536 “¹³⁸¹“
1457 4479 1531 4527 ‘'¹⁸‘’

185 4601 262 4660 llnde
299 4601 387 4660 Gloss.
413 4604 474 4661 Vct
501 4596 621 4678 ἐκτωής,
648 4592 794 4679 prim,
825 4613 854 4664 et
942 4564 1263 4702 xmffiquffissffi
1275 4566 1368 4608 ’Μ
1382 4574 1499 4615 maen,

187 4709 294 4784 Seite>
315 4704 441 4776 daret·
461 4701 611 4791 &baites
623 4711 670 4769 aa
686 4706 851 4790 afflues·-
961 4729 989 4807 6)
1010 4731 1072 4788 sat
1092 4728 1299 4789 xxi-xxm.

249 4832 278 4910 ⁸)
297 4833 359 4891 Act
373 4833 430 4891 xii
452 4835 568 4893 o-rt.
609 4836 688 4896 Cuius
708 4838 853 4897 ommium
960 4838 989 4914 ²)
1009 4836 1040 4893 ln
1059 4836 1128 4893 Acts
1141 4838 1267 4911 Apostot
1287 4838 1361 4895 bom
1381 4833 1476 4895 XXVL
1494 4824 1557 4887 a2

189 4940 310 4999 miraculi
330 4940 432 4999 Arator
451 4943 564 5000 caluit:
970 4944 998 5021 ⁸)
1018 4942 1081 5002 buc.
1101 4943 1184 5002 xxa.
1205 4943 1252 5002 25.
