3300 5402
168 240 230 302 802
642 235 773 301 umuli
824 234 1058 303 iucundus

273 405 320 470 Ad
341 405 417 472 hanc
432 413 529 471 antem
547 406 711 472 evidentiae
732 405 964 472 distributionem
977 413 1038 470 tum
1053 406 1141 470 etiam
1154 404 1330 489 philosophi,
1350 403 1552 488 theologlquc

166 517 334 598 respiciunt,
354 534 442 599 ιιιιιιιιι
461 525 596 581 auctores
617 516 701 580 nobis
722 524 797 597 sunt,
819 535 857 580 nc
872 516 1054 580 evidentiora
1073 514 1283 580 credibilium
1304 534 1371 578 cum
1392 515 1555 579 eruemus

166 631 307 688 onustis
328 625 547 689 confundamus.
589 626 670 689 lllam
691 627 769 689 euim
790 634 953 689 ecterrrcm
972 643 1049 705 esse,
1070 625 1147 689 hanc
1166 631 1336 688 intemcm:
1357 625 1436 690 illam
1456 643 1552 707 ergu-

168 735 273 797 mentis
302 734 386 816 gigni
411 753 487 817 quae
514 735 621 799 iactum
646 734 787 817 probant,
823 737 946 817 eiusque
975 736 1180 798 necessitatem
1209 750 1270 796 non
1301 732 1440 817 probant3
1470 734 1555 798 hanc

168 844 348 926 argumentis
363 842 466 907 deberi
488 862 564 925 quae
584 863 658 924 rem,
680 846 802 925 eiusque
830 845 1037 909 necessitatem
1062 844 1232 908 ostendunt:
1254 843 1333 907 illam
1355 862 1395 907 ex
1413 846 1450 908 iis
1471 862 1551 926 pen·

168 953 240 1016 dere
261 970 337 1034 quae
356 972 423 1015 rem
443 961 654 1035 circumstant,
673 954 751 1019 hunc
770 973 809 1017 err
828 954 864 1017 iis
882 954 954 1017 oriri
974 972 1050 1035 quae
1071 956 1117 1018 rei
1137 962 1289 1018 iratestino
1309 960 1385 1033 sunt,
1407 952 1551 1034 illiusque

167 1059 277 1126 cicius
296 1070 487 1145 naturamque
507 1065 698 1129 constituunt:
720 1065 799 1129 ittam
826 1061 1068 1147 contingentibus
1089 1062 1206 1147 legibus
1227 1065 1319 1144 inniti,
1341 1061 1418 1128 hanc
1437 1080 1553 1127 neces-

166 1166 267 1236 sariis:
287 1172 328 1237 illi
350 1173 476 1254 denique
497 1191 562 1237 rem
582 1173 708 1239 subesse
730 1181 763 1238 in
785 1195 820 1245 se
840 1170 1003 1237 obscurm
1023 1179 1054 1235 et
1072 1174 1188 1236 nonnisi
1207 1164 1554 1255 diudm‘lueuleutarn,

166 1281 235 1346 huic
256 1300 328 1347 vero
348 1299 413 1346 rem
435 1282 587 1347 obversari
608 1281 703 1347 claris
725 1284 937 1363 disiunctioque
957 1278 1129 1345 notionibus
1149 1281 1406 1361 compredenscrn.

273 1397 322 1455 26.
365 1392 475 1467 Quibus
495 1391 600 1456 leuiter
620 1392 816 1474 adumbratis,
842 1393 1047 1475 nequeenim
1077 1393 1240 1473 praesentis
1268 1400 1332 1455 crat
1357 1391 1415 1455 loci
1441 1390 1491 1455 uel
1516 1410 1559 1457 ec

166 1502 305 1583 persequi
320 1501 448 1582 uberius,
466 1501 513 1566 vel
527 1501 706 1567 enucleatius
721 1503 863 1586 expolire,
884 1509 917 1564 ut
929 1501 966 1565 ad
979 1519 1045 1564 rem
1059 1508 1188 1565 nosbam
1207 1502 1347 1565 continno
1361 1500 1558 1583 accedemus,

167 1611 388 1694 interrogationi
408 1612 667 1694 respondebimus,
696 1630 772 1694 quae
799 1629 852 1674 sua
879 1629 914 1675 sc
935 1617 1040 1692 sponte
1062 1609 1162 1675 oderi:
1178 1610 1360 1675 cuiusmodi
1385 1611 1558 1689 evidentia,

168 1726 290 1783 interno
309 1742 348 1784 nc
367 1742 409 1786 cn
430 1728 575 1798 esterno,
600 1717 740 1800 probatio
759 1718 887 1806 fislqect
904 1727 1066 1800 priuatus,
1088 1721 1127 1785 de
1146 1727 1236 1784 nnus
1257 1719 1437 1784 certitudine
1457 1727 1557 1782 orsu-

165 1830 285 1894 cedenti
307 1836 408 1910 cupite
429 1830 640 1895 manemus.
682 1829 735 1894 Est
756 1838 867 1911 annm,
892 1832 933 1894 oti
954 1848 1015 1912 ego
1033 1828 1150 1913 quidem
1170 1829 1321 1913 intelligo,
1350 1831 1558 1912 pespimrm,

165 1960 234 2003 eum
255 1940 438 2003 evidentium
448 1961 505 2020 per
526 1961 598 2004 sese
610 1960 649 2004 ac
660 1947 785 2020 propris
801 1947 966 2003 estensem
985 1961 1071 2018 ease,
1092 1947 1186 2019 utque
1199 1941 1260 2004 dici
1274 1948 1438 2003 ueternum
1458 1959 1559 2017 oper·

166 2058 248 2113 tere:
269 2050 450 2113 evidentium
472 2046 770 2117 assecutionem
795 2069 856 2112 non
884 2054 1032 2112 veritatis.
1076 2048 1154 2114 Sane
1176 2068 1215 2112 cx
1235 2049 1441 2127 instrumentis,
1462 2050 1558 2113 testi-
1640 2136 1641 2139 Ἴ

165 2160 280 2241 busque
300 2159 425 2241 pendet,
458 2178 534 2241 quae
556 2177 646 2243 quum
672 2157 779 2221 facturn
800 2158 921 2222 instituti
941 2160 1095 2241 primatus,
1116 2156 1261 2241 Petroque
1280 2158 1376 2221 collati
1398 2154 1558 2220 indubium

165 2267 299 2349 reddant,
320 2267 429 2333 nullam
451 2275 549 2331 tamen
569 2254 644 2331 illius
664 2268 825 2332 absolutam
846 2268 1072 2348 necessitatem,
1095 2286 1131 2331 ac
1151 2287 1190 2331 err
1211 2269 1279 2352 ipsis
1300 2266 1432 2331 haustam
1453 2265 1556 2331 rebus

165 2385 270 2459 suapte
282 2385 383 2441 natura
397 2376 608 2459 praeselemnt
630 2377 792 2460 Utcumque
807 2379 886 2442 enim
901 2379 963 2441 siae
975 2384 1152 2459 primatum,
1169 2378 1232 2441 sive
1245 2380 1385 2460 primatus
1399 2394 1466 2440 cum
1479 2371 1557 2439 Pe-

165 2493 221 2567 tro,
245 2487 294 2567 qui
316 2484 447 2550 eiusdem
468 2483 637 2574 subiectum
659 2494 714 2569 est,
736 2492 977 2551 coniunctionem
992 2486 1175 2568 consideres,
1197 2505 1375 2568 omnemque
1388 2487 1418 2548 in
1432 2492 1557 2568 portem

166 2596 396 2679 animoverscsq
417 2596 551 2677 reperies
570 2595 688 2660 omnino
700 2596 781 2677 nihil,
804 2594 883 2678 quod
902 2594 1008 2659 horum
1030 2594 1138 2677 aliquid
1152 2617 1195 2658 es
1209 2616 1286 2675 aesc,
1308 2594 1558 2676 sirnpdciterque

165 2704 324 2788 postularit
367 2703 471 2786 Neque
493 2706 615 2786 mirum,
638 2725 727 2788 quum
748 2706 833 2786 haec,
853 2723 987 2787 quaeque
1009 2703 1092 2768 hisce
1116 2713 1241 2787 cognata
1262 2712 1338 2784 sunt,
1359 2705 1395 2769 ad
1416 2703 1555 2770 liberam

167 2811 283 2877 Christi
298 2820 484 2878 institutoria
501 2794 687 2877 noluntdtern
701 2811 819 2877 tandem
833 2814 989 2897 aliquando
1000 2822 1194 2898 revocentur3
1215 2815 1397 2898 proindeque
1411 2824 1556 2881 ectema

166 2924 283 3006 quidem
295 2920 508 3017 credibilitatis
520 2925 701 2987 evidentiae
722 2920 854 2986 testibus
877 2930 1150 3005 instrumentisque
1163 2922 1269 2988 obortu
1288 2906 1406 3008 fulgere
1422 2924 1555 3007 possint,

165 3040 286 3096 interna
308 3039 406 3097 autem
420 3052 456 3097 ac
469 3055 512 3096 es
526 3038 602 3114 ipris
619 3031 762 3117 prosectu
782 3032 877 3096 rebus
900 3036 1014 3098 enitere
1036 3042 1148 3114 suopte
1167 3040 1283 3097 natura
1305 3051 1365 3096 non
1386 3033 1523 3116 possint·

267 3148 320 3206 27.
363 3141 448 3216 Quod
468 3149 566 3206 nmen
589 3161 649 3205 non
672 3127 809 3225 impedit,
832 3145 987 3226 quominus
1007 3142 1083 3206 hacc
1105 3143 1167 3224 ipsa
1188 3142 1285 3224 paullo
1307 3144 1437 3224 inspecta
1458 3161 1556 3208 secus

164 3258 285 3314 uruca
307 3251 461 3316 evidentis
485 3250 620 3333 pertundi
641 3252 866 3332 quadamtenus
883 3253 1043 3317 videantur.
1086 3251 1219 3325 Οιιοιιιιιι
1240 3269 1314 3314 vero
1334 3249 1443 3335 pactoi
1464 3258 1497 3314 ut
1521 3253 1557 3318 id

165 3361 294 3425 lectores
315 3361 492 3444 intelligant,
519 3380 621 3425 secum
649 3362 746 3425 animo
774 3369 925 3443 reputent,
952 3363 1147 3445 praescriptas
1174 3360 1327 3425 eChristo
1349 3362 1555 3427 institutiones
1640 3420 1641 3427 ,

165 3473 208 3535 sic
236 3471 277 3534 illi
301 3470 393 3534 tuisse
414 3470 539 3549 liberas,
568 3478 684 3533 utnon
711 3472 859 3554 potuerint
885 3489 945 3535 non
974 3490 1043 3535 esse
1067 3478 1237 3553 scpterrtes,
1266 3472 1355 3535 immo
1384 3470 1422 3534 ad
1452 3471 1555 3552 ipsum

164 3581 325 3663 sapientiae
351 3576 534 3658 ἀρχέτυπον
561 3581 779 3644 accmatissime
801 3599 972 3663 expressae.
1013 3579 1066 3644 Est
1094 3582 1173 3644 enim
1200 3578 1331 3643 Christus
1360 3578 1557 3662 quemadmo-

166 3690 233 3753 dum
252 3692 258 3723 ¹
285 3686 369 3751 θεοῦ
389 3684 532 3769 δύναμις,
555 3691 594 3752 ite
614 3696 644 3752 et
662 3688 747 3753 θεοῦ
767 3689 882 3777 copta,
912 3678 1081 3752 ac'nullius
1104 3689 1203 3772 operis
1224 3695 1326 3751 auctor
1347 3689 1447 3770 extitit,
1469 3690 1554 3772 quod

166 3800 212 3862 sui
236 3796 362 3860 auctoris
384 3795 554 3878 insculptam
576 3797 709 3880 formam,
732 3800 964 3881 impressamque
980 3800 1140 3882 imaginem
1161 3816 1220 3861 non
1240 3797 1375 3861 referret.
1420 3798 1452 3865 Si
1473 3816 1555 3880 (plac

166 3908 255 3989 igitur
276 3905 313 3968 ab
335 3922 372 3967 eo
395 3907 548 3969 constituta
571 3910 753 3988 noverimus,
783 3926 859 3990 quae
879 3927 945 3970 cum
965 3910 1089 3991 primatu
1110 3908 1297 3987 cohaereant,
1319 3906 1399 3969 illum
1419 3909 1552 3988 erdgant,

167 4014 265 4098 neque
289 4016 325 4079 ab
346 4033 383 4078 eo
404 4014 502 4078 divelli
528 4034 616 4098 posse
643 4017 810 4100 videantur,
839 4017 896 4081 hac
924 4020 987 4100 ipsa
1014 4036 1114 4080 rerum
1142 4018 1359 4098 consensione,
1391 4011 1552 4098 mutuoque

231 4218 257 4293 ¹)
271 4217 291 4274 l.
305 4217 366 4274 Cor.
381 4216 402 4273 l.
416 4216 463 4274 et.
484 4217 741 4291 Eqaotcstinronio
755 4218 834 4276 dsto-
882 4219 971 4276 ehsnt
1012 4220 1083 4289 onio
1110 4236 1192 4295 porro
1212 4221 1236 4276 si
1257 4220 1357 4277 dicmur
1383 4218 1554 4276 inveniunt

168 4325 224 4380 nos
251 4325 322 4398 apud
348 4323 522 4380 nthmssiuu
547 4325 575 4381 ln
600 4327 678 4381 tertis
705 4325 833 4382 adversas
884 4327 1016 4384 Christum
1036 4319 1087 4401 sair
1105 4319 1221 4401 δύναμιν
1239 4320 1324 4394 θεοῦ,
1345 4325 1389 4381 rel
1402 4324 1475 4398 quod
1488 4342 1554 4400 pcr-

169 4431 276 4488 arimos
304 4432 426 4487 oratione
454 4445 545 4487 summ
576 4431 688 4504 arripuit
715 4432 832 4504 regendi
882 4433 945 4491 inde
965 4438 1017 4508 est,
1036 4425 1088 4507 mir
1106 4431 1210 4508 copton
1228 4426 1323 4489 desi?
1346 4448 1378 4490 ιιι
1397 4433 1485 4489 vtetur
1504 4430 1556 4488 de·

169 4538 285 4594 divinam
312 4536 409 4593 Christi
433 4543 568 4609 natanm,
594 4544 689 4611 utpote
714 4538 759 4612 qui
786 4528 833 4595 dd·
883 4538 986 4595 durent
1011 4528 1127 4595 meum?
1160 4540 1185 4595 si
1213 4539 1250 4599 ita
1277 4544 1335 4613 cst,
1362 4537 1427 4595 dost
1448 4539 1551 4611 igitm

167 4659 247 4717 rupte
276 4638 367 4712 deod,
401 4659 454 4699 uon
484 4643 548 4700 item
577 4635 596 4718 ἡ
622 4632 736 4719 δύναμις
761 4638 834 4700 θεοῦ
883 4660 962 4717 quarn
982 4661 1035 4701 uon
1058 4645 1139 4701 modo
1160 4644 1252 4703 llstth.
1272 4644 1318 4701 xl.
1342 4644 1390 4701 it.
1413 4634 1552 4719 timuit,

167 4754 340 4823 umwpctnr.
381 4747 421 4805 lta
439 4750 562 4807 nimirum
587 4749 686 4825 perditi
711 4749 834 4807 homiues
883 4768 975 4808 rerum
1002 4753 1083 4808 etim
1110 4741 1220 4808 icmddc
1245 4746 1325 4829 φωνῇ
1350 4750 1413 4809 huo
1433 4749 1479 4809 xi
1501 4749 1551 4807 tu.

170 4855 770 4931 derebusrruirrislodebsnmtcbsra
791 4871 835 4911 ar·
882 4851 1172 4936 quoquedeest
1191 4856 1303 4916 duur.

170 4962 309 5019 nodorum
336 4967 471 5039 potestate
491 4961 525 5018 de
545 4976 647 5019 summa
668 4961 730 5020 bdei
750 4966 835 5018 statu·
1332 4974 1340 4983 '
