3358 5400
193 329 257 389 aaa
711 322 842 389 amns
885 321 1051 425 manos

196 502 258 575 est,
282 501 313 558 ut
333 494 482 577 monotes
503 494 674 558 aasentias
695 492 886 576 exspoliaret,
911 492 1030 556 Padum
1050 509 1123 557 vero
1143 482 1321 571 mothone,
1347 491 1578 574 emensosqe

197 606 396 669 convinceret.
439 603 548 685 Ecquis
568 604 647 666 enim
671 602 707 665 iis
728 601 884 666 admodum
906 604 1023 668 deferre
1044 604 1126 681 velit,
1153 604 1204 683 qui
1221 602 1393 682 semunipsis
1414 598 1578 682 digladian-

196 712 266 781 tart
293 716 358 796 quis
380 715 421 777 uti
441 721 533 777 testes
554 709 753 791 ἀξιοπίστους
773 732 828 777 eos
849 713 961 796 aadnt,
983 714 1083 794 quiin
1105 713 1220 776 diversa
1239 711 1443 792 contrariaque
1459 711 1579 792 rapiun-

195 822 262 889 turi
284 825 349 914 quis
367 822 448 886 Pauli
468 824 543 887 ierat
563 822 737 886 hosolentem
752 821 866 904 heman,
888 841 947 906 quo
969 821 1166 906 apostolorum
1181 822 1305 903 primum
1326 826 1356 883 et
1368 819 1451 887 chori
1471 819 1578 882 ducena
1673 844 1676 855 ⁴

196 951 257 997 non
277 950 412 997 seorsum
434 952 470 996 ac
489 935 592 1014 tacite,
614 932 668 997 sed
690 927 769 996 κατοὶ
791 935 959 1015 πρόςωπον
979 941 1010 997 et
1030 930 1215 1015 ἔμπροσθεν
1232 927 1360 994 πάντων
1378 931 1521 1012 coarguit
1543 945 1580 992 ac

194 1042 405 1125 propemodum
432 1040 581 1107 traduxiti
624 1043 674 1109 Sic
698 1042 764 1123 ille,
791 1044 832 1105 uti
863 1042 1089 1126 chrysostomus
1102 1044 1130 1076 ²⁹
1162 1048 1192 1104 et
1211 1040 1405 1123 Hieronymus
1419 1042 1447 1073 ³⁰
1472 1038 1580 1103 contir-

196 1159 292 1234 mant,
313 1153 363 1233 qui
383 1150 462 1215 Pauli
483 1152 606 1215 consilio
628 1153 658 1214 ia
680 1153 801 1235 epistola
823 1153 860 1216 ad
882 1152 997 1217 Galatas
1017 1152 1165 1235 exposito,
1187 1150 1299 1214 subdit:
1342 1150 1448 1230 „Quod
1466 1168 1582 1232 nequa·

196 1246 283 1343 quam
304 1261 471 1343 intelligens
492 1261 668 1331 Batancotes
689 1270 719 1326 et
740 1263 902 1327 sceleratus
923 1262 971 1325 ille
992 1260 1181 1344 Porphyrius,
1203 1261 1233 1323 ia
1253 1260 1346 1341 primo
1367 1261 1465 1342 operis
1485 1261 1532 1323 sai
1548 1262 1576 1293 ³¹

197 1369 354 1435 adversum
376 1387 430 1433 nos
452 1371 542 1451 lihro,
564 1372 718 1437 Petnrma
741 1373 830 1436 Paulo
851 1371 960 1437 ohieait
980 1389 1049 1435 esse
1068 1370 1291 1452 reprehensum,
1313 1368 1392 1451 quod
1414 1387 1473 1437 non
1493 1376 1581 1433 recto

196 1480 273 1562 pede
294 1479 447 1544 incederet
475 1479 511 1543 ad
535 1482 811 1564 evangelizandum,
838 1483 942 1545 volens
964 1488 994 1545 et
1015 1479 1062 1543 tiit
1082 1481 1236 1546 maculam
1253 1485 1368 1542 morta
1390 1480 1521 1558 innuere,
1549 1485 1581 1541 et

196 1586 267 1653 huia
285 1595 494 1671 praecedetis,
517 1598 547 1654 et
569 1593 773 1655 incommune
794 1591 854 1656 fieti
871 1591 1017 1674 dogmatis
1038 1609 1179 1655 accusare
1201 1590 1394 1669 mendacium,
1415 1588 1484 1651 dum
1502 1588 1582 1651 inter

196 1719 230 1764 se
252 1701 445 1764 eeclesiarum
466 1701 653 1783 prinoipes³²
679 1701 874 1783 discrepant“

304 1815 374 1873 286.
418 1809 567 1874 Successit
586 1810 717 1876 luharms
732 1815 760 1846 ³³
789 1820 988 1895 cognomento
1013 1816 1160 1894 apostata,
1191 1812 1239 1892 qui
1264 1811 1294 1872 in
1320 1807 1411 1873 trihus
1436 1807 1581 1871 adversus
1674 1787 1676 1807 ’

198 1918 385 1983 christianam
411 1919 499 1984 fidem
525 1923 697 2004 conscriptis
723 1922 805 1986 lihris
832 1942 849 1986 e
871 1941 906 1984 re
927 1939 980 1984 sua
1007 1920 1071 1983 lore
1093 1921 1281 2002 existimavit,
1309 1922 1335 1983 si
1361 1919 1581 1981 contentionem

197 2028 276 2092 Pauh
299 2046 366 2091 cum
387 2028 486 2111 Petro,
515 2038 603 2113 atque
623 2032 708 2095 huius
728 2031 991 2114 reprehensionem
1018 2031 1048 2093 in
1069 2029 1199 2093 dedecus
1224 2030 1314 2111 ipsius
1334 2029 1487 2112 rehgionis
1507 2046 1581 2091 con·

199 2146 336 2202 verteret
379 2136 483 2220 Neque
506 2141 584 2202 enim
604 2139 668 2202 hem'
682 2157 772 2222 posse
789 2140 994 2220 contendebat,
1016 2147 1048 2202 ut
1068 2140 1098 2201 in
1112 2140 1207 2221 pretio
1228 2157 1264 2202 ea
1283 2138 1441 2203 haheretur
1461 2137 1581 2219 religio,

198 2250 281 2311 cuius
302 2250 450 2331 principes
471 2250 616 2331 magistri,
639 2249 836 2331 doctoresque
854 2250 1012 2333 hypocrisi,
1034 2250 1207 2331 ignorantia,
1229 2247 1453 2330 ambitionisque
1475 2246 1581 2311 morbo

198 2365 395 2440 aegrotarent
437 2358 539 2423 lielert
559 2361 614 2423 ista
628 2361 657 2393 ⁸⁴
681 2358 821 2442 cyrillus,
842 2361 891 2441 qui
911 2336 1018 2423 ,iuliani
1038 2358 1128 2422 lihros
1149 2357 1328 2422 refellendos
1350 2359 1405 2423 sihi
1422 2338 1582 2440 prodigen-

201 2467 314 2550 dosque
335 2469 479 2550 suscepit,
502 2470 644 2550 operique
664 2486 736 2550 suo,
758 2468 887 2532 dicteriis
907 2469 1001 2533 solum
1025 2469 1225 2549 conviciisque
1247 2470 1477 2550 praetermissis,
1503 2476 1582 2532 totas

197 2577 563 2659 propemodumintexuit

310 2692 381 2752 287.
425 2687 500 2761 Quid
521 2704 594 2751 vero
615 2695 828 2769 protestantes,
858 2689 965 2770 quique
992 2689 1148 2770 postremis
1175 2688 1259 2753 hisce
1280 2688 1408 2753 saeculis
1428 2690 1459 2752 in
1477 2688 1508 2752 id
1523 2689 1582 2753 sihi

202 2796 429 2861 incumbendum
450 2799 576 2861 maxime
598 2776 814 2862 esse'arhitrati
832 2805 909 2879 sunt,
929 2805 961 2860 ut
975 2806 1145 2862 omamenta
1158 2798 1245 2880 Petri,
1266 2800 1462 2881 eximiamque
1482 2806 1582 2863 aucto·

199 2907 331 2988 ritatem,
354 2907 458 2989 quihus
480 2914 596 2971 auctam
617 2907 753 2971 divinitus
778 2907 867 2971 luisse
890 2915 1016 2989 constat,
1038 2927 1056 2970 e
1079 2908 1177 2972 medio
1197 2909 1348 2990 tollerent,
1375 2927 1473 2990 neque
1493 2927 1582 2991 repu-

200 3016 314 3080 diarent
342 3018 446 3099 modo,
475 3035 578 3081 aarum
606 3018 694 3081 etiam
719 3018 829 3096 invisa,
860 3034 1011 3109 exosaapre
1038 3017 1218 3083 redderent?
1259 3018 1379 3082 llinime
1407 3021 1531 3082 mentiar
1556 3020 1583 3082 si

202 3125 339 3207 dixerim,
367 3126 478 3190 nullum
501 3127 562 3209 legi
584 3129 840 3207 commentarium,
870 3125 980 3188 nullum
1010 3127 1047 3189 de
1069 3128 1268 3192 ecelesiastica
1290 3127 1454 3192 hierarchia
1475 3127 1511 3191 ah
1532 3129 1582 3191 iis-

202 3235 270 3298 dem
291 3235 455 3317 proiectum
475 3254 562 3318 opus,
586 3238 616 3300 ia
637 3254 696 3319 quo
715 3236 907 3319 reprehensio
927 3236 1004 3301 Petri
1025 3256 1084 3301 non
1107 3246 1293 3318 memoretur,
1315 3245 1525 3323 exaggeretur,
1546 3258 1583 3301 ac

143 3354 147 3363 '
199 3345 312 3410 nefarie
334 3345 448 3410 detorta
471 3345 509 3409 ad
529 3346 754 3429 oppugnandam
776 3346 907 3410 eiusdem
929 3341 1090 3429 ὑπεροχήν
1111 3366 1169 3412 non
1191 3347 1370 3411 adhiheatur.
1413 3348 1582 3429 „Ronanus

201 3455 279 3517 sedis
300 3455 419 3535 hosteS,
443 3456 536 3538 inquit
550 3458 578 3489 ³⁶
599 3455 746 3537 Philippus
767 3455 909 3538 Priorius,
928 3444 1191 3539 reprehensionem
1213 3456 1291 3520 illam
1312 3456 1340 3520 h.
1362 3458 1439 3521 Petri
1460 3457 1582 3521 mirifice

170 3632 175 3639 ,
202 3564 361 3644 extollunt,
390 3564 459 3627 inde
487 3565 565 3626 enim
588 3564 753 3628 coniectum
774 3573 887 3647 putant,
915 3584 1059 3629 summum
1080 3566 1248 3630 Pontificem
1268 3567 1491 3649 reprehensioni
1513 3586 1582 3631 esse

201 3776 340 3849 Porphyrii
361 3778 462 3850 scripta
477 3776 644 3834 Theodosias
659 3779 720 3850 lege
738 3779 791 3833 lata
807 3779 869 3849 igne
918 3776 1063 3852 ἐκκλησίας
1081 3770 1277 3856 compedes-raa
1295 3780 1341 3837 xci
1357 3773 1486 3856 ἀλλήλοις
1499 3798 1582 3858 προς-

202 3881 305 3940 aholeri
319 3883 407 3938 iussit.
448 3883 488 3938 Gi.
503 3883 537 3939 de
551 3898 652 3939 samma
667 3882 824 3939 Trinitatol.
839 3884 867 3940 3.
918 3884 1056 3942 πίπτουσι
1096 3886 1272 3944 Nihilominus
1298 3904 1323 3943 n.
1345 3888 1373 3943 Β.
1395 3889 1498 3945 Pehuna
1518 3905 1583 3961 prae

264 4013 310 4087 πο)
332 4014 433 4087 Com·
456 4016 482 4070 qn
505 4031 562 4088 cap·
583 4012 616 4070 ss.
637 4015 716 4087 epist,
738 3980 771 4071 αδ
792 4013 869 4071 θιὼ,
918 3992 979 4064 ipso
1000 3992 1089 4065 Panlo,
1111 3994 1260 4064 ceterisque
1275 3983 1411 4067 ¹apostolis
1430 4002 1584 4071 κορυφαῖον
1675 4058 1676 4085 3

202 4127 252 4193 tas,
274 4137 299 4175 n.
315 4121 342 4192 4,
364 4126 392 4177 et
405 4121 534 4193 singulari
555 4120 665 4176 homilia
681 4123 708 4175 in
723 4137 755 4176 ea
775 4122 867 4194 verba,
917 4098 992 4173 diffie
1014 4104 1041 4154 ‘l
1059 4116 1085 4154 ¹¹·
1101 4102 1128 4156 ⁵·
1146 4090 1196 4172 ”li
1207 4093 1330 4174 imam
1342 4094 1398 4156 ³⁰3⁷
1409 4090 1583 4157 ‘iamm-

200 4217 273 4283 mg
294 4217 443 4302 aymo,
463 4217 541 4298 αὔης
561 4217 704 4300 yssym,
732 4241 799 4296 qu„
820 4227 867 4281 h„
917 4204 996 4272 Qood
1013 4206 1135 4261 nimirum
1156 4206 1286 4262 eiusmodi
1308 4206 1419 4278 phrases
1438 4221 1491 4263 aon
1510 4209 1581 4264 aim·

202 4333 279 4389 betur
299 4349 361 4405 opp.
384 4332 413 4389 T.
430 4333 475 4388 lli.
495 4349 577 4405 pagg.
594 4330 661 4388 362.
678 4346 753 4402 seqq.
913 4310 1027 4472 Ιὲἶῖθῑῑθΐ
1047 4312 1096 4368 ted
1116 4314 1314 4386 mmmm
1333 4313 1518 4384 aequalitatem
1539 4330 1582 4370 rs·

929 4425 1012 4473 erant.

264 4466 309 4542 aa)
330 4465 451 4520 Prooem.
472 4466 498 4519 in
520 4465 599 4537 epist.
622 4464 656 4519 ad
677 4463 791 4518 Galatas.
981 4558 1026 4631 aa)
1059 4557 1093 4612 Cf
1126 4558 1145 4612 s
1355 4558 1377 4613 Η
1413 4558 1435 4614 E
1478 4558 1514 4614 sb
1549 4561 1572 4615 v

981 4578 984 4585 ·
1091 4572 1320 4631 „oxomennnm
1378 4597 1385 4612 .
1437 4597 1444 4610 ·
1488 4577 1523 4614 Ι·
1575 4601 1582 4615 ·

920 4680 977 4735 πρ.
999 4660 1093 4718 xvan.

981 4803 1026 4876 ³¹¹)
1048 4802 1113 4857 Coo.
1135 4800 1232 4857 lulian-
1254 4801 1300 4855 llb-
1319 4801 1365 4857 IX·

264 4598 309 4671 3·)
331 4597 410 4666 Quod
425 4597 580 4669 Inscriptum
596 4602 661 4671 erat,
677 4604 774 4653 eccho
784 4596 867 4654 Chaa·

201 4706 324 4776 ahenos,
345 4709 372 4759 et
391 4704 541 4775 quindecim
562 4704 638 4761 lihris
659 4703 807 4760 constabat,

264 4837 310 4910 ³²)
336 4836 426 4893 Simili
451 4835 576 4930 loquendi
604 4836 688 4893 iorma
710 4837 870 4907 chrysosto-

204 4959 263 4999 mus
283 4944 366 4999 utitur
386 4944 412 4998 in
432 4959 464 4999 aa
485 4958 562 5014 qoam
590 4945 795 5001 memoravimus
821 4942 870 4997 ho·
982 4944 1027 5017 Η)
1048 4941 1077 4997 la
1103 4942 1175 4997 notis
1202 4941 1237 4996 ad
1264 4958 1321 5015 cap.
1342 4942 1436 4999 xxtlt
1464 4942 1525 4998 lihri
1551 4945 1583 5001 da
1675 4998 1676 5007 ,

207 5051 294 5124 mdia,
320 5068 346 5106 a.
366 5049 394 5107 2.
416 5050 552 5120 inquiens:
580 5039 639 5109 'Ost
658 5051 683 5109 oi
703 5040 798 5110 ordior
821 5042 872 5121 erip
920 5048 1185 5122 Pmasoriptionihua.
