3324 5382
205 296 267 358 uta
693 289 824 355 LIBER
867 289 1102 357 SECUNDUS

206 464 256 545 qui
275 460 361 526 subu
381 462 451 526 vitiu
473 467 602 539 uertant,
631 461 711 545 quud
731 462 815 543 plaua
838 460 1040 539 omiserimus,
1074 460 1190 542 adaque
1211 457 1366 525 delibanda
1385 459 1481 542 potius
1502 476 1596 541 quam

204 572 319 654 plenius
347 571 490 654 gustanda
519 570 718 634 obtulerimus.
762 571 820 635 Sed
843 570 911 652 quid
933 567 1091 652 egisseml
1121 570 1151 634 id
1173 573 1223 653 egi
1246 571 1324 653 quod
1344 573 1424 634 vires
1446 568 1596 648 ferebant,

207 681 344 763 quodque
366 680 501 744 exsilium
522 680 692 763 patiebatur.
736 680 891 743 Praeterea
905 688 938 744 ut
951 680 1131 744 Columellas
1147 681 1245 743 verbis
1258 686 1286 714 ⁵²
1310 680 1477 744 absolvam:
1505 678 1598 757 „Nou

205 790 461 869 adseveraveram,
483 809 559 873 quae
581 792 702 854 uastitas
724 791 787 854 eius
808 791 949 853 scientiae
971 791 1143 869 contineret,
1165 800 1269 855 cuncta
1291 809 1339 853 me
1360 790 1515 865 dicturum,
1539 789 1598 853 scd

205 902 337 983 plurima.
379 900 454 965 Nam
480 899 550 963 illud
577 901 608 962 in
633 901 718 963 unius
746 900 873 964 hominis
900 899 1082 982 prudentiam
1112 899 1221 963 cadere
1240 918 1300 963 nou
1321 906 1444 983 poterat.
1486 898 1597 980 Neque

207 1012 286 1074 enim
308 1017 354 1073 est
374 1010 432 1073 ulla
453 1009 606 1092 disciplina
626 1017 677 1073 aut
696 1028 761 1090 ars,
790 1027 867 1092 quae
893 1010 1035 1092 singulari
1061 1018 1261 1073 consummata
1281 1011 1318 1073 sit
1338 1009 1470 1091 ingenio.
1515 1008 1597 1082 Oua-

206 1127 326 1202 prcptcn
343 1126 374 1182 ut
395 1121 426 1182 iu
447 1137 555 1202 magna
576 1118 649 1181 silva
670 1118 740 1182 boni
764 1118 910 1181 venatoris
933 1126 995 1199 est,
1024 1119 1211 1203 indagantem
1240 1119 1334 1198 ieras,
1364 1118 1597 1201 quamplurimas

207 1248 325 1311 capere,
348 1248 405 1293 nec
427 1229 561 1310 cuiquam
583 1228 687 1308 culpae
709 1225 771 1306 luit,
794 1245 854 1290 uun
875 1245 979 1291 omues
1001 1230 1128 1312 cepisse,
1154 1230 1193 1293 ita
1214 1229 1300 1292 nobis
1321 1228 1391 1291 satis
1413 1226 1597 1310 abundeque

207 1345 268 1420 est,
290 1346 348 1402 tam
370 1337 493 1403 diffusae
515 1339 670 1415 materiae,
698 1355 784 1419 quam
805 1340 1003 1420 suscepimus,
1028 1341 1185 1403 maximam
1206 1346 1319 1421 partem
1339 1337 1531 1402 tradidisse.“

270 1550 315 1626 ⁶²)
336 1551 377 1608 lle
396 1567 426 1608 re
444 1558 510 1608 rust.
532 1549 579 1607 tiu.
594 1549 627 1607 V.
648 1548 743 1623 capl
