3358 5400
172 298 236 360 2³8
689 294 1028 362 maneamus

169 463 233 527 Nec
254 464 389 545 demerit
408 463 526 528 Paulum
547 463 626 545 quod
648 464 795 529 eeclesiae
814 466 894 547 prius
915 472 1089 548 persecutor
1109 461 1227 546 inisset,
1248 464 1304 527 sed
1323 462 1478 527 consitium
1498 481 1551 526 ve·

168 574 260 636 ritatis
290 571 420 651 admisit,
450 579 481 634 et
507 574 613 636 rationi
639 574 788 657 legitimae
816 593 904 657 mam
931 574 1034 639 Paulus
1061 573 1241 654 umdicabut,
1271 572 1356 637 facile
1385 576 1552 654 comensn3

170 680 376 744 documentum
398 680 511 745 scilieet
533 683 618 747 nobis
641 691 672 748 ct
692 684 869 748 concordiae
891 690 922 745 et
940 685 1097 764 patientiae
1117 684 1262 764 tribuens,
1291 691 1403 746 utnon
1424 683 1553 765 pertina-
1628 756 1633 759 ,

169 793 244 855 citer
263 797 364 854 nostra
385 810 533 875 amemus,
561 793 616 856 sed
641 812 718 875 quae
739 794 894 876 aliquando
915 813 932 857 a
955 792 1091 857 iratribus
1120 801 1151 856 et
1171 793 1295 875 collegis
1316 795 1424 858 nostris
1445 792 1554 855 utiliter

169 909 200 964 ct
212 899 368 963 salubriter
382 909 590 984 suggeruntur,
610 904 636 966 si
652 904 710 966 sint
727 921 798 967 uera
813 912 844 967 et
857 904 996 986 legitima,
1017 904 1079 986 ipsa
1095 906 1139 938 ¹⁸⁰
1155 905 1251 986 potins
1267 911 1366 968 nostm
1383 900 1553 966 ducamus“

279 1041 348 1098 309.
390 1035 423 1098 ln
445 1036 549 1118 quibus
571 1038 628 1101 duo
650 1047 716 1103 sunt
737 1041 856 1103 omnino
880 1039 1081 1119 secernenda,
1103 1058 1142 1103 ne
1164 1037 1232 1101 dum
1247 1039 1364 1101 innoxia
1384 1039 1551 1118 recipimus,

173 1164 209 1208 ea
237 1146 306 1207 item
334 1162 410 1226 quae
438 1147 541 1227 noxia,
570 1145 702 1230 salsaque
728 1156 796 1212 sunt
816 1148 950 1231 amplecti
973 1149 1131 1212 uideamur.
1174 1148 1265 1231 Igitur
1291 1146 1370 1229 quod
1391 1147 1552 1229 Cyprianus

171 1253 279 1335 scribit,
301 1273 384 1317 suam
407 1272 473 1316 curn
489 1254 638 1336 Stephano
659 1260 689 1320 in
712 1258 911 1322 controversia
933 1258 970 1321 de
991 1257 1163 1340 baptismate
1183 1259 1399 1321 contentionem
1421 1274 1490 1319 esse
1511 1254 1553 1317 illi

170 1364 356 1445 simillimam,
379 1382 455 1445 quae
476 1362 594 1427 Paulum
616 1385 683 1430 cum
704 1368 790 1431 Petro
814 1369 1095 1445 commutaverim
1118 1374 1163 1431 est
1186 1368 1211 1431 si
1231 1369 1379 1450 γενικῶς,
1402 1364 1505 1427 salsum
1528 1364 1554 1426 si

171 1471 296 1549 εἰδικῶς
317 1474 503 1557 intelligatur.
547 1475 656 1538 Verum
679 1485 725 1539 est
743 1479 893 1559 γενικῶς,
916 1478 983 1559 quia
1005 1478 1152 1541 contentio
1171 1478 1307 1558 utrinque
1329 1474 1398 1553 luit,
1421 1492 1458 1536 ac
1479 1471 1553 1536 inie-
1617 1486 1625 1502 ·

170 1584 231 1646 rior
266 1592 296 1648 et
322 1584 467 1648 obnoxius
497 1585 601 1647 maiori
629 1589 856 1669 praepositoque
883 1586 1071 1650 obnitendum
1101 1606 1170 1650 esse
1205 1587 1340 1667 utrinque
1369 1583 1551 1647 susurravit

170 1694 229 1761 Sed
250 1694 353 1758 tabum
376 1701 424 1758 est
439 1697 479 1729 ¹⁸¹
505 1692 646 1770 εἰδικῶς,
675 1698 853 1779 quicquum
875 1697 945 1761 nibil
973 1696 1095 1760 doceret
1116 1695 1280 1777 Stephanus
1302 1693 1382 1777 quod
1402 1691 1438 1756 ad
1461 1706 1550 1755 evan-

171 1804 242 1887 geiii
263 1804 398 1888 regulam
421 1821 481 1868 non
501 1811 581 1868 esset
599 1803 814 1886 perfectissime
835 1814 986 1887 exactum3
1016 1806 1175 1889 Cyprianus
1204 1813 1305 1869 cenna
1334 1804 1411 1866 bona
1433 1802 1551 1884 quidem

169 1921 277 1995 mente,
298 1915 407 1996 pioque
428 1914 560 1992 consilio,
584 1915 749 1978 miserrime
771 1924 868 1978 tamen
890 1924 919 1979 et
941 1916 1058 1999 agendo
1080 1924 1111 1979 et
1131 1914 1266 1979 docendo
1288 1914 1448 1978 anteritate
1473 1911 1551 1975 obri·

169 2024 262 2086 stiana
283 2024 421 2107 ambiguo
442 2025 672 2088 consuetudinis
695 2025 839 2089 vocabulo
860 2026 1052 2107 dissimulata,
1074 2043 1133 2088 non
1153 2026 1302 2088 minimum
1325 2023 1477 2103 abscessit.

275 2148 409 2213 ΑΙιοηιιη
428 2153 561 2233 sequitur
582 2152 661 2233 quod
682 2152 759 2216 idem
782 2152 875 2231 addit,
901 2153 1039 2235 quodque
1060 2171 1116 2216 nos
1137 2152 1214 2216 ultro
1236 2152 1441 2231 concedimus,
1469 2167 1553 2214 asse·

169 2258 342 2341 rendneque
370 2278 494 2323 mussas
523 2280 610 2343 quam
637 2268 768 2342 tuemur,
805 2264 1080 2344 opportunissimum
1111 2262 1292 2326 arbitramur.
1334 2260 1447 2343 Ecquid
1473 2260 1552 2322 enirn

171 2364 270 2430 adurit
290 2370 432 2450 principio
455 2369 538 2433 effert
559 2369 636 2434 Petri
657 2372 844 2453 dignitatem,
873 2372 953 2435 illum
973 2374 1111 2455 primum,
1141 2371 1230 2451 idest,
1253 2371 1453 2451 apostolorum
1473 2371 1553 2450 prin·

171 2477 266 2557 cipem
288 2477 435 2541 a‘Cbristo
456 2481 641 2543 constitutum
663 2480 759 2561 docet,
782 2482 936 2562 primatum
957 2483 1004 2544 cui
1023 2468 1063 2545 ab
1083 2484 1148 2563 ipso
1165 2480 1254 2543 Paulo
1275 2479 1440 2543 obedientia
1461 2478 1552 2541 debe·

170 2594 261 2665 retur,
281 2588 321 2651 illi
340 2589 450 2665 tribuit,
474 2589 680 2673 originemque
700 2598 797 2655 tantae
816 2592 993 2655 auctoritatis
1014 2591 1082 2654 inde
1105 2590 1184 2653 ducit
1203 2589 1282 2671 quod
1303 2591 1434 2654 Christus
1455 2589 1552 2653 eccle-

172 2697 244 2760 siam
266 2716 349 2761 suam
371 2716 461 2789 super
482 2698 560 2763 illum
583 2701 789 2781 aedideaven't,
812 2702 869 2779 vel,
890 2710 922 2764 ut
945 2706 974 2766 in
990 2700 1112 2782 epistola
1127 2700 1266 2783 synodica
1282 2702 1325 2734 ¹³²
1350 2700 1387 2764 ad
1400 2699 1553 2763 Numidiae

172 2809 327 2891 episcopos
349 2807 485 2890 loquitur,
507 2811 585 2892 quod
601 2810 733 2874 Christus
754 2813 869 2879 unicam
890 2830 906 2874 a
923 2828 957 2873 se
971 2810 1117 2874 conditam
1132 2810 1289 2873 eeclesiam
1311 2830 1407 2891 super
1422 2807 1553 2873 Petrum

64 2950 68 2956 ·
171 2924 288 3000 ortptuc
306 2925 438 2982 uuitotta
465 2927 495 2983 et
514 2928 635 2984 ratione
653 2917 847 3006 fundaverit.
890 2920 1037 2983 Encomiis
1058 2919 1166 2984 deinde
1187 2923 1373 3003 prosequitur
1396 2928 1454 2984 tam
1474 2920 1553 2983 Pauli

171 3026 348 3109 libertatem,
380 3047 467 3111 mam
486 3029 565 3094 Petri
586 3032 776 3114 modestiam,
799 3033 986 3111 animumque
1007 3029 1044 3093 ad
1065 3029 1254 3093 humilitatem
1277 3032 1485 3112 compositum,
1507 3036 1552 3093 ut·

171 3146 240 3220 pote
262 3140 310 3220 qui
330 3155 391 3201 non
409 3139 448 3202 illi
471 3140 616 3203 silentium
637 3141 788 3221 indixerit,
809 3140 864 3203 sed
885 3139 1006 3203 meliora
1028 3138 1161 3202 suadenti
1185 3140 1400 3204 obsecundarit
1442 3141 1552 3203 Verum

172 3248 241 3330 quid
261 3247 344 3311 bisce
365 3256 414 3311 aut
436 3266 502 3311 cum
528 3259 627 3313 nostra
655 3251 692 3314 de
714 3249 791 3312 Petri
817 3252 942 3332 primatu
963 3249 1093 3312 doctrina
1114 3268 1276 3313 consonum
1306 3251 1416 3331 magis,
1446 3256 1495 3312 aut
1515 3249 1551 3312 ab

171 3355 290 3419 haeresi
318 3359 538 3437 protestantium
570 3358 607 3422 de
635 3359 802 3422 omnimoda
831 3352 1030 3441 apostolorum
1056 3359 1230 3440 aequalitate
1260 3356 1452 3422 disiunctiusl
1482 3357 1550 3439 quid

173 3465 250 3546 quod
278 3466 481 3530 vehementius
501 3469 727 3548 protestantibus
754 3469 942 3548 adversetur,
969 3487 1055 3549 mam
1076 3467 1143 3531 inde
1165 3468 1308 3550 Cypriane
1330 3466 1552 3531 commendandi

172 3573 249 3637 Petri
268 3576 421 3655 primatum
446 3580 635 3641 occasionem
658 3578 768 3659 iniisse,
795 3578 874 3641 unde
905 3578 957 3659 ipsi
988 3596 1068 3640 arma
1090 3578 1144 3640 sibi
1167 3586 1324 3660 suppetere
1346 3579 1452 3661 quibus
1473 3578 1552 3641 illum

173 3691 357 3765 oppugnent,
380 3684 627 3751 confidentissime
650 3684 834 3772 gloriantur?

279 3825 349 3882 310.
390 3819 496 3901 Neque
525 3840 597 3885 uero
624 3823 701 3887 uliud
724 3822 761 3886 de
781 3821 938 3885 Ambrosio
960 3818 1031 3883 ierri
1054 3821 1191 3884 iudicium
1217 3821 1321 3903 debet,
1348 3823 1397 3904 qui
1418 3820 1492 3888 alter
1513 3842 1551 3887 ex

171 3929 208 3994 iis
236 3936 282 3992 est
310 3946 385 4010 quos
413 3928 595 4013 Augustinus
622 3944 801 4014 praeeuntes
829 3931 929 3993 babuit
955 3948 991 3994 ae
1012 3930 1102 3992 veluti
1123 3930 1215 3994 duces
1237 3938 1366 3995 sectatus
1389 3940 1443 3996 est.
1486 3932 1552 3996 Noa

53 4034 58 4047 '
171 4038 284 4102 iterabo
306 4039 382 4120 qnae
403 4041 538 4121 superius
557 4043 599 4075 '³³
625 4061 663 4106 ex
685 4060 723 4105 eo
744 4040 845 4120 retuli,
869 4049 899 4103 et
921 4040 1025 4122 quibus
1042 4041 1214 4105 catholicam
1236 4060 1372 4105 caussam
1393 4042 1551 4108 nmdicavi:

172 4149 226 4213 sed
245 4148 275 4211 id
296 4147 400 4213 addam
421 4150 501 4231 quod
527 4152 575 4214 vel
603 4151 698 4215 solum
722 4150 860 4214 sutiicere
888 4151 990 4230 debet,
1018 4158 1049 4214 ut
1069 4151 1258 4223 Ambrosium
1279 4151 1333 4215 sibi
1355 4160 1551 4234 protestantes

171 4259 307 4322 hostilem
321 4258 526 4342 infensumque
541 4261 740 4325 contuentur.
783 4261 861 4326 Sane
875 4263 969 4325 inciso
984 4264 1038 4339 ¹³⁴,
1062 4269 1134 4341 quio
1151 4260 1353 4342 reprehensus
1374 4271 1453 4357 mot
1475 4262 1553 4326 bunc

172 4368 300 4433 adnectit
320 4373 574 4434 commentarium:
617 4371 887 4452 ‚diopreheusibilis
907 4373 1009 4453 utique
1030 4371 1066 4435 ab
1089 4372 1260 4453 evangelica
1275 4375 1407 4451 veritate,
1429 4374 1477 4436 cui
1495 4374 1553 4437 buc

171 4476 279 4543 iactum
312 4479 530 4544 adversabatur.
578 4479 652 4544 Nam
681 4482 746 4561 quis
780 4498 882 4545 eorum
910 4481 1034 4545 auderet
1063 4479 1161 4546 Patro
1187 4488 1287 4575 priario
1317 4480 1469 4563 morteto,
1501 4488 1554 4546 cut

239 4703 299 4779 1”)
319 4705 386 4762 Sunt
406 4707 452 4780 qui
470 4706 570 4779 legant,
590 4708 655 4804 ὅκκα
667 4707 761 4781 potius
776 4722 839 4764 aar·
955 4707 1014 4782 ¹³²)
1034 4705 1121 4778 Epist.
1142 4705 1219 4763 titt.

173 4810 336 4885 plectamur.

239 4918 299 4994 ¹⁸¹)
329 4919 369 4976 Oi.
390 4918 567 4977 Gbfistuuum
587 4917 687 4994 lupum
706 4919 734 4976 iu
754 4917 840 4975 Sobo-

175 5024 218 5084 liis
239 5027 274 5085 ad
293 5042 353 5103 cap.
374 5027 468 5088 xxttt
489 5027 523 5087 de
542 5024 806 5102 Pmeacriptionibus.
955 5020 1017 5099 ¹³⁴)
1037 5022 1121 5081 Galat
1142 5021 1174 5081 ll.
1197 5021 1243 5080 il.

954 4863 1014 4939 ¹³³)
1034 4880 1060 4920 n.
1080 4860 1147 4920 aaa.
