3324 5382
212 298 275 363 δη
702 298 834 365 11le
874 298 1108 367 SECUNDUS

211 473 459 550 repraesentatur.
501 466 547 533 lle
566 468 657 550 priori
678 468 830 535 schemae
856 469 928 535 ulliil
954 469 1113 535 admodum
1140 466 1237 533 hubeo
1268 466 1347 550 quod
1376 467 1533 550 adiiciam
1549 430 1603 532 *de

212 578 370 659 posteriori
398 595 471 640 vero
499 577 574 641 istud
603 581 728 661 suppetit
748 578 827 661 quod
849 579 945 661 paullo
967 578 1171 643 vehementius
1194 577 1347 642 inculcem.
1392 578 1472 643 luter
1490 586 1603 642 emes

210 687 350 750 merirum
377 692 508 750 andasta
536 687 653 764 modos,
684 686 790 769 quihus
818 705 902 752 suam
930 687 1069 769 distingui
1095 687 1253 751 ecclesiam
1282 687 1428 752 ordinavit
1451 687 1602 769 Christus,

210 794 292 858 illum
325 797 476 877 eminere,
508 797 557 878 qui
585 818 651 861 una
678 797 845 876 eademque
867 796 945 878 fidei
970 795 1164 880 prosecm
1179 800 1208 832 ⁸⁴
1240 796 1512 879 comprehenditur.
1556 796 1603 859 Ad

213 902 292 969 hume
312 912 410 969 autem
430 905 619 970 obtinendum
641 906 951 989 consequeudumque,
972 914 1148 971 mctttutcn
1168 905 1204 969 ah
1226 924 1265 970 eo
1285 905 1306 969 l
1327 906 1422 970 finisse
1442 912 1601 970 noscere

213 1034 286 1078 runt
304 1012 525 1092 manachem,
549 1034 674 1098 quorum
695 1035 818 1081 munera
839 1023 980 1099 actusque
996 1022 1024 1054 ⁴⁴
1048 1035 1086 1082 eo
1104 1017 1296 1099 pertinerent,
1318 1023 1349 1078 ut
1370 1033 1602 1081 occurreremus

215 1142 320 1188 omues
341 1127 387 1200 εἰς
408 1124 464 1202 τήν
482 1128 608 1203 ἑνότητα
630 1126 683 1202 τῆς
701 1125 846 1203 πίστεως,
866 1145 965 1208 neque
988 1144 1124 1192 essemus
1145 1125 1247 1203 νήπιοι
1263 1125 1533 1207 κλυδωνιζόμενοι
1551 1128 1602 1191 καὶ

213 1236 456 1318 περιφερόμενοι
475 1237 569 1300 παντὶ
591 1233 698 1319 ἀνέμῳ
718 1237 771 1313 τῆς
792 1234 1015 1312 διδασκαλὲαςε
1047 1245 1108 1300 hrrn
1135 1255 1208 1300 vero
1229 1236 1264 1299 ll
1285 1237 1379 1316 ipsum
1400 1235 1602 1299 hierarchiam

212 1344 256 1407 ad
273 1342 482 1408 monarchiani
503 1344 594 1408 luisse
619 1352 803 1425 revocatam,
831 1363 867 1408 ac
887 1345 964 1409 illius
986 1347 1045 1409 nm
1066 1364 1200 1426 omnem,
1227 1345 1453 1427 firmitatemque
1472 1363 1602 1428 suspen

211 1472 274 1519 sum
301 1472 320 1517 e
346 1455 544 1518 consensione
570 1461 658 1537 atque
683 1456 826 1519 societate
854 1472 921 1519 cum
947 1455 1051 1534 Petro,
1080 1463 1132 1520 cut
1156 1462 1212 1519 ant
1240 1455 1347 1518 dictum
1375 1462 1437 1518 est:
1469 1452 1540 1536 trel
1566 1453 1601 1518 et

211 1561 349 1643 ἐδεήθην
368 1565 440 1647 περὶ
461 1565 536 1642 σοῦ,
565 1562 619 1629 ἵνα
637 1559 681 1647 μή
700 1564 825 1648 ἐκλείπῃ
845 1562 865 1640 ἡ
887 1564 988 1639 πίστις
1010 1582 1088 1630 ooo:
1116 1573 1146 1630 et
1166 1572 1217 1631 cui
1236 1572 1292 1628 uni
1311 1572 1524 1647 praeceptum,
1550 1565 1602 1629 sui

214 1670 255 1737 σύ
274 1695 348 1738 rure
368 1678 559 1759 temptatae
580 1671 723 1754 στήριξον
743 1666 817 1748 τούς
837 1670 1000 1762 ἀδελφούς
1022 1692 1090 1739 σου.

650 1865 1058 1943 COBOLLARIUM
1099 1868 1153 1941 114

319 2024 390 2082 214.
433 2018 531 2092 Quare
551 2019 583 2082 hi
604 2019 676 2083 mihi
694 2018 772 2083 Petri
792 2017 964 2100 ὑπεροχήν,
985 2022 1253 2102 praestantiamque
1267 2018 1455 2101 expressisse
1475 2018 1602 2102 insigni-

210 2135 257 2191 ter
274 2132 302 2161 ⁴⁴
325 2128 472 2208 uidentur,
494 2130 544 2210 qui
564 2128 645 2192 illam
662 2136 829 2208 menatem
845 2127 938 2211 fidet,
962 2128 1041 2212 fidet
1057 2137 1261 2210 principatum
1283 2145 1319 2192 uc
1336 2134 1552 2208 mandentum
1571 2135 1600 2191 is

213 2243 393 2318 episcopatu
409 2236 488 2321 fidei
507 2247 717 2320 nuncuparunt.
759 2238 811 2303 llis
834 2240 912 2303 enim
935 2238 1066 2303 lormulis
1088 2239 1158 2303 nihil
1179 2237 1299 2303 ellertur
1325 2237 1403 2301 aliud
1432 2255 1527 2319 quam
1553 2244 1600 2300 tus

208 2353 326 2426 potius,
355 2353 744 2427 emmerammenses
765 2349 1012 2430 praescribendae
1032 2348 1118 2430 fidei,
1141 2349 1265 2430 eiusque
1285 2346 1479 2430 professionis
1502 2348 1600 2412 deter-

211 2456 374 2533 minandae,
396 2475 453 2539 qus
473 2456 542 2521 lidei
561 2458 657 2521 unitm
672 2465 702 2522 et
715 2461 868 2524 sinceritas
890 2459 1098 2523 custodiuntur.
1131 2458 1196 2520 llec
1212 2464 1309 2520 autem
1326 2458 1390 2519 iure
1406 2463 1466 2520 mm
1480 2456 1599 2522 Petrum

211 2565 360 2631 aChrislo
381 2574 497 2632 tudam
518 2570 664 2650 novimus,
687 2586 776 2651 quum
797 2568 839 2632 illi
857 2568 944 2632 dixit:
965 2567 1109 2648 στήριξον
1128 2560 1203 2641 τούς
1222 2564 1385 2652 ἀδελφούς
1404 2584 1473 2629 σου.
1513 2566 1599 2631 Pne-
1655 2642 1656 2649 ἵ

211 2675 290 2739 clere
321 2676 501 2758 Bernardus,
534 2677 603 2742 dum
629 2680 667 2742 ita
682 2680 709 2713 ⁴¹
741 2678 943 2742 lnuooentium
957 2677 992 2740 it
1013 2677 1185 2759 alloquium:
1230 2675 1374 2758 „Oportet
1400 2675 1436 2738 ad
1466 2685 1599 2741 vestrum

210 2785 318 2850 relerri
339 2786 534 2868 apostolatum
562 2787 693 2870 pericula
718 2805 854 2870 quaeque
875 2795 905 2851 et
925 2786 1063 2851 scandala
1084 2787 1268 2868 emergentia
1290 2786 1319 2848 in
1339 2803 1436 2867 reguo
1458 2784 1534 2866 Dei,
1566 2805 1599 2851 ec
1654 2804 1655 2847 t

209 2903 405 2975 praesertim,
435 2915 512 2977 quae
533 2896 572 2960 de
587 2895 654 2978 pide
674 2900 854 2980 contingunt
900 2896 1027 2981 Dignum
1050 2915 1178 2978 namque
1203 2895 1330 2960 arbitror
1353 2895 1394 2958 ibi
1413 2897 1598 2977 potissimum
1654 2966 1655 2991 χ

209 3005 349 3068 resarciri
376 3003 481 3068 damna
508 3004 593 3087 idei,
623 3006 674 3070 ubi
692 3012 720 3042 ⁴⁴
749 3026 809 3072 nou
835 3008 929 3089 possit
955 3007 1030 3071 lides
1053 3008 1163 3071 sentire
1187 3005 1344 3070 delectum.
1387 3005 1469 3068 llaec
1491 3007 1598 3088 quippe
1654 2998 1655 3035 ¹

210 3112 296 3177 huius
317 3116 523 3198 praerogativa
544 3115 633 3180 sedis.
671 3117 723 3181 Cui
743 3118 822 3181 enim
844 3115 927 3180 alteri
949 3115 1105 3199 aliquando
1126 3116 1234 3180 dictum
1258 3122 1319 3179 est:
1342 3135 1397 3199 epu
1415 3134 1473 3193 pre
1495 3122 1531 3179 te
1551 3135 1598 3177 ro

210 3230 294 3307 qast,
315 3219 420 3301 Petu,
441 3231 476 3287 ut
497 3245 558 3288 nm
579 3223 702 3306 deficiet
719 3224 802 3307 fides
823 3228 906 3290 tan?
926 3243 1002 3308 ergo
1023 3226 1101 3308 quod
1123 3225 1264 3308 sequitur,
1288 3243 1306 3287 a
1322 3223 1401 3287 Petri
1419 3242 1598 3289 successore

212 3334 355 3415 exigitur:
388 3340 419 3396 et
441 3341 476 3396 tu
497 3332 663 3414 clipamndo
688 3354 856 3399 conemur
877 3333 1027 3417 confirma
1043 3333 1171 3419 fratres
1192 3344 1270 3398 tuor.
1314 3334 1347 3397 ld
1368 3334 1487 3416 quidem
1512 3333 1598 3398 modo
1653 3358 1654 3401 t

212 3442 404 3525 (ingruebant
432 3444 512 3507 enirn
539 3444 698 3509 Abaelurdi
726 3451 862 3522 errores)
892 3446 1104 3508 necessarium.
1156 3444 1284 3526 Tempus
1313 3450 1376 3519 cst,
1406 3450 1437 3505 ut
1466 3453 1597 3507 vestrum
1652 3422 1653 3439 ¹

211 3553 395 3634 agnoscatis,
424 3561 508 3635 pater
535 3556 749 3635 amentissime,
774 3559 993 3634 prtrtctpam
1024 3553 1156 3636 probetis
1182 3552 1296 3633 zelum,
1327 3553 1522 3617 ministerium
1545 3552 1597 3616 hc
1652 3538 1653 3575 ¹

212 3664 332 3727 nocetis.
376 3663 409 3726 ln
430 3681 468 3728 eo
488 3664 576 3746 plane
596 3665 674 3729 Petri
694 3664 820 3747 impletis
835 3666 862 3698 ⁴⁸
885 3665 998 3745 uicem,
1025 3666 1107 3728 cuius
1126 3664 1234 3728 tenetis
1254 3671 1285 3726 et
1304 3662 1424 3743 sedem,
1451 3664 1596 3728 sivestn

213 3772 412 3837 admonitione
430 3774 520 3837 cerda
536 3774 566 3837 in
584 3773 642 3838 lide
663 3774 829 3838 llucmuntiu
849 3771 1045 3855 confirmetis,
1067 3774 1093 3837 si
1114 3780 1212 3837 vestra
1234 3779 1419 3836 sustentate
1439 3773 1596 3837 conteratis

208 3881 278 3946 lidei
298 3883 520 3965 cernlpteres.‘⁴

646 4063 1047 4141 COROLLABIUM
1091 4058 1170 4137 ΙΙΙ.

320 4219 391 4278 215.
434 4215 530 4290 Quum
549 4217 644 4282 audiri
666 4234 770 4295 omnes
792 4215 929 4295 debeant,
952 4213 1057 4296 quilius
1078 4213 1162 4276 verbi
1182 4213 1384 4293 ministerium,
1409 4229 1526 4295 suoque
1547 4210 1597 4273 uh

216 4322 342 4387 eundum
363 4325 482 4388 nomine
505 4325 685 4409 legationem
705 4326 794 4390 lesus
813 4325 973 4403 commisit,
1004 4322 1193 4405 officiumque
1213 4322 1341 4386 tuendae
1361 4320 1447 4401 hdei,
1479 4338 1597 4385 ser-aen
1650 4312 1651 4405 J

274 4498 322 4574 ⁴⁴)
341 4497 410 4574 Eph.
430 4498 476 4556 iv.
498 4501 526 4557 ⁵.
927 4500 1009 4572 ficiat
1016 4498 1292 4572 fidum3quodque
1301 4496 1451 4569 Cyprianus
1459 4494 1596 4571 cpistht.
1650 4446 1651 4503 ¹

274 4604 408 4680 ³⁴)1ntd.
428 4620 472 4660 tv.
496 4603 634 4664 ll—ld·
931 4607 1056 4680 exprimit
1081 4605 1205 4679 iuquiens
1230 4604 1264 4661 de
1283 4603 1353 4660 Petri
1378 4602 1595 4661 successorihus:

274 4710 319 4785 ⁴⁴)
335 4710 375 4768 ct.
388 4709 561 4768 Ambrosium
577 4712 751 4769 delncsrnat.
769 4710 880 4786 capiti.
930 4713 970 4770 cd
996 4727 1066 4786 quos
1089 4712 1211 4786 perficite
1233 4708 1418 4768 luderem
1438 4712 1529 4783 pocn't
1546 4724 1596 4766 ec-
1649 4740 1650 4745 κ

213 4832 240 4873 n.
261 4815 309 4873 32.
931 4834 1046 4878 matun.
1649 4824 1650 4867 t

234 4932 237 4937 “
269 4922 322 4996 ’“)
342 4918 431 4995 ltpist
452 4920 590 4980 cxcvlll.
993 4925 1038 5001 ⁴⁸)
1072 4924 1141 4982 illue
1169 4922 1314 4997 appellatio
1340 4920 1505 4978 marierun
1530 4920 1596 4978 Petri
1648 4916 1649 4919 ’

279 5025 323 5103 ⁴²)
343 5025 404 5084 lloc
422 5028 550 5102 estquod
564 5028 688 5086 Christus
708 5027 755 5101 cit,
775 5046 811 5086 sc
830 5029 883 5090 de-
933 5033 1003 5091 lecta
1023 5031 1175 5108 mqumter
1193 5028 1314 5089 menn
1333 5027 1511 5089 usuumua
