3258 5400
206 325 250 387 es
728 284 874 384 nmen
902 318 1068 384 murus

208 492 275 558 Non
295 490 381 571 illud,
410 503 500 571 ιιιιιιιι
520 487 651 553 Christus
672 505 731 552 non
751 496 811 552 ιιιιι
830 488 961 571 bonore,
989 507 1077 571 quam
1098 488 1206 554 ommia
1226 487 1414 569 auctomtate,
1437 504 1590 570 suprmo

210 619 268 684 que
287 601 352 664 iure
373 597 520 663 ecclesiae
539 596 714 681 praefuerit,
743 598 881 681 illamque
901 598 976 662 adeo
996 601 1037 663 ita
1055 601 1181 682 primum
1202 600 1378 679 abnuerit,
1406 604 1439 660 ιιι
1461 599 1591 662 eiusdem

209 710 345 793 regimen
367 708 406 772 ad
425 726 569 772 mmmam
589 710 675 771 unius
695 715 870 790 potestatem
891 716 1092 773 revocuretur.
1135 708 1200 773 Non
1222 702 1359 791 alterum,
1380 705 1463 789 quod
1481 726 1521 771 eu
1541 707 1591 771 iul

211 827 263 903 get
283 818 443 900 evidentia,
464 826 496 881 ut
516 819 652 883 illustrari
674 817 799 881 dicendo
819 819 869 881 vix
888 836 978 901 posse
1000 818 1140 882 videatis.
1183 816 1312 881 Evidens
1339 817 1417 879 cuim
1440 825 1488 880 est
1507 836 1590 899 quam

211 929 291 1012 quod
316 930 459 1010 maxime,
487 947 623 1011 suprema
653 946 727 1010 opus
753 946 821 991 esse
848 928 1036 1010 auctoritate,
1063 930 1127 992 aive
1153 934 1185 989 ut
1212 926 1330 990 dissidia
1350 928 1452 990 ιιιιιιιιιί
1481 927 1592 991 intensa

212 1040 335 1105 dextere
359 1046 605 1122 praecaveantur,
634 1039 698 1101 sive
726 1044 757 1099 ιιι
788 1035 892 1100 eadem
914 1039 971 1100 iam
992 1037 1111 1118 ebena,
1142 1055 1177 1099 uc
1197 1037 1227 1098 in
1248 1034 1312 1098 dies
1331 1035 1416 1101 latius
1438 1036 1590 1120 gliscentia

211 1150 405 1213 refrenentur.
448 1149 591 1230 Historia,
613 1147 748 1229 ardema
769 1165 835 1210 eum
858 1146 936 1210 ciuili
955 1149 1114 1227 societate,
1140 1154 1356 1231 praeceptaque
1376 1146 1455 1209 bene
1477 1147 1589 1209 consul·

213 1266 260 1322 tae
280 1259 402 1321 rationis
421 1258 638 1338 demonstrant,
665 1258 794 1338 seposita
814 1257 985 1320 euconute
998 1259 1027 1292 ⁸⁸
1050 1259 1180 1340 supremi
1200 1257 1301 1338 capitia
1321 1264 1434 1319 temere
1455 1275 1493 1320 ac
1512 1276 1589 1340 pror·

214 1387 266 1432 sus
285 1364 409 1449 ἀλόγως
429 1386 513 1450 spem
535 1367 573 1431 ali
593 1366 667 1447 iore,
689 1386 727 1431 ne
747 1348 865 1449 propria
887 1364 1033 1429 eeclesiae
1053 1368 1148 1430 unitas
1169 1365 1356 1449 periclitetur.
1398 1366 1513 1440 Quibus
1533 1386 1588 1430 om

214 1479 298 1542 nibus
330 1477 496 1559 conficitur,
523 1482 672 1540 auctorem
701 1476 792 1540 iuisac
822 1475 982 1556 Christum,
1014 1484 1046 1539 ut
1066 1477 1167 1542 Simon
1188 1476 1291 1540 Petrus
1318 1477 1448 1539 omnium
1471 1480 1587 1559 πρῶτος

212 1588 387 1671 baberetur,
416 1590 494 1652 inter
519 1588 599 1669 ipsos
628 1585 777 1669 apostolos
798 1583 917 1666 μείζων
937 1593 1032 1667 esset,
1061 1605 1096 1650 ac
1117 1588 1313 1670 suimetipsius
1334 1587 1399 1650 viee
1419 1595 1522 1669 partas
1542 1589 1589 1649 roi

213 1696 391 1783 dyovptcov
411 1700 558 1780 iureque
580 1696 730 1760 coelorum
752 1694 903 1759 visibiliter
924 1694 1065 1778 expleret
1509 1694 1513 1702 '

240 1952 246 1963 .
275 1910 322 1986 8ι)
342 1910 451 1968 lliuime
470 1916 558 1966 autem
579 1907 706 1966 audiendi
733 1913 794 1965 sunt
818 1921 881 1981 pro-
930 1925 946 1964 e
972 1908 1051 1966 novia
1081 1910 1303 1987 revelationibus,
1334 1910 1384 1967 eed
1410 1927 1427 1967 e
1454 1926 1588 1985 ammo,

214 2022 344 2075 montes
363 2017 426 2074 dum
445 2016 597 2089 excipiunt,
622 2019 763 2088 propterea
785 2014 819 2071 ad
838 2019 882 2070 tu-
930 2016 1129 2090 eenspicuoqua
1146 2017 1302 2091 praeposito
1317 2018 1513 2091 expectandam
1526 2035 1588 2075 use·

215 2123 296 2181 telam
309 2123 419 2180 unitatis
435 2123 616 2205 neceesarium
632 2137 687 2179 nen
707 2137 768 2178 csse
789 2136 882 2194 supre-
930 2121 1070 2180 Poatramo
1091 2123 1121 2200 c)
1139 2130 1251 2198 utraque
1267 2131 1437 2199 comperetur
1453 2125 1586 2197 imtitade,

215 2246 287 2287 mum
303 2229 411 2286 viaibile
424 2235 511 2303 caput,
532 2229 605 2302 quod
619 2229 738 2285 cbristus
751 2226 882 2284 eccleaim
930 2229 1026 2301 tegulis
1048 2246 1098 2303 per
1122 2230 1246 2305 llobem,
1272 2237 1301 2288 et
1320 2232 1465 2289 ebusum·
1486 2249 1536 2306 per
1551 2233 1587 2288 li

215 2350 266 2391 suo
286 2336 392 2392 numine
418 2335 498 2391 adsit.
544 2333 650 2391 Etenim
678 2331 708 2407 a)
728 2348 781 2406 quo
800 2336 882 2405 pacto
930 2335 1003 2392 lium.
1044 2336 1100 2410 Illa,
1121 2352 1279 2410 quamquam
1297 2344 1325 2393 et
1345 2338 1427 2395 multo
1447 2340 1586 2411 ungmb‘m,

217 2440 332 2498 voluerit
344 2440 465 2498 cbristus
483 2439 580 2497 unitati
600 2439 798 2496 ecclesiasticae
817 2453 882 2514 con·
930 2447 959 2498 et
977 2441 1092 2516 pleniori
1112 2444 1241 2500 instructa
1261 2442 1367 2518 codiee,
1387 2451 1512 2502 atcerte
1531 2451 1587 2501 ten·

216 2547 322 2620 aultum,
342 2561 396 2603 non
416 2546 563 2603 divinando
583 2547 733 2620 praesumi,
754 2545 803 2602 sed
823 2560 882 2601 cer·
929 2563 996 2622 pore
1021 2548 1152 2622 desitura,
1179 2555 1208 2605 et
1226 2549 1306 2606 novis
1326 2550 1354 2606 in
1373 2549 1434 2606 dies
1453 2552 1586 2608 revelatio-

216 2653 252 2710 tis
274 2653 436 2710 testimoniis
456 2654 526 2710 illius
547 2652 687 2709 eonsilium
709 2652 882 2726 praeferenti·
929 2653 1024 2727 uibus,
1055 2656 1241 2729 miraculisque
1267 2656 1455 2730 amtentanda,
1488 2663 1585 2713 aueum

216 2760 267 2817 boa
286 2759 369 2816 stetui
389 2759 477 2816 debet.
510 2759 672 2817 Testimonia
686 2773 768 2832 porro
782 2758 881 2814 Christi
930 2767 1019 2818 tamen
1038 2761 1110 2837 Deo,
1141 2761 1187 2835 qui
1208 2761 1438 2839 omnia.iortiter,
1465 2765 1585 2820 suaviter·

217 2866 359 2924 eonsilium
384 2866 562 2940 praeferentia
583 2866 737 2938 comeduut,
764 2864 882 2920 voluisse
931 2883 982 2940 qua
1002 2857 1168 2942 moderatu,
1195 2882 1318 2940 supremo
1338 2882 1394 2925 nen
1413 2869 1502 2924 caruit
1519 2886 1586 2943 prae-

215 2974 305 3047 illum,
336 2978 367 3029 ιιι
395 2972 575 3029 destinatione
606 2977 686 3046 atque
714 2971 882 3028 institutione
930 2971 999 3046 side,
1020 2972 1094 3028 euius
1114 2986 1204 3048 curae,
1227 2973 1370 3048 officioque
1391 2974 1532 3046 integritus
1548 2976 1586 3031 de·

217 3079 349 3155 visibilis,
377 3079 545 3153 supremique
565 3078 662 3151 capitia
683 3078 777 3134 unitati
796 3076 883 3132 eccle·
930 3078 1027 3152 positi,
1052 3078 1246 3153 societatisque
1265 3081 1352 3136 ruitae
1377 3083 1585 3138 committeretur.

216 3187 274 3243 aiae
293 3186 500 3259 prospiceretur.
541 3184 585 3241 Ad
611 3184 678 3240 baec
704 3184 737 3259 b)
757 3183 882 3255 analogia
932 3183 1128 3241 Arbitrabimur
1147 3201 1181 3241 ne
1201 3200 1284 3260 erqo,
1311 3186 1450 3259 praesidio
1469 3190 1586 3263 supremi,

216 3280 288 3365 ddei',
308 3307 378 3364 quae
397 3291 500 3362 negligi
519 3306 660 3362 numquam
675 3290 765 3364 debet,
787 3292 813 3346 iu
830 3289 883 3346 boe
931 3290 1098 3364 visibiliaque
1117 3292 1263 3365 praepositi
1279 3293 1435 3350 instructam
1449 3310 1503 3351 non
1516 3295 1586 3351 tuisse

166 3442 171 3453 .
216 3397 387 3471 potissimum
417 3396 603 3471 quaestionum
637 3411 736 3466 genere
771 3396 883 3453 interro·
932 3397 1083 3472 ecclesiam,
1104 3398 1167 3454 licet
1180 3403 1209 3455 et
1222 3399 1304 3455 nubo
1317 3400 1460 3472 synaqogd
1475 3402 1585 3475 amplier,

217 3502 307 3573 ganda
326 3507 377 3557 est
414 3502 487 3569 Quae
506 3503 531 3557 ai
552 3502 739 3575 interrogetur,
759 3502 882 3576 liquebit,
932 3509 960 3559 et
978 3509 1105 3577 perpetua
1125 3503 1210 3560 lutura
1231 3506 1282 3580 sit,
1303 3522 1388 3579 neque
1409 3508 1531 3565 codicem
1548 3507 1586 3562 ln

218 3607 340 3664 ordinem
364 3606 491 3663 divinitus
512 3606 644 3663 delectum
664 3607 732 3664 bunc
753 3624 827 3683 esee,
854 3614 884 3665 ιιι
933 3608 997 3666 beat
1016 3615 1090 3666 tenta
1110 3611 1258 3668 subtilitate
1271 3611 1415 3687 digestum,
1436 3614 1585 3686 nequeatis

218 3712 334 3771 ecclesia
364 3702 437 3773 aare?
467 3702 631 3787 φαινόμενον
663 3714 778 3771 hnmano
809 3731 883 3771 more
932 3717 971 3771 sia
985 3716 1132 3773 identidem
1145 3716 1299 3792 prophetis,
1319 3718 1453 3793 editisque
1465 3719 1608 3799 portentis⁴

219 3819 390 3893 gubernetur.
420 3818 561 3876 Eiusmodi
579 3828 665 3878 ιιιιοιιι
680 3804 883 3893 gubematiouis
932 3821 1017 3897 erigi,
1037 3821 1163 3896 rebeique
1182 3812 1300 3899 debeat?
1319 3824 1442 3898 proiecto
1462 3828 1486 3882 si
1506 3825 1582 3899 quiin

219 3925 290 3983 ratio
316 3925 425 3983 omnino
452 3921 607 4001 persuadet,
637 3927 743 3985 ιιιιοΙιιιι
772 3928 882 3986 unitatis
931 3929 999 3985 benc
1017 3928 1272 4004 irentaeutentiam,
1292 3930 1528 4004 imprudentissimi
1538 3945 1582 3988 nor

219 4032 416 4090 ecclesiasticae
449 4049 534 4105 neque
563 4050 579 4090 e
610 4034 762 4108 miraculis,
796 4050 883 4107 neque
931 4034 1024 4091 iniuria
1044 4033 1206 4092 viderentur.
