3258 5400
194 311 255 370 lou
713 300 845 366 [ABER
885 297 1052 366 ramus
1163 396 1171 405 ι

235 473 242 486 ’
301 478 368 535 ibt.
412 471 494 545 Quae
515 470 541 533 si
560 469 653 553 probe
666 476 829 549 teneantur,
851 487 887 532 ac
899 485 1057 550 numquam
1080 480 1120 529 ex
1139 463 1237 529 animo
1255 465 1371 529 excidat
1390 465 1574 530 molimus

193 584 242 648 ille
264 599 367 662 nexus,
390 598 448 662 quo
470 581 625 643 auctoritas
646 578 797 661 apostolici
815 580 1063 661 magisterii'curu
1082 576 1234 658 signorum
1251 573 1385 638 facultate
1406 573 1575 656 copulatum,

194 693 286 755 videri
308 690 476 772 impeditum
498 707 557 751 noa
578 690 685 770 poterit
704 683 863 767 κριτήριον
883 687 1048 767 praefinire,
1070 702 1128 767 quo
1149 690 1334 747 executum
1353 690 1488 764 arrpreart
1507 703 1577 747 ιιι-

190 807 310 884 gistertt
330 805 536 882 cognoscatur.
579 797 637 861 Fac
658 799 736 861 enim
757 796 954 878 apostolorum
968 794 1095 876 aliquem
1117 795 1147 856 in
1164 793 1311 857 ecclesiae
1332 793 1497 877 primordiis
1519 812 1576 856 ex-

192 913 299 990 titisse,
326 912 377 991 qui
396 912 477 989 iura,
503 908 659 989 officiaque
679 907 808 989 supremi
828 905 958 969 omnium
979 905 1113 987 magistri
1133 904 1303 986 expleverit
1346 903 1426 978 Quo,
1449 892 1576 985 queso,

193 1029 278 1103 pacto
307 1019 336 1082 id
363 1012 589 1100 deprehendes?
616 1015 722 1093 credo,
753 1015 778 1079 si
806 1033 894 1096 quem
915 1015 1079 1096 repereris,
1106 1015 1157 1107 qui
1178 1021 1362 1092 comisator,
1383 1013 1576 1095 omniumque

193 1132 303 1213 primus
331 1136 361 1191 et
380 1126 503 1190 verbum
526 1127 654 1190 veritatis
676 1124 872 1204 annunciarit,
896 1123 1160 1205 annunciatumque
1187 1125 1317 1186 omnium
1335 1122 1445 1204 primus
1466 1122 1574 1203 signia,

194 1240 338 1321 editisque
358 1238 500 1321 portentis
520 1234 705 1299 confirmarit
746 1233 806 1297 Fac
825 1251 943 1297 nrrsum
964 1233 994 1295 id
1015 1232 1129 1296 consilii
1148 1232 1240 1298 luisse
1258 1233 1370 1313 Lucae,
1392 1239 1424 1295 ut
1443 1231 1576 1314 aliquem

195 1370 234 1413 en
259 1347 414 1431 apostolis,
449 1354 595 1427 tamquam
623 1362 792 1426 supremum
829 1342 958 1406 omnium
986 1343 1156 1424 magistrum
1184 1348 1428 1426 repraesentaret
1469 1340 1574 1421 Unde,

195 1459 313 1540 amabo,
343 1457 372 1521 id
391 1463 453 1519 tuto
483 1451 627 1538 colligas?
656 1471 716 1517 non
744 1452 877 1534 aliunde,
905 1459 989 1534 puto,
1018 1471 1104 1535 quam
1125 1471 1164 1516 ex
1184 1453 1245 1534 ipsa
1267 1453 1441 1516 narrationis
1462 1450 1574 1531 lorma,

193 1570 341 1651 modoque
361 1564 523 1647 scribendi,
551 1582 610 1646 quo
632 1582 722 1627 unum
742 1581 814 1645 prae
835 1562 942 1626 ceteris
961 1562 1055 1625 Lucas
1076 1569 1245 1626 consumar
1266 1561 1442 1642 exhibuerit,
1470 1561 1522 1642 qui
1542 1568 1577 1623 et

192 1682 222 1744 in
247 1677 442 1761 praedicando
468 1674 643 1756 evangelio,
671 1673 824 1755 signisque
855 1670 1054 1735 maimundo
1082 1672 1217 1736 omnibus
1246 1671 1455 1738 antecelluerit
1498 1669 1574 1735 sna

193 1791 247 1854 ista
267 1788 431 1871 perspicua,
450 1802 548 1866 nequo
569 1782 608 1846 ad
627 1782 775 1847 arbitrium
796 1781 971 1863 excogitata,
992 1781 1046 1845 sed
1067 1801 1107 1845 ex
1127 1783 1197 1864 ipsis
1215 1800 1315 1847 rarum
1336 1780 1446 1846 naturis
1466 1779 1572 1844 harma

194 1918 230 1963 ac
251 1897 411 1980 depromta.
1313 1916 1316 1931 =

300 2006 360 2072 Sed
380 2005 486 2068 horum
500 2003 637 2086 quidnam
659 2010 714 2082 est,
738 2001 816 2085 quod
837 2003 866 2064 in
884 2018 974 2064 unum
994 2000 1111 2065 Petrum
1133 2021 1193 2066 non
1212 2002 1360 2085 aptissime
1380 1998 1488 2065 cadatl
1513 2018 1577 2063 non

193 2135 266 2183 sane
287 2116 420 2197 primum,
443 2132 531 2197 quum
553 2132 592 2176 ea
611 2113 732 2177 historia
753 2110 894 2175 Actorum
909 2112 937 2144 ²⁶
960 2112 985 2175 is
1006 2113 1059 2192 sit,
1082 2114 1131 2194 qui
1154 2112 1274 2194 primus,
1294 2114 1383 2175 immo
1406 2129 1480 2175 unus
1501 2129 1576 2193 pro-

193 2225 351 2309 pemodum
387 2232 417 2287 et
444 2222 630 2305 erangehum
657 2222 820 2304 praedicat,
858 2221 1165 2303 praedicationemque
1192 2239 1275 2285 suam
1308 2240 1344 2284 ac
1372 2221 1577 2303 maginarium

193 2336 303 2416 signis,
334 2332 539 2415 miraculisque
565 2338 669 2395 tuetur.
711 2330 778 2395 Non
805 2330 942 2413 alterum,
971 2349 1060 2413 quum
1086 2331 1180 2394 Lucas
1207 2349 1266 2394 non
1292 2348 1379 2395 secus
1404 2332 1434 2393 in
1459 2330 1577 2413 sigss,

86 2514 91 2522 ,
196 2462 283 2526 quam
305 2445 337 2505 in
355 2441 544 2506 concionibus
564 2440 729 2505 referendis
750 2448 901 2505 versetur:
924 2447 1012 2522 atque
1033 2440 1109 2505 adeo
1123 2443 1174 2505 vix
1194 2441 1313 2506 alterius
1325 2444 1352 2474 ²²
1378 2458 1465 2523 quam
1485 2441 1578 2504 unius

194 2551 271 2616 Petri
293 2568 463 2631 sermones,
488 2549 623 2632 editaque
645 2550 730 2633 signa
751 2557 977 2630 commemoret,
999 2549 1215 2633 diligenterque
1235 2551 1390 2615 describat

168 2712 172 2719 .
260 2658 266 2667 “
304 2668 371 2724 198.
414 2661 511 2735 Quare
532 2661 562 2723 in
589 2677 655 2724 cam
681 2660 768 2724 venio
788 2660 1012 2742 cogitationem,
1027 2660 1116 2733 ⁴idern
1138 2661 1291 2725 eonsilium
1312 2660 1402 2724 luisse
1421 2659 1521 2722 imme
1541 2659 1575 2722 in

193 2772 357 2837 referendis
377 2772 454 2836 Patri
474 2770 631 2851 miraculis,
653 2768 732 2851 quod
752 2768 805 2832 luit
823 2767 948 2834 Johanni
971 2772 1001 2834 in
1022 2773 1057 2835 iis
1079 2770 1250 2836 enarrandis
1272 2789 1348 2853 quae
1368 2769 1407 2833 ad
1426 2768 1576 2833 chrisum

194 2886 382 2967 pertinerent.
425 2880 565 2945 Existimo
591 2897 654 2943 non
680 2881 775 2943 minus
795 2879 904 2941 Lucam
926 2897 964 2943 eo
985 2887 1152 2962 spectasse,
1180 2887 1212 2943 ut
1232 2882 1276 2943 rei
1297 2899 1440 2944 summam
1459 2878 1499 2942 ad
1517 2877 1576 2941 Pe·

193 3003 269 3058 trum
288 2994 413 3057 delatam
434 2991 618 3072 ostenderet,
646 3008 731 3072 quam
754 3006 792 3052 eo
813 2987 963 3052 lohannes
986 2990 1179 3072 spectaverit,
1205 2996 1237 3052 ut
1257 2988 1400 3053 Christum
1421 2985 1577 3070 apostolici

194 3104 312 3187 collegii
333 3103 456 3182 ducem,
484 3101 714 3184 magistrumque
744 3098 967 3195 demonstraret.
1010 3097 1081 3162 Puto
1108 3099 1226 3162 tandem
1248 3117 1307 3162 non
1327 3100 1422 3161 minus
1442 3095 1577 3159 rolumae

193 3214 301 3276 Lucam
323 3213 408 3276 editis
429 3231 446 3275 a
466 3211 553 3274 Petro
574 3209 721 3274 mirandis
740 3207 827 3272 tidem
847 3209 994 3271 ecclesiae
1015 3209 1191 3291 conciliare,
1214 3228 1301 3292 quam
1322 3207 1468 3272 mhamrlis
1489 3205 1577 3270 Chri·

194 3326 231 3387 sti
244 3326 273 3357 ²⁸
296 3323 423 3386 voluerit
440 3321 591 3386 lohannes
612 3319 699 3384 iidem
719 3320 750 3382 in
769 3337 852 3400 eum,
875 3327 1020 3402 tamquam
1041 3322 1071 3383 in
1091 3338 1194 3383 uerum
1217 3318 1271 3384 Dei
1289 3320 1392 3383 Filium
1412 3316 1554 3382 stabilire.

303 3437 370 3494 199.
412 3429 568 3495 Enimvero
590 3430 723 3492 adiuncta
737 3430 888 3509 utriusque
909 3430 1081 3492 mundonis
1103 3448 1140 3493 ea
1156 3436 1231 3509 sunt,
1254 3448 1330 3512 quae
1349 3429 1427 3494 hanc
1447 3428 1576 3509 consilii,

196 3541 382 3623 susceptique
406 3542 545 3622 propositi
567 3538 782 3604 similitudinem
808 3556 868 3601 noa
889 3538 1016 3602 obscure
1036 3538 1223 3620 persuadent
1265 3538 1309 3602 Ea
1329 3542 1364 3604 iis
1386 3539 1480 3621 aliqua
1502 3555 1577 3602 con·

195 3649 368 3715 sideramus.
410 3649 490 3714 Sicut
509 3647 659 3713 lohannes
681 3647 818 3712 miracula
837 3647 941 3711 Christi
960 3649 1141 3730 potissimum
1162 3647 1267 3731 refert,
1288 3651 1326 3712 ita
1346 3649 1440 3712 Lucas
1459 3648 1512 3711 rix
1530 3648 1575 3710 al-

195 3761 286 3823 terius
313 3776 398 3841 quarn
425 3759 510 3820 unius
536 3757 613 3820 Petri
639 3756 776 3820 miracula
805 3765 910 3820 narrat.
962 3757 1043 3821 Sicut
1072 3757 1273 3822 lohannesin
1301 3758 1331 3823 id
1360 3758 1514 3837 incumbit,
1542 3765 1576 3820 ut

196 3868 326 3932 Christus
347 3866 430 3930 dictis
454 3866 606 3948 gestisque
628 3868 703 3928 inter
717 3865 865 3947 apostolos
886 3869 1022 3947 emineat,
1044 3885 1079 3930 ac
1099 3868 1141 3930 uti
1160 3866 1276 3931 illorum
1290 3878 1376 3952 eaput
1395 3866 1575 3951 praecellat,

196 3979 233 4040 ita
255 3978 363 4057 Lucas,
390 3977 498 4039 ceteris
524 3975 672 4038 levissime
698 3974 888 4057 adumbratis,
915 3977 945 4039 in
974 3978 1009 4039 iis
1030 3977 1222 4041 recensendis
1243 3985 1320 4043 totus
1349 3986 1410 4059 est,
1437 3994 1515 4059 quae
1536 3976 1576 4038 ad

258 4172 303 4249 ¹⁸)
323 4172 421 4230 Recole
440 4170 643 4246 praecedentia,
664 4170 770 4244 illisque
789 4169 858 4227 adde
907 4173 1040 4245 omnium,
1069 4174 1170 4246 primus
1199 4173 1311 4231 verbum
1335 4174 1385 4233 liei
1416 4173 1574 4247 praedicnt,

196 4296 263 4352 quae
276 4279 405 4335 baronius
420 4276 615 4352 inhnnalibas,
637 4277 670 4333 ad
685 4293 727 4333 ιιι.
737 4276 858 4334 xxxiv.
908 4279 970 4351 quia
990 4279 1091 4351 primus
1111 4286 1154 4337 eat
1172 4278 1319 4337 omnium.“

196 4386 223 4459 ς.
239 4385 357 4441 ccxlii.
377 4385 420 4441 his
440 4384 531 4440 verbis
551 4384 662 4440 scribit:
683 4381 756 4459 „Cur
771 4388 859 4439 autem

196 4492 287 4548 Petrus
307 4508 370 4565 prae
396 4491 508 4565 ceteris,
536 4497 590 4547 tam
618 4489 652 4546 ad
677 4504 784 4547 suorum
812 4488 859 4545 de·

196 4598 360 4673 sensionem,
387 4614 465 4670 quam
493 4597 605 4653 aliorum
631 4595 665 4652 ad
689 4595 768 4651 tidem
795 4609 859 4650 coa·
894 4661 898 4666 .

196 4705 361 4777 versionem,
382 4702 458 4759 verbi
472 4703 699 4777 praedicationem
713 4700 858 4775 exorditur,
970 4700 1015 4775 ²⁸)
1032 4698 1094 4756 ioh.
1108 4698 1166 4756 xli.
1181 4698 1235 4756 ³1:
1260 4694 1359 4758 Ταῦτα
1371 4696 1401 4756 dl
1413 4698 1574 4776 γέγραπται,

195 4809 247 4865 nisi
268 4810 330 4882 quia
349 4810 489 4882 primatum
511 4815 583 4866 terret
606 4809 675 4865 iuter
700 4797 859 4880 apostatari
908 4796 954 4861 tra
979 4795 1154 4878 asormoqra,
1178 4795 1221 4864 ὅτι
1246 4796 1349 4880 Ἰησοῦς
1373 4805 1446 4864 lora
1464 4796 1481 4862 ri
1502 4805 1574 4883 Χρι·

196 4915 266 4971 ande
295 4913 472 4987 (horribili.
503 4915 536 4971 ad
567 4913 691 4988 populum
722 4912 858 4987 antioch.)
908 4900 981 4979 orde,
1000 4901 1154 4977 buideeoi
1171 4908 1253 4983 croi,
1272 4911 1319 4969 acl
1339 4905 1384 4969 ira
1404 4903 1575 4982 marianae

970 4436 1016 4512 Μ)
1036 4437 1112 4506 onon
1133 4457 1167 4495 ex
1188 4440 1315 4496 Actorum
1335 4438 1450 4494 lectione
1469 4438 1575 4511 perspi-

908 4558 983 4599 cuum
1004 4550 1054 4600 ast

147 5100 153 5117 ι
196 5022 417 5099 chrisostomus:
438 5020 539 5098 serua,
556 5020 648 5099 inquit,
666 5019 724 5094 agit
736 5034 859 5076 caussam
908 5007 981 5092 ζωήν
1000 5010 1078 5095 lxma
1096 5017 1125 5076 ir
1143 5011 1185 5093 τῷ
1204 5007 1320 5095 Maura
1339 5008 1435 5077 αὖιιῦ.
