<?xml version="1.0" encoding="UTF-8"?>
<!DOCTYPE html PUBLIC "-//W3C//DTD XHTML 1.0 Transitional//EN"
    "http://www.w3.org/TR/xhtml1/DTD/xhtml1-transitional.dtd">
<html xmlns="http://www.w3.org/1999/xhtml" xml:lang="en" lang="en">
 <head>
  <title>
</title>
<meta http-equiv="Content-Type" content="text/html;charset=utf-8" />
  <meta name='ocr-system' content='tesseract 3.04.00' />
  <meta name='ocr-capabilities' content='ocr_page ocr_carea ocr_par ocr_line ocrx_word'/>
</head>
<body>
  <div class='ocr_page' id='page_1' title='image "./commentariusdep00passgoog_0404.png"; bbox 0 0 3300 5402; ppageno 0'>
   <div class='ocr_carea' id='block_1_1' title="bbox 175 207 1064 276">
    <p class='ocr_par' dir='ltr' id='par_1_1' title="bbox 175 207 1064 276">
     <span class='ocr_line' id='line_1_1' title="bbox 175 207 1064 276; baseline 0 -2"><span class='ocrx_word' id='word_1_1' title='bbox 175 214 235 274; x_wconf 71' lang='lat'>392</span> <span class='ocrx_word' id='word_1_2' title='bbox 658 209 790 274; x_wconf 71' lang='lat' dir='ltr'>bruno</span> <span class='ocrx_word' id='word_1_3' title='bbox 831 207 1064 276; x_wconf 72' lang='lat' dir='ltr'>SECUNDUS</span> 
     </span>
    </p>
   </div>
   <div class='ocr_carea' id='block_1_2' title="bbox 175 375 1636 1667">
    <p class='ocr_par' dir='ltr' id='par_1_2' title="bbox 175 375 1636 1667">
     <span class='ocr_line' id='line_1_2' title="bbox 176 375 1636 463; baseline 0.001 -20"><span class='ocrx_word' id='word_1_4' title='bbox 176 381 225 446; x_wconf 83' lang='lat' dir='ltr'>vel</span> <span class='ocrx_word' id='word_1_5' title='bbox 239 378 319 461; x_wconf 72' lang='lat' dir='ltr'>lepte</span> <span class='ocrx_word' id='word_1_6' title='bbox 333 379 503 463; x_wconf 85' lang='lat' dir='ltr'>appellatur,</span> <span class='ocrx_word' id='word_1_7' title='bbox 524 400 552 443; x_wconf 84' lang='lat' dir='ltr'>v.</span> <span class='ocrx_word' id='word_1_8' title='bbox 567 398 613 462; x_wconf 87' lang='lat' dir='ltr'>gr.</span> <span class='ocrx_word' id='word_1_9' title='bbox 627 386 648 443; x_wconf 79' lang='lat' dir='ltr'>t</span> <span class='ocrx_word' id='word_1_10' title='bbox 665 378 732 443; x_wconf 89' lang='lat' dir='ltr'>Cor.</span> <span class='ocrx_word' id='word_1_11' title='bbox 753 378 791 444; x_wconf 73' lang='lat' dir='ltr'>x</span> <span class='ocrx_word' id='word_1_12' title='bbox 815 385 844 457; x_wconf 82' lang='lat' dir='ltr'>l,</span> <span class='ocrx_word' id='word_1_13' title='bbox 859 386 890 442; x_wconf 89' lang='lat' dir='ltr'>et</span> <span class='ocrx_word' id='word_1_14' title='bbox 903 377 1011 460; x_wconf 80' lang='lat' dir='ltr'>Ephes</span> <span class='ocrx_word' id='word_1_15' title='bbox 1026 378 1060 442; x_wconf 88' lang='lat' dir='ltr'>tl.</span> <span class='ocrx_word' id='word_1_16' title='bbox 1075 385 1127 459; x_wconf 75' lang='lat'>20,</span> <span class='ocrx_word' id='word_1_17' title='bbox 1149 378 1198 442; x_wconf 89' lang='lat' dir='ltr'>uhi</span> <span class='ocrx_word' id='word_1_18' title='bbox 1212 377 1309 454; x_wconf 74' lang='grc' dir='ltr'><strong><em>λίθος</em></strong></span> <span class='ocrx_word' id='word_1_19' title='bbox 1322 375 1560 461; x_wconf 73' lang='grc' dir='ltr'><strong><em>ιὶκρογωιιιᾰος</em></strong></span> <span class='ocrx_word' id='word_1_20' title='bbox 1635 394 1636 401; x_wconf 74' lang='grc'>’</span> 
     </span>
     <span class='ocr_line' id='line_1_3' title="bbox 176 488 1561 572; baseline 0 -19"><span class='ocrx_word' id='word_1_21' title='bbox 176 491 282 554; x_wconf 85' lang='lat' dir='ltr'>audit·</span> <span class='ocrx_word' id='word_1_22' title='bbox 306 491 379 555; x_wconf 82' lang='lat' dir='ltr'>Prue</span> <span class='ocrx_word' id='word_1_23' title='bbox 399 492 509 554; x_wconf 89' lang='lat' dir='ltr'>ceteris</span> <span class='ocrx_word' id='word_1_24' title='bbox 529 490 560 552; x_wconf 92' lang='lat' dir='ltr'>B.</span> <span class='ocrx_word' id='word_1_25' title='bbox 587 490 730 568; x_wconf 82' lang='lat' dir='ltr'>Cloatius,</span> <span class='ocrx_word' id='word_1_26' title='bbox 752 489 781 551; x_wconf 91' lang='lat' dir='ltr'>in</span> <span class='ocrx_word' id='word_1_27' title='bbox 802 488 888 553; x_wconf 86' lang='lat' dir='ltr'>Ohss.</span> <span class='ocrx_word' id='word_1_28' title='bbox 911 489 1011 553; x_wconf 79' lang='lat' dir='ltr'>Sacris</span> <span class='ocrx_word' id='word_1_29' title='bbox 1033 506 1101 569; x_wconf 84' lang='lat' dir='ltr'>peg.</span> <span class='ocrx_word' id='word_1_30' title='bbox 1124 495 1195 570; x_wconf 84' lang='grc'>451,</span> <span class='ocrx_word' id='word_1_31' title='bbox 1217 490 1333 553; x_wconf 86' lang='lat' dir='ltr'>Petrum</span> <span class='ocrx_word' id='word_1_32' title='bbox 1355 491 1451 572; x_wconf 88' lang='lat' dir='ltr'>ipsum</span> <span class='ocrx_word' id='word_1_33' title='bbox 1470 491 1561 553; x_wconf 86' lang='lat' dir='ltr'>inter-</span> 
     </span>
     <span class='ocr_line' id='line_1_4' title="bbox 175 597 1561 695; baseline 0 -32"><span class='ocrx_word' id='word_1_34' title='bbox 175 607 289 682; x_wconf 87' lang='lat' dir='ltr'>pretem</span> <span class='ocrx_word' id='word_1_35' title='bbox 316 599 475 695; x_wconf 59' lang='lat' dir='ltr'>verbosum</span> <span class='ocrx_word' id='word_1_36' title='bbox 501 617 621 661; x_wconf 88' lang='lat' dir='ltr'>suorum</span> <span class='ocrx_word' id='word_1_37' title='bbox 635 601 661 631; x_wconf 79' lang='lat'>²¹</span> <span class='ocrx_word' id='word_1_38' title='bbox 689 617 759 663; x_wconf 89' lang='lat' dir='ltr'>esse</span> <span class='ocrx_word' id='word_1_39' title='bbox 788 597 916 661; x_wconf 78' lang='lat' dir='ltr'><strong>ostendit</strong></span> <span class='ocrx_word' id='word_1_40' title='bbox 942 599 971 660; x_wconf 89' lang='lat' dir='ltr'>in</span> <span class='ocrx_word' id='word_1_41' title='bbox 999 598 1142 681; x_wconf 86' lang='lat' dir='ltr'>epistolae</span> <span class='ocrx_word' id='word_1_42' title='bbox 1169 617 1241 661; x_wconf 89' lang='lat' dir='ltr'>suae</span> <span class='ocrx_word' id='word_1_43' title='bbox 1265 601 1370 680; x_wconf 81' lang='lat' dir='ltr'>primis</span> <span class='ocrx_word' id='word_1_44' title='bbox 1390 599 1425 663; x_wconf 92' lang='lat' dir='ltr'>ll.</span> <span class='ocrx_word' id='word_1_45' title='bbox 1448 605 1483 678; x_wconf 83' lang='lat'>4,</span> <span class='ocrx_word' id='word_1_46' title='bbox 1512 598 1561 663; x_wconf 89' lang='lat' dir='ltr'>uhi</span> 
     </span>
     <span class='ocr_line' id='line_1_5' title="bbox 176 702 1561 789; baseline 0.001 -18"><span class='ocrx_word' id='word_1_47' title='bbox 176 708 307 785; x_wconf 81' lang='lat' dir='ltr'>affirmat,</span> <span class='ocrx_word' id='word_1_48' title='bbox 329 707 409 788; x_wconf 79' lang='grc' dir='ltr'><em>πρὸς</em></span> <span class='ocrx_word' id='word_1_49' title='bbox 423 707 564 787; x_wconf 71' lang='grc' dir='ltr'><strong><em>Χριστὸν</em></strong></span> <span class='ocrx_word' id='word_1_50' title='bbox 578 715 853 789; x_wconf 77' lang='grc' dir='ltr'><strong><em>προςερχομένοος</em></strong></span> <span class='ocrx_word' id='word_1_51' title='bbox 874 704 972 769; x_wconf 81' lang='grc' dir='ltr'><strong><em>λίθον</em></strong></span> <span class='ocrx_word' id='word_1_52' title='bbox 992 702 1293 783; x_wconf 56' lang='lat' dir='ltr'>consuetudinis</span> <span class='ocrx_word' id='word_1_53' title='bbox 1312 706 1401 786; x_wconf 75' lang='grc' dir='ltr'>(τούς</span> <span class='ocrx_word' id='word_1_54' title='bbox 1419 705 1561 783; x_wconf 69' lang='grc' dir='ltr'><strong><em>πιστούς)</em></strong></span> 
     </span>
     <span class='ocr_line' id='line_1_6' title="bbox 176 813 1636 907; baseline 0.001 -26"><span class='ocrx_word' id='word_1_55' title='bbox 176 816 222 891; x_wconf 74' lang='lat' dir='ltr'>oie</span> <span class='ocrx_word' id='word_1_56' title='bbox 244 816 360 892; x_wconf 72' lang='grc' dir='ltr'><strong><em>λίθους</em></strong></span> <span class='ocrx_word' id='word_1_57' title='bbox 380 816 502 894; x_wconf 74' lang='grc' dir='ltr'><strong><em>ζῶντας</em></strong></span> <span class='ocrx_word' id='word_1_58' title='bbox 523 815 772 897; x_wconf 73' lang='grc' dir='ltr'><strong><em>οἰκοδομεῖσθαι</em></strong></span> <span class='ocrx_word' id='word_1_59' title='bbox 793 813 883 880; x_wconf 73' lang='grc' dir='ltr'><strong><em>οἶκον</em></strong></span> <span class='ocrx_word' id='word_1_60' title='bbox 903 817 1120 898; x_wconf 77' lang='grc' dir='ltr'><strong><em>πνευματικόν.</em></strong></span> <span class='ocrx_word' id='word_1_61' title='bbox 1163 816 1246 890; x_wconf 84' lang='lat' dir='ltr'>Quae</span> <span class='ocrx_word' id='word_1_62' title='bbox 1266 817 1357 881; x_wconf 88' lang='lat' dir='ltr'>verhn</span> <span class='ocrx_word' id='word_1_63' title='bbox 1385 826 1444 881; x_wconf 89' lang='lat' dir='ltr'>tam</span> <span class='ocrx_word' id='word_1_64' title='bbox 1466 818 1561 883; x_wconf 76' lang='lat' dir='ltr'>effin&#39;n</span> <span class='ocrx_word' id='word_1_65' title='bbox 1635 904 1636 907; x_wconf 8' lang='grc' dir='ltr'><strong>Ἴ</strong></span> 
     </span>
     <span class='ocr_line' id='line_1_7' title="bbox 176 925 1562 1010; baseline 0.001 -19"><span class='ocrx_word' id='word_1_66' title='bbox 176 925 222 991; x_wconf 93' lang='lat' dir='ltr'>his</span> <span class='ocrx_word' id='word_1_67' title='bbox 239 926 345 991; x_wconf 77' lang='lat' dir='ltr'>Christi</span> <span class='ocrx_word' id='word_1_68' title='bbox 365 929 419 1009; x_wconf 89' lang='lat' dir='ltr'>ipsi</span> <span class='ocrx_word' id='word_1_69' title='bbox 442 946 509 992; x_wconf 89' lang='lat' dir='ltr'>esse</span> <span class='ocrx_word' id='word_1_70' title='bbox 525 928 696 1008; x_wconf 86' lang='lat' dir='ltr'>iudicantur,</span> <span class='ocrx_word' id='word_1_71' title='bbox 717 934 748 990; x_wconf 93' lang='lat' dir='ltr'>ut</span> <span class='ocrx_word' id='word_1_72' title='bbox 768 946 822 1010; x_wconf 91' lang='lat' dir='ltr'>pro</span> <span class='ocrx_word' id='word_1_73' title='bbox 844 927 1021 1008; x_wconf 74' lang='lat' dir='ltr'>repetitione</span> <span class='ocrx_word' id='word_1_74' title='bbox 1035 934 1066 989; x_wconf 89' lang='lat' dir='ltr'>ct</span> <span class='ocrx_word' id='word_1_75' title='bbox 1079 925 1270 990; x_wconf 82' lang='lat' dir='ltr'>illustratione</span> <span class='ocrx_word' id='word_1_76' title='bbox 1284 926 1443 991; x_wconf 77' lang='lat' dir='ltr'>verhorum</span> <span class='ocrx_word' id='word_1_77' title='bbox 1458 927 1562 992; x_wconf 75' lang='lat' dir='ltr'>Christi</span> 
     </span>
     <span class='ocr_line' id='line_1_8' title="bbox 176 1036 1562 1121; baseline 0.001 -22"><span class='ocrx_word' id='word_1_78' title='bbox 176 1036 280 1100; x_wconf 89' lang='lat' dir='ltr'>haheri</span> <span class='ocrx_word' id='word_1_79' title='bbox 308 1036 443 1101; x_wconf 87' lang='lat' dir='ltr'>debeant.</span> <span class='ocrx_word' id='word_1_80' title='bbox 492 1036 621 1100; x_wconf 79' lang='lat' dir='ltr'>Mentem</span> <span class='ocrx_word' id='word_1_81' title='bbox 652 1039 750 1118; x_wconf 82' lang='lat' dir='ltr'>itaque</span> <span class='ocrx_word' id='word_1_82' title='bbox 784 1037 900 1101; x_wconf 86' lang='lat' dir='ltr'>Domini</span> <span class='ocrx_word' id='word_1_83' title='bbox 929 1036 1007 1100; x_wconf 81' lang='lat' dir='ltr'>hene</span> <span class='ocrx_word' id='word_1_84' title='bbox 1037 1054 1107 1100; x_wconf 89' lang='lat' dir='ltr'>esse</span> <span class='ocrx_word' id='word_1_85' title='bbox 1134 1036 1303 1101; x_wconf 86' lang='lat' dir='ltr'>arbitratur:</span> <span class='ocrx_word' id='word_1_86' title='bbox 1331 1045 1486 1121; x_wconf 69' lang='lat' dir='ltr'>agomtrti</span> <span class='ocrx_word' id='word_1_87' title='bbox 1508 1060 1562 1111; x_wconf 75' lang='lat' dir='ltr'>,me</span> 
     </span>
     <span class='ocr_line' id='line_1_9' title="bbox 178 1140 1562 1229; baseline 0.002 -21"><span class='ocrx_word' id='word_1_88' title='bbox 178 1143 337 1208; x_wconf 74' lang='lat' dir='ltr'>Christum</span> <span class='ocrx_word' id='word_1_89' title='bbox 359 1144 491 1225; x_wconf 80' lang='lat' dir='ltr'>lapidem</span> <span class='ocrx_word' id='word_1_90' title='bbox 519 1143 606 1209; x_wconf 84' lang='lat' dir='ltr'>illum</span> <span class='ocrx_word' id='word_1_91' title='bbox 636 1154 737 1208; x_wconf 78' lang='lat' dir='ltr'>uirum</span> <span class='ocrx_word' id='word_1_92' title='bbox 760 1143 951 1226; x_wconf 78' lang='lat' dir='ltr'>aprophclio</span> <span class='ocrx_word' id='word_1_93' title='bbox 977 1152 1177 1226; x_wconf 74' lang='lat' dir='ltr'>promissum,</span> <span class='ocrx_word' id='word_1_94' title='bbox 1207 1140 1299 1227; x_wconf 71' lang='grc' dir='ltr'>κάγώ</span> <span class='ocrx_word' id='word_1_95' title='bbox 1329 1145 1365 1210; x_wconf 75' lang='grc' dir='ltr'>δὲ</span> <span class='ocrx_word' id='word_1_96' title='bbox 1392 1147 1444 1210; x_wconf 80' lang='grc' dir='ltr'>σοὶ</span> <span class='ocrx_word' id='word_1_97' title='bbox 1470 1147 1562 1229; x_wconf 75' lang='grc' dir='ltr'>λέγω,</span> 
     </span>
     <span class='ocr_line' id='line_1_10' title="bbox 177 1251 1563 1339; baseline 0.001 -21"><span class='ocrx_word' id='word_1_98' title='bbox 177 1252 227 1318; x_wconf 76' lang='lat' dir='ltr'>h‘rr</span> <span class='ocrx_word' id='word_1_99' title='bbox 248 1253 287 1317; x_wconf 80' lang='lat' dir='ltr'>cd</span> <span class='ocrx_word' id='word_1_100' title='bbox 308 1251 338 1319; x_wconf 78' lang='grc' dir='ltr'>εἶ</span> <span class='ocrx_word' id='word_1_101' title='bbox 361 1255 504 1336; x_wconf 79' lang='grc' dir='ltr'>Πέτρος,</span> <span class='ocrx_word' id='word_1_102' title='bbox 531 1262 668 1318; x_wconf 74' lang='lat' dir='ltr'>uicissim</span> <span class='ocrx_word' id='word_1_103' title='bbox 692 1276 826 1339; x_wconf 74' lang='lat' dir='ltr'>opnosco</span> <span class='ocrx_word' id='word_1_104' title='bbox 854 1265 884 1319; x_wconf 82' lang='lat' dir='ltr'>le</span> <span class='ocrx_word' id='word_1_105' title='bbox 903 1252 1050 1332; x_wconf 81' lang='lat' dir='ltr'>Petrum,</span> <span class='ocrx_word' id='word_1_106' title='bbox 1077 1254 1133 1318; x_wconf 81' lang='lat' dir='ltr'>hoe</span> <span class='ocrx_word' id='word_1_107' title='bbox 1153 1265 1214 1332; x_wconf 84' lang='lat' dir='ltr'>est,</span> <span class='ocrx_word' id='word_1_108' title='bbox 1243 1264 1357 1320; x_wconf 82' lang='lat' dir='ltr'>nomini</span> <span class='ocrx_word' id='word_1_109' title='bbox 1382 1279 1402 1319; x_wconf 84' lang='grc' dir='ltr'><strong><em>ο</em></strong></span> <span class='ocrx_word' id='word_1_110' title='bbox 1429 1278 1481 1320; x_wconf 82' lang='lat' dir='ltr'>me</span> <span class='ocrx_word' id='word_1_111' title='bbox 1507 1257 1563 1321; x_wconf 81' lang='lat' dir='ltr'>lthi</span> 
     </span>
     <span class='ocr_line' id='line_1_11' title="bbox 177 1363 1563 1449; baseline 0.001 -20"><span class='ocrx_word' id='word_1_112' title='bbox 177 1373 318 1446; x_wconf 77' lang='lat' dir='ltr'>imponito</span> <span class='ocrx_word' id='word_1_113' title='bbox 334 1365 430 1448; x_wconf 84' lang='lat' dir='ltr'>fidem</span> <span class='ocrx_word' id='word_1_114' title='bbox 451 1366 635 1445; x_wconf 82' lang='lat' dir='ltr'>respondere.</span> <span class='ocrx_word' id='word_1_115' title='bbox 655 1366 753 1444; x_wconf 74' lang='lat' dir='ltr'>uideo,</span> <span class='ocrx_word' id='word_1_116' title='bbox 779 1373 809 1429; x_wconf 88' lang='lat' dir='ltr'>te</span> <span class='ocrx_word' id='word_1_117' title='bbox 829 1371 926 1449; x_wconf 67' lang='lat' dir='ltr'>iqilm</span> <span class='ocrx_word' id='word_1_118' title='bbox 946 1387 1016 1429; x_wconf 86' lang='lat' dir='ltr'>eece</span> <span class='ocrx_word' id='word_1_119' title='bbox 1037 1363 1167 1445; x_wconf 83' lang='lat' dir='ltr'>lapidem</span> <span class='ocrx_word' id='word_1_120' title='bbox 1189 1373 1283 1430; x_wconf 83' lang='lat' dir='ltr'>etiam</span> <span class='ocrx_word' id='word_1_121' title='bbox 1305 1373 1416 1430; x_wconf 76' lang='lat' dir='ltr'>vicum.</span> <span class='ocrx_word' id='word_1_122' title='bbox 1461 1364 1563 1448; x_wconf 77' lang='lat' dir='ltr'>Super</span> 
     </span>
     <span class='ocr_line' id='line_1_12' title="bbox 176 1472 1562 1559; baseline -0.001 -19"><span class='ocrx_word' id='word_1_123' title='bbox 176 1474 237 1540; x_wconf 81' lang='lat' dir='ltr'>doc</span> <span class='ocrx_word' id='word_1_124' title='bbox 250 1472 353 1539; x_wconf 83' lang='lat' dir='ltr'>Petra</span> <span class='ocrx_word' id='word_1_125' title='bbox 373 1496 454 1551; x_wconf 86' lang='lat' dir='ltr'>oero,</span> <span class='ocrx_word' id='word_1_126' title='bbox 477 1496 567 1554; x_wconf 78' lang='lat' dir='ltr'>parom</span> <span class='ocrx_word' id='word_1_127' title='bbox 583 1482 744 1559; x_wconf 70' lang='lat' dir='ltr'>agnovisti,</span> <span class='ocrx_word' id='word_1_128' title='bbox 766 1472 846 1538; x_wconf 76' lang='lat' dir='ltr'>tales</span> <span class='ocrx_word' id='word_1_129' title='bbox 867 1472 986 1554; x_wconf 74' lang='lat' dir='ltr'>lapidee</span> <span class='ocrx_word' id='word_1_130' title='bbox 1007 1481 1093 1537; x_wconf 76' lang='lat' dir='ltr'>vtoor</span> <span class='ocrx_word' id='word_1_131' title='bbox 1107 1484 1279 1552; x_wconf 67' lang='lat' dir='ltr'>exstruam,</span> <span class='ocrx_word' id='word_1_132' title='bbox 1301 1484 1336 1539; x_wconf 87' lang='lat' dir='ltr'>ut</span> <span class='ocrx_word' id='word_1_133' title='bbox 1357 1477 1429 1540; x_wconf 74' lang='lat' dir='ltr'>iride</span> <span class='ocrx_word' id='word_1_134' title='bbox 1443 1485 1562 1540; x_wconf 65' lang='lat' dir='ltr'>mittut</span> 
     </span>
     <span class='ocr_line' id='line_1_13' title="bbox 177 1582 1294 1667; baseline 0 -19"><span class='ocrx_word' id='word_1_135' title='bbox 177 1584 352 1667; x_wconf 81' lang='lat' dir='ltr'>aedificium</span> <span class='ocrx_word' id='word_1_136' title='bbox 368 1584 516 1648; x_wconf 75' lang='lat' dir='ltr'>ecclcsiae</span> <span class='ocrx_word' id='word_1_137' title='bbox 536 1606 630 1661; x_wconf 80' lang='lat' dir='ltr'>meae,</span> <span class='ocrx_word' id='word_1_138' title='bbox 652 1582 870 1666; x_wconf 82' lang='lat' dir='ltr'>Hierosolyma</span> <span class='ocrx_word' id='word_1_139' title='bbox 883 1606 972 1665; x_wconf 82' lang='lat' dir='ltr'>noua,</span> <span class='ocrx_word' id='word_1_140' title='bbox 994 1591 1103 1647; x_wconf 66' lang='lat' dir='ltr'>duitas</span> <span class='ocrx_word' id='word_1_141' title='bbox 1125 1584 1294 1650; x_wconf 52' lang='lat' dir='ltr'>caelestes</span> 
     </span>
    </p>
   </div>
   <div class='ocr_carea' id='block_1_3' title="bbox 177 1721 1565 2351">
    <p class='ocr_par' dir='ltr' id='par_1_3' title="bbox 177 1721 1565 2351">
     <span class='ocr_line' id='line_1_14' title="bbox 283 1721 1564 1803; baseline 0.002 -18"><span class='ocrx_word' id='word_1_142' title='bbox 283 1721 384 1785; x_wconf 79' lang='lat' dir='ltr'>Refert</span> <span class='ocrx_word' id='word_1_143' title='bbox 406 1721 512 1785; x_wconf 89' lang='lat' dir='ltr'>deinde</span> <span class='ocrx_word' id='word_1_144' title='bbox 531 1723 648 1784; x_wconf 91' lang='lat' dir='ltr'>tertium</span> <span class='ocrx_word' id='word_1_145' title='bbox 668 1721 783 1786; x_wconf 91' lang='lat' dir='ltr'>illorum</span> <span class='ocrx_word' id='word_1_146' title='bbox 808 1724 1064 1801; x_wconf 81' lang='lat' dir='ltr'>commentarium,</span> <span class='ocrx_word' id='word_1_147' title='bbox 1094 1722 1165 1802; x_wconf 83' lang='lat' dir='ltr'>„qui</span> <span class='ocrx_word' id='word_1_148' title='bbox 1186 1742 1203 1785; x_wconf 91' lang='lat' dir='ltr'>a</span> <span class='ocrx_word' id='word_1_149' title='bbox 1225 1721 1438 1803; x_wconf 82' lang='lat' dir='ltr'>pontificiorum</span> <span class='ocrx_word' id='word_1_150' title='bbox 1460 1726 1564 1787; x_wconf 76' lang='lat' dir='ltr'>castris</span> 
     </span>
     <span class='ocr_line' id='line_1_15' title="bbox 179 1810 1564 1913; baseline 0 -19"><span class='ocrx_word' id='word_1_151' title='bbox 179 1810 209 1895; x_wconf 84' lang='lat' dir='ltr'>et</span> <span class='ocrx_word' id='word_1_152' title='bbox 230 1832 422 1913; x_wconf 83' lang='lat' dir='ltr'>persuasione</span> <span class='ocrx_word' id='word_1_153' title='bbox 445 1831 573 1913; x_wconf 89' lang='lat' dir='ltr'>alioquin</span> <span class='ocrx_word' id='word_1_154' title='bbox 594 1831 703 1911; x_wconf 90' lang='lat' dir='ltr'>alieni,</span> <span class='ocrx_word' id='word_1_155' title='bbox 726 1839 842 1912; x_wconf 74' lang='grc' dir='ltr'><em>πέτραν</em></span> <span class='ocrx_word' id='word_1_156' title='bbox 864 1831 901 1895; x_wconf 90' lang='lat' dir='ltr'>de</span> <span class='ocrx_word' id='word_1_157' title='bbox 920 1832 1006 1895; x_wconf 90' lang='lat' dir='ltr'>Petro</span> <span class='ocrx_word' id='word_1_158' title='bbox 1026 1832 1208 1912; x_wconf 83' lang='lat' dir='ltr'>interpretati</span> <span class='ocrx_word' id='word_1_159' title='bbox 1229 1840 1310 1910; x_wconf 88' lang='lat' dir='ltr'>sunt,</span> <span class='ocrx_word' id='word_1_160' title='bbox 1333 1829 1400 1894; x_wconf 89' lang='lat' dir='ltr'>ideo</span> <span class='ocrx_word' id='word_1_161' title='bbox 1422 1832 1564 1913; x_wconf 76' lang='lat' dir='ltr'>inprimis,</span> 
     </span>
     <span class='ocr_line' id='line_1_16' title="bbox 178 1936 1564 2026; baseline 0 -22"><span class='ocrx_word' id='word_1_162' title='bbox 178 1940 255 2025; x_wconf 88' lang='lat' dir='ltr'>quod</span> <span class='ocrx_word' id='word_1_163' title='bbox 270 1942 505 2024; x_wconf 86' lang='lat' dir='ltr'>paronomasinm</span> <span class='ocrx_word' id='word_1_164' title='bbox 527 1940 615 2003; x_wconf 90' lang='lat' dir='ltr'>talem</span> <span class='ocrx_word' id='word_1_165' title='bbox 637 1940 685 2003; x_wconf 88' lang='lat' dir='ltr'>hic</span> <span class='ocrx_word' id='word_1_166' title='bbox 708 1942 736 2003; x_wconf 91' lang='lat' dir='ltr'>in</span> <span class='ocrx_word' id='word_1_167' title='bbox 759 1940 867 2021; x_wconf 90' lang='lat' dir='ltr'>verbis,</span> <span class='ocrx_word' id='word_1_168' title='bbox 889 1937 928 2003; x_wconf 85' lang='lat' dir='ltr'>cd</span> <span class='ocrx_word' id='word_1_169' title='bbox 950 1936 979 2004; x_wconf 80' lang='lat' dir='ltr'>el</span> <span class='ocrx_word' id='word_1_170' title='bbox 991 1939 1125 2018; x_wconf 72' lang='grc' dir='ltr'>Πέτρος,</span> <span class='ocrx_word' id='word_1_171' title='bbox 1147 1940 1199 2003; x_wconf 84' lang='grc' dir='ltr'>καὶ</span> <span class='ocrx_word' id='word_1_172' title='bbox 1220 1941 1271 2003; x_wconf 74' lang='grc' dir='ltr'>ἐπὶ</span> <span class='ocrx_word' id='word_1_173' title='bbox 1292 1938 1385 2024; x_wconf 77' lang='grc' dir='ltr'><em>ταύτῃ</em></span> <span class='ocrx_word' id='word_1_174' title='bbox 1399 1944 1436 2026; x_wconf 78' lang='grc' dir='ltr'>τῇ</span> <span class='ocrx_word' id='word_1_175' title='bbox 1457 1950 1564 2023; x_wconf 60' lang='grc' dir='ltr'>πήρᾳ,</span> 
     </span>
     <span class='ocr_line' id='line_1_17' title="bbox 178 2048 1565 2133; baseline -0.001 -18"><span class='ocrx_word' id='word_1_176' title='bbox 178 2068 247 2115; x_wconf 87' lang='lat' dir='ltr'>csse</span> <span class='ocrx_word' id='word_1_177' title='bbox 269 2058 412 2129; x_wconf 84' lang='lat' dir='ltr'>censent,</span> <span class='ocrx_word' id='word_1_178' title='bbox 435 2049 529 2132; x_wconf 85' lang='lat' dir='ltr'>qualis</span> <span class='ocrx_word' id='word_1_179' title='bbox 551 2050 679 2112; x_wconf 87' lang='lat' dir='ltr'>occurrit</span> <span class='ocrx_word' id='word_1_180' title='bbox 701 2048 774 2112; x_wconf 88' lang='lat' dir='ltr'>Gen.</span> <span class='ocrx_word' id='word_1_181' title='bbox 802 2049 902 2115; x_wconf 70' lang='lat' dir='ltr'>xum</span> <span class='ocrx_word' id='word_1_182' title='bbox 925 2056 953 2111; x_wconf 80' lang='grc' dir='ltr'>Θ.</span> <span class='ocrx_word' id='word_1_183' title='bbox 995 2050 1037 2113; x_wconf 91' lang='lat' dir='ltr'>lta</span> <span class='ocrx_word' id='word_1_184' title='bbox 1059 2049 1189 2114; x_wconf 87' lang='lat' dir='ltr'>Clericus</span> <span class='ocrx_word' id='word_1_185' title='bbox 1210 2051 1248 2114; x_wconf 90' lang='lat' dir='ltr'>ad</span> <span class='ocrx_word' id='word_1_186' title='bbox 1266 2050 1492 2132; x_wconf 75' lang='lat' dir='ltr'>Hammonium,</span> <span class='ocrx_word' id='word_1_187' title='bbox 1515 2053 1565 2133; x_wconf 79' lang='lat' dir='ltr'>qni</span> 
     </span>
     <span class='ocr_line' id='line_1_18' title="bbox 179 2158 1565 2243; baseline 0 -20"><span class='ocrx_word' id='word_1_188' title='bbox 179 2160 372 2224; x_wconf 88' lang='lat' dir='ltr'>Cameronem</span> <span class='ocrx_word' id='word_1_189' title='bbox 402 2162 431 2223; x_wconf 90' lang='lat' dir='ltr'>in</span> <span class='ocrx_word' id='word_1_190' title='bbox 459 2159 708 2223; x_wconf 87' lang='lat' dir='ltr'>Praelectionihus</span> <span class='ocrx_word' id='word_1_191' title='bbox 736 2160 797 2223; x_wconf 91' lang='lat' dir='ltr'>snis</span> <span class='ocrx_word' id='word_1_192' title='bbox 824 2158 861 2222; x_wconf 90' lang='lat' dir='ltr'>ad</span> <span class='ocrx_word' id='word_1_193' title='bbox 888 2158 967 2221; x_wconf 90' lang='lat' dir='ltr'>hunc</span> <span class='ocrx_word' id='word_1_194' title='bbox 995 2159 1110 2240; x_wconf 90' lang='lat' dir='ltr'>locum,</span> <span class='ocrx_word' id='word_1_195' title='bbox 1147 2167 1177 2222; x_wconf 92' lang='lat' dir='ltr'>et</span> <span class='ocrx_word' id='word_1_196' title='bbox 1205 2162 1234 2222; x_wconf 93' lang='lat' dir='ltr'>in</span> <span class='ocrx_word' id='word_1_197' title='bbox 1262 2159 1445 2243; x_wconf 75' lang='lat' dir='ltr'>hlprothecio</span> <span class='ocrx_word' id='word_1_198' title='bbox 1474 2162 1565 2224; x_wconf 91' lang='lat' dir='ltr'>inter·</span> 
     </span>
     <span class='ocr_line' id='line_1_19' title="bbox 177 2268 1100 2351; baseline 0 -20"><span class='ocrx_word' id='word_1_199' title='bbox 177 2271 372 2351; x_wconf 88' lang='lat' dir='ltr'>pretationem</span> <span class='ocrx_word' id='word_1_200' title='bbox 394 2268 469 2331; x_wconf 88' lang='lat' dir='ltr'>hanc</span> <span class='ocrx_word' id='word_1_201' title='bbox 492 2275 575 2331; x_wconf 84' lang='lat' dir='ltr'>extra</span> <span class='ocrx_word' id='word_1_202' title='bbox 597 2268 715 2331; x_wconf 87' lang='lat' dir='ltr'>dubium</span> <span class='ocrx_word' id='word_1_203' title='bbox 737 2268 901 2332; x_wconf 77' lang='lat' dir='ltr'>collocasse</span> <span class='ocrx_word' id='word_1_204' title='bbox 924 2270 1100 2333; x_wconf 85' lang='lat' dir='ltr'>existimat“</span> 
     </span>
    </p>
   </div>
   <div class='ocr_carea' id='block_1_4' title="bbox 178 2402 1636 3252">
    <p class='ocr_par' dir='ltr' id='par_1_4' title="bbox 178 2402 1636 3252">
     <span class='ocr_line' id='line_1_20' title="bbox 285 2402 1573 2488; baseline -0.002 -22"><span class='ocrx_word' id='word_1_205' title='bbox 285 2403 382 2485; x_wconf 80' lang='lat' dir='ltr'>Neget</span> <span class='ocrx_word' id='word_1_206' title='bbox 408 2405 546 2467; x_wconf 89' lang='lat' dir='ltr'>contiuuo</span> <span class='ocrx_word' id='word_1_207' title='bbox 568 2403 692 2466; x_wconf 85' lang='lat' dir='ltr'>Wolfius</span> <span class='ocrx_word' id='word_1_208' title='bbox 720 2410 828 2466; x_wconf 85' lang='lat' dir='ltr'>tantem</span> <span class='ocrx_word' id='word_1_209' title='bbox 856 2402 912 2466; x_wconf 87' lang='lat' dir='ltr'>sihi</span> <span class='ocrx_word' id='word_1_210' title='bbox 937 2403 1023 2466; x_wconf 90' lang='lat' dir='ltr'>huius</span> <span class='ocrx_word' id='word_1_211' title='bbox 1052 2403 1300 2484; x_wconf 77' lang='lat' dir='ltr'>interpretationis</span> <span class='ocrx_word' id='word_1_212' title='bbox 1329 2407 1573 2488; x_wconf 77' lang='lat' dir='ltr'>perspicuitatem.</span> 
     </span>
     <span class='ocr_line' id='line_1_21' title="bbox 179 2512 1566 2596; baseline 0.003 -21"><span class='ocrx_word' id='word_1_213' title='bbox 179 2514 286 2593; x_wconf 81' lang='lat' dir='ltr'>videri,</span> <span class='ocrx_word' id='word_1_214' title='bbox 320 2531 462 2595; x_wconf 77' lang='lat' dir='ltr'>suamque</span> <span class='ocrx_word' id='word_1_215' title='bbox 483 2533 622 2595; x_wconf 87' lang='lat' dir='ltr'>pmmens</span> <span class='ocrx_word' id='word_1_216' title='bbox 644 2516 827 2596; x_wconf 88' lang='lat' dir='ltr'>opinionem,</span> <span class='ocrx_word' id='word_1_217' title='bbox 860 2515 918 2577; x_wconf 88' lang='lat' dir='ltr'>ait:</span> <span class='ocrx_word' id='word_1_218' title='bbox 951 2512 1039 2593; x_wconf 82' lang='lat' dir='ltr'>„hlihi</span> <span class='ocrx_word' id='word_1_219' title='bbox 1067 2512 1184 2595; x_wconf 89' lang='lat' dir='ltr'>quidem</span> <span class='ocrx_word' id='word_1_220' title='bbox 1214 2515 1358 2577; x_wconf 86' lang='lat' dir='ltr'>sententia</span> <span class='ocrx_word' id='word_1_221' title='bbox 1384 2514 1423 2578; x_wconf 87' lang='lat' dir='ltr'>de</span> <span class='ocrx_word' id='word_1_222' title='bbox 1450 2514 1566 2579; x_wconf 88' lang='lat' dir='ltr'>Christo</span> 
     </span>
     <span class='ocr_line' id='line_1_22' title="bbox 178 2623 1636 2706; baseline 0.001 -20"><span class='ocrx_word' id='word_1_223' title='bbox 178 2626 244 2705; x_wconf 91' lang='lat' dir='ltr'>ipso</span> <span class='ocrx_word' id='word_1_224' title='bbox 271 2631 418 2704; x_wconf 80' lang='lat' dir='ltr'>tamquam</span> <span class='ocrx_word' id='word_1_225' title='bbox 445 2631 534 2702; x_wconf 81' lang='lat' dir='ltr'>petra</span> <span class='ocrx_word' id='word_1_226' title='bbox 560 2624 682 2687; x_wconf 81' lang='lat' dir='ltr'>mirifice</span> <span class='ocrx_word' id='word_1_227' title='bbox 709 2623 821 2706; x_wconf 88' lang='lat' dir='ltr'>placet,</span> <span class='ocrx_word' id='word_1_228' title='bbox 849 2631 879 2687; x_wconf 86' lang='lat' dir='ltr'>et</span> <span class='ocrx_word' id='word_1_229' title='bbox 905 2623 1021 2687; x_wconf 84' lang='lat' dir='ltr'>videtur</span> <span class='ocrx_word' id='word_1_230' title='bbox 1048 2623 1168 2686; x_wconf 88' lang='lat' dir='ltr'>omnino</span> <span class='ocrx_word' id='word_1_231' title='bbox 1201 2623 1402 2686; x_wconf 81' lang='lat' dir='ltr'>smmssimus</span> <span class='ocrx_word' id='word_1_232' title='bbox 1426 2625 1566 2687; x_wconf 73' lang='lat' dir='ltr'>Serretes</span> <span class='ocrx_word' id='word_1_233' title='bbox 1635 2648 1636 2677; x_wconf 69' lang='grc' dir='ltr'><strong><em>ι</em></strong></span> 
     </span>
     <span class='ocr_line' id='line_1_23' title="bbox 179 2732 1566 2818; baseline 0 -24"><span class='ocrx_word' id='word_1_234' title='bbox 179 2740 317 2795; x_wconf 71' lang='lat' dir='ltr'>exsertis</span> <span class='ocrx_word' id='word_1_235' title='bbox 349 2742 379 2795; x_wconf 86' lang='lat' dir='ltr'>et</span> <span class='ocrx_word' id='word_1_236' title='bbox 401 2733 527 2796; x_wconf 75' lang='lat' dir='ltr'>directis</span> <span class='ocrx_word' id='word_1_237' title='bbox 555 2740 587 2795; x_wconf 78' lang='lat' dir='ltr'>to</span> <span class='ocrx_word' id='word_1_238' title='bbox 617 2755 652 2795; x_wconf 83' lang='lat' dir='ltr'>re</span> <span class='ocrx_word' id='word_1_239' title='bbox 679 2735 783 2818; x_wconf 66' lang='lat' dir='ltr'>digitis</span> <span class='ocrx_word' id='word_1_240' title='bbox 810 2733 896 2795; x_wconf 88' lang='lat' dir='ltr'>Petro</span> <span class='ocrx_word' id='word_1_241' title='bbox 926 2732 1110 2796; x_wconf 81' lang='lat' dir='ltr'>manifestum</span> <span class='ocrx_word' id='word_1_242' title='bbox 1132 2732 1240 2795; x_wconf 87' lang='lat' dir='ltr'>iecisse</span> <span class='ocrx_word' id='word_1_243' title='bbox 1270 2732 1308 2795; x_wconf 90' lang='lat' dir='ltr'>de</span> <span class='ocrx_word' id='word_1_244' title='bbox 1336 2750 1395 2814; x_wconf 85' lang='lat' dir='ltr'>quo</span> <span class='ocrx_word' id='word_1_245' title='bbox 1423 2732 1566 2815; x_wconf 80' lang='lat' dir='ltr'>loquahrr.</span> 
     </span>
     <span class='ocr_line' id='line_1_24' title="bbox 180 2838 1565 2925; baseline 0 -20"><span class='ocrx_word' id='word_1_246' title='bbox 180 2842 265 2905; x_wconf 78' lang='lat' dir='ltr'>Adde</span> <span class='ocrx_word' id='word_1_247' title='bbox 288 2842 501 2923; x_wconf 74' lang='lat' dir='ltr'>Cossutianum,</span> <span class='ocrx_word' id='word_1_248' title='bbox 522 2842 649 2906; x_wconf 80' lang='lat' dir='ltr'>Exercit.</span> <span class='ocrx_word' id='word_1_249' title='bbox 671 2843 859 2906; x_wconf 81' lang='lat' dir='ltr'>Anti-Baron.</span> <span class='ocrx_word' id='word_1_250' title='bbox 881 2842 944 2905; x_wconf 84' lang='lat' dir='ltr'>XV.</span> <span class='ocrx_word' id='word_1_251' title='bbox 966 2841 1090 2904; x_wconf 79' lang='lat' dir='ltr'>Allixius</span> <span class='ocrx_word' id='word_1_252' title='bbox 1112 2838 1285 2925; x_wconf 70' lang='grc' dir='ltr'>ὁμόψηφος</span> <span class='ocrx_word' id='word_1_253' title='bbox 1307 2842 1336 2904; x_wconf 89' lang='lat' dir='ltr'>in</span> <span class='ocrx_word' id='word_1_254' title='bbox 1350 2842 1565 2905; x_wconf 85' lang='lat' dir='ltr'>Consideratio</span> 
     </span>
     <span class='ocr_line' id='line_1_25' title="bbox 179 2950 1565 3036; baseline 0.001 -22"><span class='ocrx_word' id='word_1_255' title='bbox 179 2951 265 3014; x_wconf 89' lang='lat' dir='ltr'>nibus</span> <span class='ocrx_word' id='word_1_256' title='bbox 288 2970 376 3035; x_wconf 91' lang='lat' dir='ltr'>super</span> <span class='ocrx_word' id='word_1_257' title='bbox 397 2952 487 3015; x_wconf 88' lang='lat' dir='ltr'>libros</span> <span class='ocrx_word' id='word_1_258' title='bbox 508 2953 640 3036; x_wconf 87' lang='lat' dir='ltr'>prophet.</span> <span class='ocrx_word' id='word_1_259' title='bbox 665 2954 699 3014; x_wconf 86' lang='lat' dir='ltr'>V.</span> <span class='ocrx_word' id='word_1_260' title='bbox 722 2952 755 3014; x_wconf 85' lang='lat' dir='ltr'>T.</span> <span class='ocrx_word' id='word_1_261' title='bbox 783 2968 849 3033; x_wconf 89' lang='lat' dir='ltr'>pag.</span> <span class='ocrx_word' id='word_1_262' title='bbox 876 2956 942 3013; x_wconf 83' lang='lat' dir='ltr'>tas.</span> <span class='ocrx_word' id='word_1_263' title='bbox 971 2950 1115 3014; x_wconf 87' lang='lat' dir='ltr'>Christum</span> <span class='ocrx_word' id='word_1_264' title='bbox 1144 2957 1223 3032; x_wconf 85' lang='lat' dir='ltr'>putot</span> <span class='ocrx_word' id='word_1_265' title='bbox 1242 2951 1393 3032; x_wconf 88' lang='lat' dir='ltr'>speciatim</span> <span class='ocrx_word' id='word_1_266' title='bbox 1414 2955 1565 3033; x_wconf 85' lang='lat' dir='ltr'>respicere</span> 
     </span>
     <span class='ocr_line' id='line_1_26' title="bbox 179 3059 1564 3143; baseline 0.002 -21"><span class='ocrx_word' id='word_1_267' title='bbox 179 3061 215 3123; x_wconf 89' lang='lat' dir='ltr'>ad</span> <span class='ocrx_word' id='word_1_268' title='bbox 234 3060 364 3124; x_wconf 88' lang='lat' dir='ltr'>Danielis</span> <span class='ocrx_word' id='word_1_269' title='bbox 384 3062 418 3124; x_wconf 90' lang='lat' dir='ltr'>ll.</span> <span class='ocrx_word' id='word_1_270' title='bbox 443 3069 497 3141; x_wconf 79' lang='lat'>35,</span> <span class='ocrx_word' id='word_1_271' title='bbox 526 3063 575 3125; x_wconf 90' lang='lat' dir='ltr'>uhi</span> <span class='ocrx_word' id='word_1_272' title='bbox 596 3062 761 3125; x_wconf 88' lang='lat' dir='ltr'>vaticinium</span> <span class='ocrx_word' id='word_1_273' title='bbox 788 3068 881 3124; x_wconf 85' lang='lat' dir='ltr'>exstat</span> <span class='ocrx_word' id='word_1_274' title='bbox 908 3059 945 3122; x_wconf 90' lang='lat' dir='ltr'>de</span> <span class='ocrx_word' id='word_1_275' title='bbox 966 3059 1061 3142; x_wconf 89' lang='lat' dir='ltr'>lapide</span> <span class='ocrx_word' id='word_1_276' title='bbox 1088 3060 1179 3135; x_wconf 90' lang='lat' dir='ltr'>(idest</span> <span class='ocrx_word' id='word_1_277' title='bbox 1206 3059 1335 3138; x_wconf 89' lang='lat' dir='ltr'>Christo)</span> <span class='ocrx_word' id='word_1_278' title='bbox 1357 3063 1407 3143; x_wconf 89' lang='lat' dir='ltr'>qui</span> <span class='ocrx_word' id='word_1_279' title='bbox 1435 3064 1564 3143; x_wconf 82' lang='lat' dir='ltr'>imagine</span> 
     </span>
     <span class='ocr_line' id='line_1_27' title="bbox 179 3168 1348 3252; baseline -0.001 -20"><span class='ocrx_word' id='word_1_280' title='bbox 179 3189 321 3251; x_wconf 88' lang='lat' dir='ltr'>percussa</span> <span class='ocrx_word' id='word_1_281' title='bbox 342 3173 372 3234; x_wconf 89' lang='lat' dir='ltr'>in</span> <span class='ocrx_word' id='word_1_282' title='bbox 393 3189 532 3252; x_wconf 78' lang='lat' dir='ltr'>magnum</span> <span class='ocrx_word' id='word_1_283' title='bbox 554 3173 682 3235; x_wconf 89' lang='lat' dir='ltr'>evaserit</span> <span class='ocrx_word' id='word_1_284' title='bbox 702 3178 841 3251; x_wconf 87' lang='lat' dir='ltr'>montem,</span> <span class='ocrx_word' id='word_1_285' title='bbox 864 3179 895 3233; x_wconf 93' lang='lat' dir='ltr'>et</span> <span class='ocrx_word' id='word_1_286' title='bbox 912 3177 1004 3232; x_wconf 89' lang='lat' dir='ltr'>toturn</span> <span class='ocrx_word' id='word_1_287' title='bbox 1028 3168 1131 3231; x_wconf 93' lang='lat' dir='ltr'>orhem</span> <span class='ocrx_word' id='word_1_288' title='bbox 1153 3168 1348 3250; x_wconf 84' lang='lat' dir='ltr'>impleverit.“</span> 
     </span>
    </p>
   </div>
   <div class='ocr_carea' id='block_1_5' title="bbox 179 3331 1565 3743">
    <p class='ocr_par' dir='ltr' id='par_1_5' title="bbox 179 3331 1565 3743">
     <span class='ocr_line' id='line_1_28' title="bbox 288 3331 1561 3416; baseline 0.004 -24"><span class='ocrx_word' id='word_1_289' title='bbox 288 3337 337 3393; x_wconf 79' lang='lat'>56.</span> <span class='ocrx_word' id='word_1_290' title='bbox 379 3331 521 3394; x_wconf 80' lang='lat' dir='ltr'>Prolixior</span> <span class='ocrx_word' id='word_1_291' title='bbox 550 3339 596 3395; x_wconf 89' lang='lat' dir='ltr'>est</span> <span class='ocrx_word' id='word_1_292' title='bbox 623 3350 659 3395; x_wconf 90' lang='lat' dir='ltr'>ac</span> <span class='ocrx_word' id='word_1_293' title='bbox 686 3332 715 3394; x_wconf 89' lang='lat' dir='ltr'>tn</span> <span class='ocrx_word' id='word_1_294' title='bbox 746 3331 938 3395; x_wconf 87' lang='lat' dir='ltr'>recensendis</span> <span class='ocrx_word' id='word_1_295' title='bbox 970 3338 1120 3395; x_wconf 89' lang='lat' dir='ltr'>auctorum</span> <span class='ocrx_word' id='word_1_296' title='bbox 1153 3332 1320 3397; x_wconf 87' lang='lat' dir='ltr'>nominihus</span> <span class='ocrx_word' id='word_1_297' title='bbox 1347 3332 1519 3416; x_wconf 75' lang='lat' dir='ltr'>diligentior</span> <span class='ocrx_word' id='word_1_298' title='bbox 1535 3340 1561 3368; x_wconf 77' lang='lat'>²²</span> 
     </span>
     <span class='ocr_line' id='line_1_29' title="bbox 179 3440 1565 3526; baseline 0.003 -23"><span class='ocrx_word' id='word_1_299' title='bbox 179 3440 367 3521; x_wconf 85' lang='lat' dir='ltr'>lloenherus,</span> <span class='ocrx_word' id='word_1_300' title='bbox 401 3442 450 3522; x_wconf 90' lang='lat' dir='ltr'>qui</span> <span class='ocrx_word' id='word_1_301' title='bbox 470 3441 514 3503; x_wconf 91' lang='lat' dir='ltr'>sic</span> <span class='ocrx_word' id='word_1_302' title='bbox 544 3440 647 3504; x_wconf 83' lang='lat' dir='ltr'>hehet:</span> <span class='ocrx_word' id='word_1_303' title='bbox 676 3441 771 3520; x_wconf 78' lang='lat' dir='ltr'>„Quid</span> <span class='ocrx_word' id='word_1_304' title='bbox 802 3459 876 3504; x_wconf 91' lang='lat' dir='ltr'>voce</span> <span class='ocrx_word' id='word_1_305' title='bbox 902 3446 999 3523; x_wconf 80' lang='grc' dir='ltr'><strong><em>πέτρα</em></strong></span> <span class='ocrx_word' id='word_1_306' title='bbox 1022 3441 1163 3507; x_wconf 84' lang='lat' dir='ltr'>Servator</span> <span class='ocrx_word' id='word_1_307' title='bbox 1193 3444 1319 3525; x_wconf 89' lang='lat' dir='ltr'>optimus</span> <span class='ocrx_word' id='word_1_308' title='bbox 1345 3443 1565 3526; x_wconf 77' lang='lat' dir='ltr'>significaverit,</span> 
     </span>
     <span class='ocr_line' id='line_1_30' title="bbox 180 3549 1564 3635; baseline 0.004 -24"><span class='ocrx_word' id='word_1_309' title='bbox 180 3557 257 3611; x_wconf 80' lang='lat' dir='ltr'>mire</span> <span class='ocrx_word' id='word_1_310' title='bbox 274 3555 399 3613; x_wconf 70' lang='lat' dir='ltr'>eumont</span> <span class='ocrx_word' id='word_1_311' title='bbox 419 3549 572 3614; x_wconf 88' lang='lat' dir='ltr'>doctorum</span> <span class='ocrx_word' id='word_1_312' title='bbox 595 3551 723 3615; x_wconf 83' lang='lat' dir='ltr'>virorum</span> <span class='ocrx_word' id='word_1_313' title='bbox 746 3553 855 3615; x_wconf 85' lang='lat' dir='ltr'>veteris</span> <span class='ocrx_word' id='word_1_314' title='bbox 884 3570 920 3614; x_wconf 90' lang='lat' dir='ltr'>ac</span> <span class='ocrx_word' id='word_1_315' title='bbox 940 3553 1115 3616; x_wconf 85' lang='lat' dir='ltr'>recentioris</span> <span class='ocrx_word' id='word_1_316' title='bbox 1142 3554 1209 3616; x_wconf 86' lang='lat' dir='ltr'>aevi</span> <span class='ocrx_word' id='word_1_317' title='bbox 1230 3554 1412 3635; x_wconf 87' lang='lat' dir='ltr'>sententiae,</span> <span class='ocrx_word' id='word_1_318' title='bbox 1441 3572 1564 3635; x_wconf 80' lang='lat' dir='ltr'>querum</span> 
     </span>
     <span class='ocr_line' id='line_1_31' title="bbox 181 3658 1563 3743; baseline 0.005 -23"><span class='ocrx_word' id='word_1_319' title='bbox 181 3658 284 3721; x_wconf 81' lang='lat' dir='ltr'>silvam</span> <span class='ocrx_word' id='word_1_320' title='bbox 299 3659 425 3740; x_wconf 84' lang='lat' dir='ltr'>aliquam</span> <span class='ocrx_word' id='word_1_321' title='bbox 441 3658 581 3722; x_wconf 77' lang='lat' dir='ltr'>exhibent</span> <span class='ocrx_word' id='word_1_322' title='bbox 594 3659 759 3723; x_wconf 85' lang='lat' dir='ltr'>Ludovicus</span> <span class='ocrx_word' id='word_1_323' title='bbox 771 3663 798 3693; x_wconf 80' lang='lat'>²³</span> <span class='ocrx_word' id='word_1_324' title='bbox 815 3659 965 3741; x_wconf 87' lang='lat' dir='ltr'>Dupinins,</span> <span class='ocrx_word' id='word_1_325' title='bbox 987 3661 1117 3725; x_wconf 85' lang='lat' dir='ltr'>lustinus</span> <span class='ocrx_word' id='word_1_326' title='bbox 1132 3665 1159 3696; x_wconf 75' lang='lat'>²⁴</span> <span class='ocrx_word' id='word_1_327' title='bbox 1177 3661 1348 3743; x_wconf 85' lang='lat' dir='ltr'>Fehmnius‚</span> <span class='ocrx_word' id='word_1_328' title='bbox 1370 3661 1524 3727; x_wconf 86' lang='lat' dir='ltr'>lohannes</span> <span class='ocrx_word' id='word_1_329' title='bbox 1536 3668 1563 3697; x_wconf 72' lang='lat'>²³</span> 
     </span>
    </p>
   </div>
   <div class='ocr_carea' id='block_1_6' title="bbox 181 3948 1565 4677">
    <p class='ocr_par' dir='ltr' id='par_1_6' title="bbox 181 3948 1565 4128">
     <span class='ocr_line' id='line_1_32' title="bbox 181 3948 1565 4025; baseline 0.005 -22"><span class='ocrx_word' id='word_1_330' title='bbox 181 3948 271 4020; x_wconf 87' lang='lat' dir='ltr'>Neque</span> <span class='ocrx_word' id='word_1_331' title='bbox 294 3951 405 4020; x_wconf 89' lang='lat' dir='ltr'>mirum,</span> <span class='ocrx_word' id='word_1_332' title='bbox 426 3964 505 4019; x_wconf 86' lang='lat' dir='ltr'>quum</span> <span class='ocrx_word' id='word_1_333' title='bbox 529 3948 652 4003; x_wconf 86' lang='lat' dir='ltr'>universo</span> <span class='ocrx_word' id='word_1_334' title='bbox 674 3964 739 4019; x_wconf 88' lang='lat' dir='ltr'>erga</span> <span class='ocrx_word' id='word_1_335' title='bbox 760 3948 848 4004; x_wconf 91' lang='lat' dir='ltr'>homi·</span> <span class='ocrx_word' id='word_1_336' title='bbox 897 3950 1005 4025; x_wconf 86' lang='lat' dir='ltr'>Christi,</span> <span class='ocrx_word' id='word_1_337' title='bbox 1028 3956 1106 4022; x_wconf 80' lang='lat' dir='ltr'>atque</span> <span class='ocrx_word' id='word_1_338' title='bbox 1127 3948 1195 4006; x_wconf 87' lang='lat' dir='ltr'>adeo</span> <span class='ocrx_word' id='word_1_339' title='bbox 1216 3964 1493 4023; x_wconf 76' lang='lat' dir='ltr'>pronomensoorrmr</span> <span class='ocrx_word' id='word_1_340' title='bbox 1506 3953 1565 4009; x_wconf 83' lang='lat' dir='ltr'>Olo-</span> 
     </span>
     <span class='ocr_line' id='line_1_33' title="bbox 181 4032 1462 4128; baseline 0.002 -18"><span class='ocrx_word' id='word_1_341' title='bbox 181 4070 229 4110; x_wconf 86' lang='lat' dir='ltr'>ues</span> <span class='ocrx_word' id='word_1_342' title='bbox 242 4054 292 4111; x_wconf 86' lang='lat' dir='ltr'>Dei</span> <span class='ocrx_word' id='word_1_343' title='bbox 313 4051 457 4128; x_wconf 66' lang='grc' dir='ltr'><strong><em>οἰκονομία</em></strong></span> <span class='ocrx_word' id='word_1_344' title='bbox 477 4071 513 4110; x_wconf 77' lang='lat' dir='ltr'>ec</span> <span class='ocrx_word' id='word_1_345' title='bbox 532 4071 626 4111; x_wconf 81' lang='lat' dir='ltr'>amore</span> <span class='ocrx_word' id='word_1_346' title='bbox 646 4054 766 4127; x_wconf 85' lang='lat' dir='ltr'>proiecto</span> <span class='ocrx_word' id='word_1_347' title='bbox 789 4052 847 4128; x_wconf 87' lang='lat' dir='ltr'>(qui</span> <span class='ocrx_word' id='word_1_348' title='bbox 898 4057 956 4111; x_wconf 89' lang='lat' dir='ltr'>ario</span> <span class='ocrx_word' id='word_1_349' title='bbox 977 4062 1024 4111; x_wconf 82' lang='lat' dir='ltr'>aut</span> <span class='ocrx_word' id='word_1_350' title='bbox 1040 4032 1144 4112; x_wconf 76' lang='lat' dir='ltr'>Wolfio</span> <span class='ocrx_word' id='word_1_351' title='bbox 1164 4056 1333 4126; x_wconf 82' lang='lat' dir='ltr'>negligenter</span> <span class='ocrx_word' id='word_1_352' title='bbox 1353 4058 1462 4114; x_wconf 82' lang='lat' dir='ltr'>excidit.</span> 
     </span>
    </p>

    <p class='ocr_par' dir='ltr' id='par_1_7' title="bbox 182 4159 1565 4342">
     <span class='ocr_line' id='line_1_34' title="bbox 182 4159 1565 4236; baseline 0.002 -20"><span class='ocrx_word' id='word_1_353' title='bbox 182 4175 258 4216; x_wconf 84' lang='lat' dir='ltr'>amor</span> <span class='ocrx_word' id='word_1_354' title='bbox 278 4161 336 4232; x_wconf 83' lang='lat' dir='ltr'>ipse</span> <span class='ocrx_word' id='word_1_355' title='bbox 356 4166 399 4216; x_wconf 87' lang='lat' dir='ltr'>est</span> <span class='ocrx_word' id='word_1_356' title='bbox 417 4160 504 4230; x_wconf 84' lang='lat' dir='ltr'>Deus,</span> <span class='ocrx_word' id='word_1_357' title='bbox 531 4159 564 4216; x_wconf 90' lang='lat' dir='ltr'>de</span> <span class='ocrx_word' id='word_1_358' title='bbox 585 4176 637 4233; x_wconf 85' lang='lat' dir='ltr'>quc</span> <span class='ocrx_word' id='word_1_359' title='bbox 659 4162 785 4233; x_wconf 86' lang='lat' dir='ltr'>scriptum</span> <span class='ocrx_word' id='word_1_360' title='bbox 807 4165 849 4216; x_wconf 88' lang='lat' dir='ltr'>est</span> <span class='ocrx_word' id='word_1_361' title='bbox 958 4160 1003 4233; x_wconf 74' lang='lat'>²²)</span> <span class='ocrx_word' id='word_1_362' title='bbox 1031 4159 1152 4216; x_wconf 72' lang='lat' dir='ltr'>Analect</span> <span class='ocrx_word' id='word_1_363' title='bbox 1179 4161 1311 4234; x_wconf 85' lang='lat' dir='ltr'>Philolog.</span> <span class='ocrx_word' id='word_1_364' title='bbox 1337 4169 1364 4218; x_wconf 88' lang='lat' dir='ltr'>et</span> <span class='ocrx_word' id='word_1_365' title='bbox 1388 4162 1506 4236; x_wconf 83' lang='lat' dir='ltr'>Exeget.</span> <span class='ocrx_word' id='word_1_366' title='bbox 1532 4165 1565 4220; x_wconf 86' lang='lat' dir='ltr'>od</span> 
     </span>
     <span class='ocr_line' id='line_1_35' title="bbox 182 4255 1150 4342; baseline -0.002 -20"><span class='ocrx_word' id='word_1_367' title='bbox 182 4266 202 4322; x_wconf 91' lang='lat' dir='ltr'>l.</span> <span class='ocrx_word' id='word_1_368' title='bbox 216 4266 278 4322; x_wconf 81' lang='lat' dir='ltr'>doh.</span> <span class='ocrx_word' id='word_1_369' title='bbox 292 4265 338 4321; x_wconf 87' lang='lat' dir='ltr'>lv.</span> <span class='ocrx_word' id='word_1_370' title='bbox 355 4264 468 4320; x_wconf 77' lang='lat'><strong>7-13:</strong></span> <span class='ocrx_word' id='word_1_371' title='bbox 486 4255 542 4322; x_wconf 77' lang='lat' dir='ltr'>‘On</span> <span class='ocrx_word' id='word_1_372' title='bbox 556 4256 572 4322; x_wconf 86' lang='grc' dir='ltr'>ὁ</span> <span class='ocrx_word' id='word_1_373' title='bbox 586 4256 656 4331; x_wconf 75' lang='grc' dir='ltr'>θοός</span> <span class='ocrx_word' id='word_1_374' title='bbox 668 4255 764 4341; x_wconf 80' lang='lat' dir='ltr'>u’yu&#39;mp</span> <span class='ocrx_word' id='word_1_375' title='bbox 777 4265 849 4342; x_wconf 75' lang='lat' dir='ltr'>ieri)</span> <span class='ocrx_word' id='word_1_376' title='bbox 899 4266 989 4321; x_wconf 84' lang='lat' dir='ltr'>hlotth.</span> <span class='ocrx_word' id='word_1_377' title='bbox 1010 4265 1080 4323; x_wconf 79' lang='lat' dir='ltr'>xvi.</span> <span class='ocrx_word' id='word_1_378' title='bbox 1105 4265 1150 4323; x_wconf 84' lang='grc'>18.</span> 
     </span>
    </p>

    <p class='ocr_par' dir='ltr' id='par_1_8' title="bbox 182 4372 1565 4552">
     <span class='ocr_line' id='line_1_36' title="bbox 182 4372 1565 4448; baseline 0.002 -20"><span class='ocrx_word' id='word_1_379' title='bbox 182 4372 221 4428; x_wconf 85' lang='lat' dir='ltr'>od</span> <span class='ocrx_word' id='word_1_380' title='bbox 240 4373 472 4441; x_wconf 79' lang='lat' dir='ltr'>coniunctionem,</span> <span class='ocrx_word' id='word_1_381' title='bbox 494 4373 539 4443; x_wconf 85' lang='lat' dir='ltr'>qut</span> <span class='ocrx_word' id='word_1_382' title='bbox 560 4374 660 4429; x_wconf 86' lang='lat' dir='ltr'>tructus</span> <span class='ocrx_word' id='word_1_383' title='bbox 681 4379 723 4427; x_wconf 90' lang='lat' dir='ltr'>est</span> <span class='ocrx_word' id='word_1_384' title='bbox 739 4374 848 4447; x_wconf 77' lang='lat' dir='ltr'>amoris,</span> <span class='ocrx_word' id='word_1_385' title='bbox 963 4372 1007 4448; x_wconf 81' lang='lat'>²³)</span> <span class='ocrx_word' id='word_1_386' title='bbox 1025 4372 1066 4429; x_wconf 82' lang='lat' dir='ltr'>oe</span> <span class='ocrx_word' id='word_1_387' title='bbox 1087 4374 1192 4445; x_wconf 74' lang='lat' dir='ltr'>entique</span> <span class='ocrx_word' id='word_1_388' title='bbox 1207 4374 1309 4430; x_wconf 84' lang='lat' dir='ltr'>Eccles.</span> <span class='ocrx_word' id='word_1_389' title='bbox 1331 4375 1484 4448; x_wconf 85' lang='lat' dir='ltr'>disciplina,</span> <span class='ocrx_word' id='word_1_390' title='bbox 1503 4377 1565 4435; x_wconf 80' lang='lat' dir='ltr'>Itis</span> 
     </span>
     <span class='ocr_line' id='line_1_37' title="bbox 182 4477 1230 4552; baseline 0.001 -20"><span class='ocrx_word' id='word_1_391' title='bbox 182 4493 232 4534; x_wconf 84' lang='lat' dir='ltr'>suo</span> <span class='ocrx_word' id='word_1_392' title='bbox 251 4477 370 4550; x_wconf 91' lang='lat' dir='ltr'>pondere</span> <span class='ocrx_word' id='word_1_393' title='bbox 394 4478 520 4550; x_wconf 77' lang='lat' dir='ltr'>adspiret.</span> <span class='ocrx_word' id='word_1_394' title='bbox 561 4479 635 4535; x_wconf 89' lang='lat' dir='ltr'>Unde</span> <span class='ocrx_word' id='word_1_395' title='bbox 656 4495 763 4535; x_wconf 72' lang='lat' dir='ltr'>aureum</span> <span class='ocrx_word' id='word_1_396' title='bbox 784 4479 847 4535; x_wconf 90' lang='lat' dir='ltr'>iilud</span> <span class='ocrx_word' id='word_1_397' title='bbox 898 4485 962 4534; x_wconf 81' lang='lat' dir='ltr'>sert.</span> <span class='ocrx_word' id='word_1_398' title='bbox 977 4478 1023 4535; x_wconf 87' lang='lat' dir='ltr'>tv.</span> <span class='ocrx_word' id='word_1_399' title='bbox 1044 4494 1103 4552; x_wconf 83' lang='lat' dir='ltr'>cap.</span> <span class='ocrx_word' id='word_1_400' title='bbox 1118 4477 1139 4533; x_wconf 93' lang='lat'>1.</span> <span class='ocrx_word' id='word_1_401' title='bbox 1161 4478 1187 4552; x_wconf 70' lang='lat' dir='ltr'>s.</span> <span class='ocrx_word' id='word_1_402' title='bbox 1206 4478 1230 4534; x_wconf 90' lang='grc'>1.</span> 
     </span>
    </p>

    <p class='ocr_par' dir='ltr' id='par_1_9' title="bbox 183 4583 1564 4677">
     <span class='ocr_line' id='line_1_38' title="bbox 183 4583 1564 4677; baseline 0.001 -37"><span class='ocrx_word' id='word_1_403' title='bbox 183 4583 324 4640; x_wconf 80' lang='lat' dir='ltr'>Athanasii</span> <span class='ocrx_word' id='word_1_404' title='bbox 346 4585 373 4639; x_wconf 90' lang='lat' dir='ltr'>in</span> <span class='ocrx_word' id='word_1_405' title='bbox 394 4600 475 4640; x_wconf 88' lang='lat' dir='ltr'>aureo</span> <span class='ocrx_word' id='word_1_406' title='bbox 502 4584 593 4641; x_wconf 89' lang='lat' dir='ltr'>libello</span> <span class='ocrx_word' id='word_1_407' title='bbox 613 4585 646 4640; x_wconf 88' lang='lat' dir='ltr'>de</span> <span class='ocrx_word' id='word_1_408' title='bbox 666 4586 848 4640; x_wconf 86' lang='lat' dir='ltr'>incarnatione</span> <span class='ocrx_word' id='word_1_409' title='bbox 960 4601 1006 4677; x_wconf 73' lang='grc' dir='ltr'>υ)</span> <span class='ocrx_word' id='word_1_410' title='bbox 1025 4603 1066 4660; x_wconf 86' lang='lat' dir='ltr'>Dc</span> <span class='ocrx_word' id='word_1_411' title='bbox 1087 4607 1157 4659; x_wconf 60' lang='lat' dir='ltr'>sm„</span> <span class='ocrx_word' id='word_1_412' title='bbox 1177 4602 1329 4667; x_wconf 51' lang='lat' dir='ltr'>goepegjae,</span> <span class='ocrx_word' id='word_1_413' title='bbox 1352 4609 1380 4660; x_wconf 59' lang='lat' dir='ltr'>eg</span> <span class='ocrx_word' id='word_1_414' title='bbox 1399 4604 1477 4675; x_wconf 39' lang='lat' dir='ltr'>pegi&amp;</span> <span class='ocrx_word' id='word_1_415' title='bbox 1499 4605 1564 4661; x_wconf 56' lang='lat' dir='ltr'>pon.</span> 
     </span>
    </p>
   </div>
   <div class='ocr_carea' id='block_1_7' title="bbox 183 4680 1447 4783">
    <p class='ocr_par' dir='ltr' id='par_1_10' title="bbox 183 4680 1447 4783">
     <span class='ocr_line' id='line_1_39' title="bbox 183 4680 1447 4783; baseline 0.017 -39"><span class='ocrx_word' id='word_1_416' title='bbox 183 4690 281 4747; x_wconf 84' lang='lat' dir='ltr'>Verhi:</span> <span class='ocrx_word' id='word_1_417' title='bbox 317 4680 416 4747; x_wconf 74' lang='lat' dir='ltr'>&#39;Orod</span> <span class='ocrx_word' id='word_1_418' title='bbox 436 4686 507 4746; x_wconf 78' lang='grc' dir='ltr'>θεοῦ</span> <span class='ocrx_word' id='word_1_419' title='bbox 527 4681 607 4766; x_wconf 69' lang='grc' dir='ltr'><strong><em>λόγος</em></strong></span> <span class='ocrx_word' id='word_1_420' title='bbox 627 4681 848 4766; x_wconf 61' lang='lat' dir='ltr'>immodum,</span> <span class='ocrx_word' id='word_1_421' title='bbox 899 4708 938 4763; x_wconf 86' lang='lat' dir='ltr'>tii.</span> <span class='ocrx_word' id='word_1_422' title='bbox 959 4708 1069 4765; x_wconf 76' lang='lat' dir='ltr'>Romani</span> <span class='ocrx_word' id='word_1_423' title='bbox 1090 4714 1239 4783; x_wconf 85' lang='lat' dir='ltr'>potestate,</span> <span class='ocrx_word' id='word_1_424' title='bbox 1260 4709 1354 4781; x_wconf 81' lang='lat' dir='ltr'>coph</span> <span class='ocrx_word' id='word_1_425' title='bbox 1376 4709 1403 4781; x_wconf 69' lang='lat' dir='ltr'>s.</span> <span class='ocrx_word' id='word_1_426' title='bbox 1418 4710 1447 4766; x_wconf 82' lang='lat'>2.</span> 
     </span>
    </p>
   </div>
   <div class='ocr_carea' id='block_1_8' title="bbox 184 4784 1564 5010">
    <p class='ocr_par' dir='ltr' id='par_1_11' title="bbox 184 4784 1564 5010">
     <span class='ocr_line' id='line_1_40' title="bbox 184 4784 1564 4904; baseline 0.017 -38"><span class='ocrx_word' id='word_1_427' title='bbox 184 4787 229 4851; x_wconf 75' lang='lat' dir='ltr'>ha</span> <span class='ocrx_word' id='word_1_428' title='bbox 248 4784 327 4870; x_wconf 70' lang='lat' dir='ltr'>iuris</span> <span class='ocrx_word' id='word_1_429' title='bbox 346 4790 573 4870; x_wconf 67' lang='lat' dir='ltr'>eennpeetpo.</span> <span class='ocrx_word' id='word_1_430' title='bbox 962 4832 1006 4904; x_wconf 50' lang='grc' dir='ltr'>ιι)</span> <span class='ocrx_word' id='word_1_431' title='bbox 1027 4832 1148 4888; x_wconf 66' lang='lat' dir='ltr'>contem</span> <span class='ocrx_word' id='word_1_432' title='bbox 1170 4831 1299 4889; x_wconf 68' lang='lat' dir='ltr'>cainone</span> <span class='ocrx_word' id='word_1_433' title='bbox 1327 4832 1420 4889; x_wconf 81' lang='grc' dir='ltr'><strong><em>ιιιι</em></strong></span> <span class='ocrx_word' id='word_1_434' title='bbox 1448 4832 1519 4890; x_wconf 67' lang='lat' dir='ltr'>ram</span> <span class='ocrx_word' id='word_1_435' title='bbox 1533 4833 1564 4889; x_wconf 88' lang='grc' dir='ltr'>ιι</span> 
     </span>
     <span class='ocr_line' id='line_1_41' title="bbox 246 4935 1010 5010; baseline 0.009 -21"><span class='ocrx_word' id='word_1_436' title='bbox 246 4937 291 5007; x_wconf 71' lang='grc' dir='ltr'>Η)</span> <span class='ocrx_word' id='word_1_437' title='bbox 326 4936 384 4993; x_wconf 84' lang='lat' dir='ltr'>Non</span> <span class='ocrx_word' id='word_1_438' title='bbox 412 4942 473 4993; x_wconf 86' lang='lat' dir='ltr'>sunt</span> <span class='ocrx_word' id='word_1_439' title='bbox 498 4936 543 4993; x_wconf 82' lang='lat' dir='ltr'>itlr</span> <span class='ocrx_word' id='word_1_440' title='bbox 571 4936 652 4993; x_wconf 76' lang='lat' dir='ltr'>veiha</span> <span class='ocrx_word' id='word_1_441' title='bbox 681 4935 767 5007; x_wconf 86' lang='lat' dir='ltr'>Petri,</span> <span class='ocrx_word' id='word_1_442' title='bbox 800 4936 848 4991; x_wconf 85' lang='lat' dir='ltr'>sed</span> <span class='ocrx_word' id='word_1_443' title='bbox 898 4951 956 5010; x_wconf 72' lang='lat' dir='ltr'>cap.</span> <span class='ocrx_word' id='word_1_444' title='bbox 978 4935 1010 4992; x_wconf 65' lang='lat' dir='ltr'>ll·</span> 
     </span>
    </p>
   </div>
   <div class='ocr_carea' id='block_1_9' title="bbox 0 0 1662 5402">
    <p class='ocr_par' dir='ltr' id='par_1_12' title="bbox 0 0 1662 5402">
     <span class='ocr_line' id='line_1_42' title="bbox 0 0 1662 5402; baseline 0 0"><span class='ocrx_word' id='word_1_445' title='bbox 0 0 1662 5402; x_wconf 95' lang='lat' dir='ltr'> </span> 
     </span>
    </p>
   </div>
  </div>
 </body>
</html>
