3324 5382
33 5302 47 5359 l

617 377 764 444 CAPUT
805 381 848 443 X.
1363 384 1427 443 ild

59 546 209 609 montanus
229 562 288 609 non
307 544 491 628 depravetur.
533 544 592 627 lpsi
612 565 740 628 namque
760 546 781 610 l.
804 548 863 610 vim
883 545 1037 629 negligunt
1057 548 1205 629 propriam
1223 547 1438 630 porticulanrm'

57 655 123 717 καί
135 692 175 702 -
188 654 245 735 δέ,
266 673 355 737 quum
376 655 529 718 interiecto
551 657 670 719 nomine
690 655 878 738 adhibentur3
903 656 971 721 ideo
994 665 1091 721 autem
1112 658 1267 740 negligrmt
1287 677 1325 721 ne
1345 657 1430 722 lateri

57 772 200 845 cogantur,
221 782 258 829 eo
279 772 414 847 spectare
434 763 589 844 Christum,
606 772 638 828 ut
656 764 695 829 ad
707 764 819 829 Patris²
844 767 995 847 exemplar
1016 769 1101 831 novis
1115 766 1237 857 ‚Petrum
1252 769 1431 831 ornamentis

59 874 225 957 amplissime
249 875 392 939 cumulet:
428 873 462 937 ll
483 882 602 955 praeter
631 883 661 940 et
689 883 792 939 eontm
820 878 959 940 orationis
981 884 1149 941 contextum
1170 876 1340 961 particulam
1363 876 1431 940 καί

60 984 87 1045 in
106 983 193 1048 altero
214 983 346 1049 membro
368 1002 386 1046 a
406 983 619 1066 significatione
642 986 867 1049 continuationis
888 986 924 1048 ad
946 984 1188 1069 significationem
1217 986 1431 1049 adversativam

61 1090 235 1175 detorquent:
272 1094 318 1157 lll
346 1110 400 1176 pro
427 1093 564 1171 arbitrio,
598 1095 794 1177 repositisque
829 1096 1039 1177 grammaticae
1073 1094 1234 1158 canonibus
1267 1111 1432 1176 pronomen

59 1203 171 1264 τοῦτο
190 1221 255 1267 oum
276 1204 436 1267 remotiore
457 1202 604 1283 subiecto,
633 1203 800 1285 eodemque
828 1204 1030 1288 adsigrrilicato
1052 1207 1249 1286 coniungunt=
1283 1205 1330 1268 lv.
1351 1204 1434 1268 nihili

60 1310 187 1395 ἔμφασιν
207 1313 331 1393 ducunt,
354 1330 441 1394 quam
462 1331 627 1393 pronomen
648 1315 770 1377 τοῦτο
792 1332 859 1377 cunr
881 1316 958 1378 καί
972 1322 1170 1379 constructum
1192 1314 1370 1396 praesefert,
1397 1333 1433 1377 ao

60 1419 134 1485 nihili
153 1431 307 1506 propterea
328 1423 446 1503 ducunt,
468 1430 500 1485 ut
519 1430 634 1506 πέτραν
647 1442 664 1487 a
679 1422 764 1486 Petro
785 1423 970 1488 commodius
990 1426 1156 1506 seiungunt,
1179 1423 1435 1505 difficultatemque

57 1533 120 1596 inde
140 1534 288 1598 catholicis
310 1539 429 1613 creent,
466 1533 567 1614 quod·
590 1550 651 1595 non
670 1533 721 1595 erl
741 1534 808 1608 ool,
847 1532 902 1596 sed
928 1533 980 1597 dni
1005 1532 1100 1617 ταύτῃ
1126 1535 1164 1618 τῇ
1184 1538 1283 1615 πέτρᾳ
1304 1531 1434 1596 Christus

59 1642 169 1707 dixerit:
198 1644 316 1708 tandem
338 1644 375 1705 V.
399 1660 489 1724 quum
507 1641 613 1723 verba,
635 1643 690 1706 καὶ
709 1643 760 1706 ini
781 1640 877 1727 ταύτῃ
898 1646 935 1727 τῇ
954 1647 1053 1725 πέτρᾳ
1074 1640 1275 1723 οἰκοδομήσω
1295 1663 1359 1724 μου
1379 1636 1436 1717 τήν

59 1754 230 1831 ἐκκλησίαν,
267 1753 306 1817 ad
325 1754 471 1817 Christum
493 1752 644 1816 exclusive
667 1752 825 1817 reserenda
846 1770 915 1816 esse
937 1753 1130 1831 contendunt,
1165 1754 1434 1834 interpretationem

59 1861 189 1946 deligant,
211 1882 301 1947 quam
321 1862 408 1926 laede
429 1862 547 1944 quidem
568 1880 635 1925 cum
655 1864 803 1944 praesenti
825 1861 1059 1945 οἰκοδομοί,
1081 1871 1111 1926 at
1129 1864 1248 1926 nonmsi
1267 1863 1434 1945 aegerrime

59 1989 120 2035 oum
140 1973 233 2037 tuturo
257 1969 526 2053 οἰκοδομήσω
548 1971 714 2035 concilient
764 1966 826 2034 Vix'
846 1973 935 2055 igitur
964 1972 1110 2056 quidpiam
1140 1981 1186 2037 est
1217 1974 1281 2036 sani
1309 1973 1338 2035 in
1367 1989 1435 2053 pro·

60 2084 218 2146 testantium
242 2084 464 2162 commentario,
486 2082 512 2145 si
533 2081 571 2146 de
592 2081 642 2145 illo
664 2102 681 2145 e
702 2082 853 2147 custoditis
875 2084 1084 2165 grammaticas
1103 2081 1221 2165 legibus
1240 2081 1394 2145 iudicetur.

159 2198 227 2255 tet.
272 2191 376 2274 Neque
398 2190 488 2255 multo
510 2190 603 2255 videri
620 2191 735 2254 felicior
748 2199 854 2274 potest,
875 2194 901 2255 si
914 2191 952 2255 ad
965 2189 1130 2256 rhetoricos
1145 2213 1278 2256 curiones
1293 2193 1436 2273 exigatur.

59 2297 91 2361 lli
120 2302 195 2365 enim
223 2309 323 2365 vetant
354 2301 375 2364 l
402 2320 440 2365 ne
468 2302 612 2385 imagines
641 2308 672 2364 et
692 2300 843 2365 schemata
865 2309 1056 2383 praepostero
1076 2301 1306 2365 confundantur:
1342 2300 1376 2363 ll.
1398 2319 1437 2363 ne

59 2415 209 2475 sumantur
226 2413 366 2475 mansites
385 2411 436 2492 qui
456 2412 620 2476 orationem
639 2410 808 2492 dilacerant,
830 2418 918 2493 atque
938 2410 1066 2475 hiulcam
1088 2419 1119 2474 et
1139 2413 1297 2493 aenigmati
1312 2409 1437 2473 similem

59 2518 190 2583 reddunt:
223 2520 272 2584 lll.
308 2538 348 2584 ne
384 2520 514 2584 rariores
545 2520 766 2602 insolentesque
796 2518 910 2603 figurae
941 2522 998 2584 nisi
1028 2522 1119 2584 certis
1151 2520 1368 2601 exploratisque
1400 2518 1438 2581 de

62 2630 165 2691 caussis
185 2630 385 2693 admittuntur:
408 2637 439 2693 et
458 2629 506 2693 lv.
525 2649 564 2695 ne
586 2650 622 2694 ea
642 2630 771 2695 tradatur
793 2632 1000 2714 interpretatio,
1025 2648 1102 2712 qnae
1117 2627 1305 2711 glossematis
1319 2627 1437 2710 longius

63 2741 184 2817 repetitis
206 2739 338 2821 suppleri
357 2740 474 2804 debeat

159 2850 233 2923 Ouid
261 2851 393 2913 iamvero
421 2847 639 2931 protestantes?
670 2850 783 2914 scilieet
808 2850 830 2913 l
855 2857 1068 2932 praeposteres
1098 2849 1155 2911 τοῦ
1183 2843 1358 2928 οἰκοδόμου
1385 2845 1438 2909 κοιί

60 2958 108 3032 τῆς
126 2965 238 3042 πέτροις
259 2961 407 3042 imagines
424 2961 625 3040 commiscent,
649 2968 679 3025 et
702 2980 741 3024 ne
755 2959 840 3022 Petro
870 2961 929 3022 vim
950 2966 1083 3023 asserant
1097 2960 1150 3035 τῆς
1165 2961 1290 3037 πέτρας,
1312 2956 1436 3031 Christo,

61 3070 106 3147 qui
131 3080 225 3135 semet
255 3070 344 3135 veluti
371 3068 542 3152 οἰκοδόμον
562 3076 778 3151 repraesentat,
815 3087 920 3132 munus
951 3070 1154 3149 rationemque
1181 3065 1361 3129 fundamenti
1389 3063 1440 3125 ad-

60 3178 198 3242 scribunt:
229 3179 263 3242 ll
285 3179 391 3242 eodem
413 3178 537 3243 consilio
558 3180 636 3243 inter
655 3179 755 3260 verba,
777 3174 867 3261 κοὶγιδ
890 3177 927 3241 δὲ
944 3178 995 3242 eol
1015 3177 1107 3259 leym,
1129 3175 1176 3238 om
1196 3172 1236 3238 nd
1257 3169 1288 3236 si
1306 3171 1439 3254 Πέτρος,

63 3293 90 3347 et
116 3307 189 3369 quae
209 3285 337 3370 ciperem
358 3289 529 3368 succedunt,
551 3289 604 3352 καί
623 3289 675 3351 sai
695 3285 789 3372 ταύτῃ
809 3290 845 3371 τῇ
866 3294 974 3369 πέτρᾳ,
1003 3289 1155 3350 transitum
1173 3285 1441 3361 comminiscuntur,

62 3399 219 3474 posteriora
248 3396 323 3462 haec
349 3397 517 3480 parenthesi
544 3398 734 3478 concludunt,
770 3398 957 3480 efficiuntque
988 3405 1019 3460 ut
1050 3399 1143 3460 oratio
1171 3398 1291 3477 turpiter
1319 3394 1441 3459 discissa

62 3505 165 3570 nullum
200 3507 388 3571 commodum
419 3526 539 3571 sensum
573 3507 727 3571 exhibeat:
762 3516 793 3571 et
820 3510 904 3590 quasi
931 3508 978 3570 lll.
998 3509 1069 3571 satis
1097 3508 1151 3568 ista
1177 3523 1236 3568 non
1265 3504 1378 3583 lorent,
1412 3510 1443 3565 ut

62 3619 174 3696 πέτραν
195 3617 235 3680 de
253 3616 311 3680 alio
333 3616 479 3698 quamde
501 3616 585 3681 Petro
609 3616 802 3681 confidentius
830 3619 1072 3699 interpretentur,
1101 3615 1139 3679 ad
1153 3620 1178 3651 ¹⁰
1200 3613 1440 3689 dromedariorum,

62 3741 144 3804 quem
164 3725 343 3789 Pedianus¹¹
370 3725 536 3810 Magiam
554 3734 650 3807 vocat,
671 3745 705 3790 se
726 3727 883 3809 recipiunt,
919 3726 1057 3808 nulloque
1085 3732 1261 3807 argumento
1288 3724 1366 3788 idem
1388 3726 1442 3799 τῆς

63 3840 174 3915 rupee
194 3853 304 3899 nomen
325 3836 441 3900 diversa
471 3836 684 3919 significatione
712 3837 845 3917 usmpari
875 3835 1048 3899 defendunt:
1084 3834 1199 3917 singula
1226 3842 1324 3897 autem
1352 3832 1442 3895 verba

61 3941 106 4005 tv.
129 3946 166 4008 ita
189 3947 343 4028 accipiunt,
365 3953 396 4008 ut
417 3945 535 4009 extundi
553 3964 593 4010 ex
613 3948 649 4009 iis
670 3948 814 4010 sententia
834 3952 971 4027 nequeat,
994 3948 1050 4009 nisi
1072 3944 1268 4028 glossematis,
1290 3942 1443 4005 additioni·

61 4050 172 4135 hasque
191 4054 366 4137 longissime
385 4055 504 4119 adscitis
523 4055 699 4137 suppleatur.
741 4056 891 4120 Eiusmodi
914 4062 960 4118 est
981 4054 1148 4136 glossema,
1178 4053 1256 4134 quod
1275 4051 1389 4131 verbis,
1414 4058 1444 4112 et

62 4180 154 4242 super
174 4163 255 4228 dene
275 4172 411 4244 petrem,
439 4165 611 4246 subiiciunt,
639 4165 730 4247 idest,
759 4166 816 4228 aed
833 4186 927 4245 super
947 4163 1027 4227 dene
1046 4172 1185 4244 petram:
1220 4160 1364 4225 eiusmodi
1386 4178 1444 4242 quo

63 4271 165 4337 eudem
187 4274 277 4337 verba
298 4282 437 4352 onerant,
460 4293 549 4358 quum
572 4275 714 4357 subdunt,
736 4258 794 4339 aed
812 4293 902 4357 super
925 4274 1001 4338 hanc
1022 4280 1144 4357 petram,
1166 4273 1267 4354 puelle
1289 4291 1344 4355 eqo
1364 4289 1444 4347 aum,

122 4474 151 4549 7)
172 4476 316 4533 vixerim
335 4476 403 4533 alias
424 4492 502 4548 quam
522 4476 654 4533 eiusmodi
675 4476 728 4535 do·
779 4475 926 4549 collocant,
947 4476 1018 4549 quod
1031 4448 1130 4550 primns
1144 4474 1260 4530 omnium
1274 4470 1445 4546 praedicarit,

64 4582 200 4653 moeses
218 4584 337 4641 aeones
357 4588 538 4656 praestante
558 4582 701 4639 aramma
763 4590 808 4661 ¹er
822 4583 941 4639 curum
967 4562 1102 4658 ismae,
1129 4579 1327 4654 arreptaeque
1353 4577 1448 4634 aaran·

124 4688 153 4762 ⁸)
173 4687 246 4756 Quae
266 4688 392 4762 loquendi
413 4689 500 4746 forma
520 4704 574 4763 aeq
594 4690 730 4747 minimum
781 4689 861 4746 xerit.
1227 4764 1230 4769 γ

68 4794 239 4867 metaphorae
248 4795 446 4870 pulchritudini,
457 4768 733 4869 elegantiaequeima·
848 4794 890 4869 ¹⁰)
921 4790 961 4851 lta
982 4792 1111 4865 Georgius
1132 4791 1215 4847 laser
1233 4796 1261 4847 et
1281 4788 1445 4845 Christianus

67 4898 138 4969 ginis
158 4899 306 4959 charismi.
784 4900 991 4972 Schoettgealns
1013 4899 1039 4956 in
1059 4898 1159 4955 lexico
1179 4897 1210 4952 n.
1231 4896 1262 4952 Τ.

31 5036 32 5045 ¹
126 5004 156 5081 ⁹)
176 5006 211 5063 lit
230 5009 253 5065 ii
271 5008 372 5066 iaciant
389 5022 493 5081 omnes,
512 5008 558 5081 qui
572 5007 643 5065 l’etri
656 5022 734 5081 prae-
846 5005 888 5081 ¹¹)
919 5005 1000 5079 Apud
1026 5004 1155 5063 vossium
1184 5002 1231 5059 ltu.
1258 5001 1292 5059 V.
1322 4999 1447 5057 lastitutt.

68 5113 218 5184 rogativam
246 5130 316 5172 voco
341 5112 444 5192 πέτροις
470 5129 626 5189 expressam
651 5115 680 5171 iu
699 5128 735 5170 eo
785 5113 859 5173 Orat
879 5128 938 5185 cap.
955 5111 988 5167 ll.

116 5235 242 5293 eunapii,
257 5241 432 5281 maneamne
764 5242 774 5270 0
1190 5215 1236 5287 33
