3266 5416
603 275 749 344 CAPUT
785 279 839 342 tit.
1370 280 1412 344 bb

38 444 122 511 catu
141 460 199 511 ιοιι
218 462 314 511 socru
334 445 485 528 cohaeret,
507 462 594 529 quam
617 446 781 528 explanatio
804 453 834 510 et
855 445 884 511 id
905 447 983 529 quod
1002 446 1189 529 explanatam
1209 449 1248 510 ita
1264 446 1409 529 ponentur

39 557 147 618 inciam
173 555 299 619 alterius
330 556 484 621 columnae
511 556 617 620 eodem
643 573 722 619 nexu
750 574 815 617 cum
843 557 942 637 priore
967 555 1145 637 devincitur,
1175 564 1205 619 et
1224 557 1351 618 nominis
1372 572 1409 618 eo

40 664 153 727 contenti
173 664 419 745 explicationem,
443 667 731 747 declarationemque
756 666 928 747 praesefert.
972 666 1004 727 ΙΙ.
1023 664 1089 727 Non
1114 664 1190 728 aliud
1211 656 1409 727 Abrahamum

35 773 102 834 inter
121 779 207 855 atque
229 772 351 837 Petrum
372 794 513 859 apparere
535 775 705 855 discrimen,
733 793 820 856 quam
843 775 921 858 quod
941 774 1017 837 illius
1039 774 1165 857 dignitas
1184 778 1298 852 patric,
1324 770 1408 834 hoico

32 881 212 963 appellatione
239 891 352 962 petrae
380 885 569 968 significetur.
614 886 750 947 Ceterum
777 883 822 946 lli.
846 886 875 947 in
897 903 934 947 eo
955 892 1110 965 utrumque
1132 883 1308 960 convenire,
1330 880 1408 963 quod

33 993 109 1054 sicuti
128 992 346 1056 benedictionis
368 993 504 1058 Abrahae
526 994 545 1055 ii
565 991 659 1055 solum
682 1000 836 1056 consortes
857 1013 925 1057 esse
946 1001 1083 1076 possunt,
1110 995 1158 1074 qui
1176 991 1213 1056 ad
1233 1010 1309 1071 cunr,
1334 997 1406 1053 tam·

31 1119 109 1181 quam
129 1102 164 1164 ad
186 1112 347 1187 parentem
367 1110 516 1184 spectant,
546 1121 581 1165 ac
602 1122 641 1165 cx
662 1120 715 1181 eo,
739 1097 819 1166 κατιὶ
840 1106 981 1185 πνεῦμα,
1011 1102 1226 1185 quodammodo
1248 1119 1407 1182 procrean-

30 1217 83 1291 tur,
105 1213 142 1275 ita
163 1229 224 1274 non
247 1212 298 1275 alii
321 1218 351 1275 in
368 1220 482 1295 partem
501 1212 619 1274 veniant
640 1203 821 1274 constantiae
844 1219 873 1275 et
889 1213 1052 1276 stabilitatis
1072 1212 1158 1275 Petro
1180 1210 1314 1273 divinitus
1335 1228 1406 1273 con·

30 1338 138 1401 cessae,
165 1322 221 1386 nisi
254 1322 489 1404 quiarctissime
520 1322 616 1384 eidem
637 1320 865 1399 adhaerescunt,
896 1328 926 1383 et
946 1321 1059 1403 quidvis
1080 1324 1176 1404 potius
1197 1319 1276 1385 terre
1299 1330 1405 1401 amant,

30 1450 105 1512 quam
124 1430 160 1494 ab
183 1450 222 1494 eo
242 1432 363 1514 seiungi
385 1451 420 1495 ac
443 1431 549 1495 divelli.
594 1431 690 1505 Quare
712 1429 758 1492 lv.
780 1429 949 1510 verborum,
971 1450 1046 1512 quae
1066 1430 1104 1493 ad
1122 1430 1238 1494 Petrum
1260 1433 1407 1512 pertinent

31 1541 250 1604 commentarius
277 1540 371 1603 nullus
391 1543 448 1604 isto
468 1530 651 1604 commodior
672 1538 770 1603 ademi
791 1548 902 1622 potest:
946 1539 1001 1620 „Et
1021 1558 1080 1622 ego
1102 1540 1167 1603 dico
1189 1538 1253 1619 tibi,
1277 1541 1355 1621 quod
1367 1548 1405 1605 tu

32 1668 61 1710 es
78 1649 193 1731 Petrus,
216 1668 255 1713 ac
282 1657 397 1732 petram
417 1658 573 1733 propterea
595 1650 741 1713 ecclesiae
764 1669 849 1714 meae
870 1659 900 1714 te
923 1650 1125 1712 constituam.“

125 1798 173 1856 st.
218 1793 284 1859 Scd
304 1794 463 1859 institutum
480 1766 744 1888 aupaitpltopaia,
768 1805 798 1860 et
818 1797 918 1879 paucis
937 1795 1159 1878 interpellatum,
1181 1812 1401 1879 persequamur.

37 1902 115 1973 Ouum
134 1903 241 1975 collata
264 1902 434 1967 Abrabamo
456 1906 581 1989 dignitas
602 1906 668 1969 talis
689 1905 774 1988 toret,
793 1925 869 1988 quae
889 1906 969 1970 illum
991 1904 1028 1967 ad
1050 1905 1229 1988 singularem
1250 1905 1404 1988 quamdam

37 2028 91 2074 cnm
110 2010 167 2077 Deo
188 2013 351 2078 amicitiam
367 2013 517 2095 eveheret,
540 2023 570 2079 et
591 2018 739 2079 consortio
761 2016 877 2081 divinae
891 2016 1069 2099 paternitatis
1085 2018 1113 2049 ⁴⁸
1136 2015 1298 2094 doctorem,
1320 2034 1405 2097 prae-

34 2128 228 2205 ceptoremque
257 2124 434 2206 posteritatis
461 2123 612 2207 efficeret3
639 2133 795 2208 propterca
822 2126 864 2190 illi
885 2128 935 2201 uni
954 2145 1026 2207 prae
1048 2125 1169 2207 reliquis
1191 2125 1312 2191 consilia
1332 2145 1404 2192 auae

35 2230 172 2297 voluntatis
199 2252 238 2298 ea
268 2234 384 2314 aperire
405 2242 504 2298 menta
525 2236 677 2298 consuerit
700 2233 779 2299 Deus
795 2238 834 2317 ⁴⁹,
864 2244 894 2300 ut
917 2254 971 2318 per
991 2236 1084 2318 ipsum
1106 2237 1136 2299 ia
1156 2237 1285 2300 notitiam
1305 2245 1402 2320 poste-

33 2339 109 2407 ritatis
140 2345 302 2411 universae
334 2342 558 2411 adducerentur.
601 2340 645 2409 Et
676 2344 758 2409 dicit
789 2345 961 2410 Dominam.-
991 2345 1141 2425 nmquid
1168 2345 1270 2409 celare
1297 2356 1403 2428 potero

35 2446 196 2530 Abrabam,
224 2452 308 2532 quod
327 2472 384 2536 eqo
396 2452 549 2536 facturus
568 2456 665 2517 aum?
686 2461 758 2534 quio
775 2462 854 2530 acio,
884 2461 1026 2533 quoniam
1042 2463 1209 2535 praecipiet
1223 2456 1304 2540 filiis
1324 2467 1400 2537 ruta,

35 2566 58 2618 rt
81 2560 177 2623 domm
205 2584 289 2626 suae
311 2572 382 2644 port
407 2588 455 2642 ac,
483 2573 519 2627 ut
547 2564 722 2627 custodiant
749 2571 830 2627 ciam
852 2563 985 2628 Domini.
1028 2565 1116 2629 Modo
1138 2566 1224 2648 plano
1246 2567 1400 2649 simillimo,

36 2673 256 2751 quamprimum
283 2672 373 2735 voluit
399 2672 495 2755 Deus,
523 2682 555 2737 ut
576 2674 723 2757 euangelii
745 2674 854 2738 lumine
876 2675 956 2757 ipsae
978 2694 1095 2757 quoque
1117 2684 1223 2758 gentes
1245 2676 1401 2761 pertunde-

35 2784 137 2859 rentor,
162 2780 192 2843 ld
224 2783 332 2845 eximia
360 2783 541 2848 revelatione
555 2787 583 2819 ³⁰
614 2787 664 2847 uni
695 2784 780 2847 Petro
811 2784 1018 2847 manifestavit:
1053 2789 1200 2849 ἐπέπεσεν
1229 2787 1279 2850 ἐπ’
1305 2786 1402 2853 αὐτὸν

38 2883 179 2969 (Πέτρον)
204 2892 366 2968 ἔκστασις.
390 2896 481 2957 τοῦτο
504 2892 539 2957 δὲ
559 2898 679 2975 ἐγένετο
700 2892 749 2956 dni
771 2891 845 2973 τρὶς.
889 2892 1089 2958 Praehnbendi
1111 2902 1208 2958 autem
1230 2895 1306 2961 Petri
1325 2897 1402 2962 haec

38 2989 88 3056 beo
107 2996 193 3062 adfuit
215 3019 330 3083 caussa,
356 3003 435 3085 quod
456 3004 654 3082 decreuisset,
675 3010 706 3065 ut
724 3021 777 3084 per
792 3020 859 3064 eum
875 3004 976 3082 caleri,
998 3021 1033 3065 ac
1051 3004 1105 3084 ipsi
1125 3005 1211 3066 eliam
1234 3005 1358 3087 apostoli
1370 3009 1396 3042 ⁸¹

37 3102 226 3188 edocerentur,
249 3110 405 3194 eductique
428 3111 677 3176 confirmarentur.
716 3103 849 3192 ’Ἄνδρες
868 3108 1017 3196 ἀδελφοί,
1039 3109 1129 3193 ὑμεῖς
1150 3112 1401 3188 interstellato

36 3209 84 3297 ἀφ’
101 3213 223 3298 ἡμερῶν
242 3217 389 3299 ἀρχαίων
410 3221 428 3283 ὁ
450 3220 528 3296 θεὸς
549 3227 583 3285 ἐν
603 3219 679 3304 ἡμῖν
692 3218 848 3297 ἐξελέξατο
864 3214 917 3284 dcci
939 3223 996 3284 τοῦ
1011 3223 1161 3303 στόματός
1180 3243 1244 3304 μου
1266 3219 1401 3287 cixorioou

36 3319 67 3383 ttt'
86 3325 160 3406 litem
181 3328 238 3392 τὸν
257 3328 354 3410 λόγον
374 3332 431 3392 τοῦ
451 3328 652 3412 εὐαγγελίου,
669 3332 723 3395 καὶ
745 3332 912 3392 πιστεῦσαι.
933 3365 975 3378 -
1019 3327 1087 3393 Καὶ
1110 3329 1149 3394 σύ
1174 3353 1248 3396 ποτε
1267 3337 1401 3415 ἐπιστρέ-

38 3446 107 3513 ψας,
125 3436 267 3520 στήριξον
287 3431 362 3513 τούς
383 3437 546 3526 ἀδελφούς
566 3458 634 3505 σου.

128 3572 198 3637 lllud
220 3573 347 3655 denique
371 3576 447 3638 inter
467 3586 621 3657 utrumque
644 3579 796 3659 conuenit,
819 3577 896 3659 quod
917 3580 1001 3641 sicuti
1022 3576 1101 3641 Deus
1123 3577 1336 3662 Abrahamum,
1363 3583 1400 3644 ita

39 3675 150 3743 (bratus
169 3681 288 3746 Petrum
308 3682 426 3747 boatum
448 3688 637 3767 nuncupavit:
660 3704 757 3768 neque
779 3688 873 3768 ruagis
895 3685 1093 3749 Abrahamum
1115 3686 1214 3771 Deus,
1237 3708 1323 3772 quarn
1345 3691 1399 3755 Pc-

41 3790 100 3851 tttun
119 3790 245 3856 Christus
267 3793 413 3876 originem
435 3813 470 3856 ac
489 3793 599 3858 iontem
621 3796 850 3877 benedictionis,
880 3796 1080 3879 lenitatisque
1102 3805 1269 3865 ceterorum
1291 3804 1399 3867 consti·

41 3898 118 3959 tuerit.
159 3900 335 3965 testimonia
363 3910 430 3965 sunt
450 3905 569 3966 omnino
591 3908 761 3989 perspicua,
793 3914 852 3968 tum
871 3905 947 3969 haec
962 3911 990 3941 ⁵²
1015 3906 1052 3969 de
1073 3908 1257 3973 noniano:
1302 3906 1398 3973 Bene-

41 3998 122 4067 dcam
141 4007 200 4086 tibi,
224 4019 253 4072 et
271 4010 476 4097 maprtlficabo
493 4034 602 4077 uomere
623 4022 712 4079 tuum
733 4021 840 4125 ,Ἱέᾙῃ
861 4024 950 4114 mn]
970 4025 998 4079 et
1021 4025 1088 4080 cato
1109 4014 1272 4082 benedictio
1278 4044 1289 4095 ;
1310 4036 1398 4100 quum

44 4262 176 4318 aenariam
203 4266 242 4320 rei
270 4271 345 4321 antea
372 4272 464 4337 gestae
484 4270 684 4342 propagandam
792 4268 841 4341 fl)
875 4268 1062 4337 Patemitatem
1092 4273 1211 4347 intelligo
1245 4265 1398 4342 οὖσιώδως,

46 4359 132 4420 ulaine
150 4369 289 4447 imposita3
318 4388 403 4444 oeque
429 4366 563 4442 deaurari,
591 4380 684 4448 utpote
733 4390 786 4431 noo
817 4366 1008 4443 inocaormoie
1039 4385 1195 4454 acceptam,
1232 4388 1259 4436 et
1289 4386 1399 4454 propter

45 4478 98 4532 itta
121 4486 169 4529 non
194 4492 225 4531 ea
252 4477 413 4550 celarentur,
445 4485 473 4535 ut
500 4487 681 4537 ornamentum
732 4498 809 4553 quarn
838 4496 959 4538 oramus:
993 4483 1075 4541 Pater
1101 4493 1209 4557 norim,
1239 4488 1286 4561 qai
1312 4504 1341 4544 er
1366 4490 1397 4543 r‘rt

47 4566 210 4654 bubonem,
231 4597 284 4655 qao
303 4585 354 4639 iara
376 4591 486 4658 uterque
507 4587 619 4658 insignia
640 4588 682 4644 io·
732 4587 825 4644 coctis.

47 4680 90 4751 [ἃς
105 4683 146 4739 tcd
157 4688 263 4744 omuino
283 4683 451 4766 npoqqaraoi,
472 4698 501 4749 at
514 4708 581 4765 quac
595 4693 683 4763 digai-
795 4693 841 4765 ⁸⁹)
861 4694 925 4749 Gen.
948 4694 1042 4750 XVlll.
1066 4693 1144 4751 lt-
1156 4695 1201 4751 19.

49 4782 113 4839 iiten
129 4789 291 4867 adambrcnt,
316 4795 350 4852 ad
371 4813 449 4870 quam
470 4799 604 4870 utriusque
625 4799 681 4854 toc-
796 4800 838 4873 ³⁰)
858 4799 920 4854 Act.
941 4799 975 4855 x.
999 4798 1140 4857 lo-lo.

50 4880 104 4942 ierit
125 4883 247 4972 ἆρχοηις
271 4900 329 4972 ipsa
361 4904 477 4958 nominis
508 4906 681 4976 impositione
795 4905 840 4978 ⁵¹)
860 4905 921 4960 Act.
943 4904 1001 4960 XV.
1024 4906 1051 4958 7.
1071 4903 1132 4959 coli.
1153 4905 1214 4961 Luc.
1229 4905 1310 4962 xxlt.
1325 4908 1372 4962 32.

53 4984 151 5054 lirinum
172 4999 373 5067 dmtbabantnr.
796 5008 841 5082 ⁶²)
863 5007 927 5064 aaa
947 5007 1005 5063 llll.
1025 5007 1052 5065 2.
