3358 5400
559 761 989 857 tlltllll.

400 954 450 1019 De
476 953 650 1021 &masobia
675 977 768 1037 quam
789 953 914 1020 Paulas
941 956 1085 1021 desartbs't
1106 955 1135 1021 1.
1155 955 1225 1022 Cor.
1250 954 1334 1020 XII.
1354 961 1407 1022 28.
1430 966 1460 1026 st

296 1061 407 1144 dlobes.
422 1062 484 1130 IV.
501 1070 561 1129 11:
579 1090 622 1116 ³-
645 1088 682 1131 sa
701 1065 872 1132 abutantur
885 1072 1091 1147 protestantes
1111 1073 1146 1129 nt
1165 1087 1182 1128 o
1198 1071 1335 1150 principe
1356 1081 1459 1136 assato-

292 1180 396 1238 rttatis
419 1177 523 1262 prado
548 1175 679 1242 Petrum
708 1178 865 1241 deliciante
893 1214 934 1224 —
959 1196 1051 1256 qtsanr
1073 1186 1284 1258 praepostere,
1310 1202 1460 1263 quamque

293 1285 328 1349 id
349 1285 516 1370 infeliciter
544 1287 742 1352 contenderet:
762 1325 804 1336 —
825 1284 939 1351 obtecta
960 1284 1134 1372 difficultas
1162 1293 1194 1351 s‘n
1219 1310 1293 1354 snos
1318 1300 1459 1357 auctores

295 1384 498 1460 consortitur:
521 1436 563 1448 —
590 1398 661 1462 inde
685 1405 838 1479 primatus
870 1396 1059 1475 adstruitur,
1091 1398 1174 1461 unde
1206 1396 1345 1463 snbvertt
1371 1399 1459 1465 illuns

292 1527 385 1587 posse
410 1515 616 1587 protestantes
644 1515 851 1572 censuerant:
876 1544 913 1556 -
934 1529 1013 1589 quae
1041 1514 1108 1570 etos
1135 1514 1178 1570 stt
1201 1515 1298 1587 ratio,
1322 1517 1458 1590 persttios

292 1616 518 1695 consideratur,
546 1626 638 1698 atque
663 1625 725 1681 sita
752 1624 784 1681 tn
804 1640 840 1682 eo
859 1639 928 1680 esse
946 1619 1130 1695 astendttnr,
1158 1626 1194 1682 at
1209 1639 1266 1699 per
1282 1640 1459 1700 snprensnrn

294 1734 428 1791 mnium
454 1737 545 1808 rapot
563 1737 778 1810 pastoremque
802 1729 846 1792 ad
865 1734 1014 1794 unitatem
1033 1735 1191 1809 conspicui
1211 1736 1346 1809 corporis
1367 1728 1458 1794 eaete-

292 1844 342 1902 sio
361 1846 526 1901 revocetur.

130 2158 133 2163 .
183 2103 257 2163 319.
291 2041 352 2162 Ne
378 2099 444 2181 quis
465 2104 596 2163 nostnrm
622 2099 740 2180 erodat,
767 2099 844 2164 Petri
864 2102 1018 2183 primatum
1039 2099 1212 2164 testimoniis
1233 2097 1454 2181 sullmgioque¹

76 2210 154 2274 Pauli
177 2208 374 2291 comprobari,
396 2227 434 2272 eo
450 2216 645 2291 protestantes
664 2218 839 2292 argrrmontn
861 2219 1001 2294 pugnant,
1025 2210 1105 2293 quod
1123 2217 1153 2274 ot
1168 2209 1283 2292 plurimi
1304 2227 1338 2272 se
1359 2208 1457 2273 lacere
1558 2246 1563 2261 ·

77 2320 245 2400 declarant,
274 2326 304 2382 et
331 2318 482 2383 catholicis
505 2319 743 2383 molestissimum
771 2339 838 2385 esse
865 2320 1048 2384 arbitrantur.
1091 2319 1161 2383 lnde
1183 2326 1279 2382 numm
1300 2319 1371 2382 illud
1390 2338 1458 2403 pro·

77 2437 175 2510 munt,
200 2428 279 2511 qnod
299 2427 402 2492 Paulus
423 2428 531 2491 nullom
552 2430 693 2510 primatus
715 2432 893 2494 montionem
915 2431 1049 2495 iniecerit
1070 2432 1132 2494 sive
1153 2431 1184 2492 in
1203 2429 1377 2494 duodecimo
1398 2433 1458 2513 pri-

3 2582 4 2641 ἶ
79 2542 139 2605 oris
161 2539 305 2623 epistolae
328 2538 366 2601 od
387 2537 573 2602 corimbios²
602 2541 712 2622 capite,
741 2541 803 2603 sive
825 2542 968 2623 incapite
992 2547 1094 2622 quarto
1116 2540 1298 2603 litterarum³
1327 2559 1400 2623 quas
1421 2541 1458 2604 sd

2 2656 4 2669 '
77 2649 223 2733 Ephesios
244 2648 333 2712 dedit
376 2647 529 2712 iniecisset
549 2656 645 2713 sutem
667 2648 754 2713 dubio
777 2650 889 2733 procul,
912 2652 937 2714 si
958 2652 988 2713 in
1008 2668 1044 2713 eo
1065 2649 1169 2714 suisset
1189 2651 1349 2731 sententis,
1371 2669 1457 2733 quum

78 2778 133 2824 nos
160 2758 347 2843 profitentu,
376 2777 411 2821 so
437 2756 513 2821 Petri
540 2761 694 2840 primatum
715 2760 904 2841 credidisset3
933 2777 1021 2841 quum
1041 2766 1167 2842 utroque
1186 2760 1217 2822 in
1237 2759 1304 2823 looo
1326 2778 1456 2839 munera,

77 2870 204 2953 padus,
232 2870 294 2931 iuss
318 2868 415 2930 omnis
436 2867 660 2950 dibgentissime
681 2872 880 2951 recensuerit,
909 2868 1013 2951 quibus
1034 2868 1165 2932 Christus
1185 2869 1288 2949 initiis,
1316 2887 1456 2952 progres-

2 2990 3 2997 ’
76 2980 222 3059 monibus,
259 2978 474 3042 conservationi
501 2996 537 3041 ao
563 2978 670 3045 tutelae
701 2982 847 3046 ecclesiae
875 3000 947 3045 sune
977 2979 1074 3042 divim
1103 2994 1223 3060 prorsus
1251 2977 1457 3042 benevolentis

77 3090 234 3156 consuluit
302 3162 306 3168 ,

183 3197 296 3282 Dignus
324 3205 370 3263 est
390 3198 564 3263 Fsunoisous
585 3200 780 3281 Timettinus,
808 3201 858 3282 qui
880 3216 1065 3263 communem
1087 3215 1229 3280 perorsos
1250 3215 1384 3263 cannam
1406 3218 1456 3263 nu·

76 3310 180 3376 dietus.
224 3309 273 3376 sia
293 3309 405 3391 igitur‘
427 3308 492 3372 ille:
534 3308 586 3390 „st
609 3308 739 3373 Christus
760 3311 790 3372 in
812 3310 938 3373 ecclesis
960 3307 1148 3372 monnrobem
1169 3307 1295 3390 eliquem
1317 3316 1347 3371 et
1367 3326 1456 3372 oecu-

76 3421 225 3485 menicum
247 3419 414 3501 pontificem
436 3420 641 3501 constituisset,
663 3417 766 3483 Pnulus
787 3420 851 3483 eius
872 3420 1050 3482 mentionem
1072 3417 1199 3500 aliquem
1220 3418 1319 3482 lacere
1340 3418 1456 3483 debus-

76 3537 122 3593 set
142 3531 173 3593 in
193 3530 231 3593 iis
248 3529 338 3610 locis,
367 3527 416 3592 ubi
445 3529 564 3593 ordines
592 3537 622 3593 et
644 3548 763 3593 munem
785 3528 986 3593 ecclesiastico
1009 3547 1026 3592 e
1048 3528 1162 3592 Christo
1183 3530 1310 3594 instituta
1331 3539 1455 3612 onomat,

75 3641 143 3722 quin
163 3639 224 3701 boe
243 3639 397 3722 plurimum
418 3641 579 3704 intererat⁵
604 3640 761 3703 ecclesium
782 3639 909 3718 rescire,
932 3645 963 3700 ut
983 3638 1156 3720 obsequium
1177 3637 1218 3701 illi
1239 3656 1276 3702 eo
1294 3640 1456 3721 promptius

76 3748 249 3830 exhiberem
278 3748 348 3812 elias
369 3750 395 3812 si
415 3748 473 3813 boo
493 3751 673 3829 reticuisset,
703 3749 751 3812 vel
779 3749 837 3812 boc
859 3748 965 3812 lactum
986 3747 1152 3812 mulereo
1172 3754 1361 3832 tqnorantr‘a,
1389 3750 1457 3831 quia

77 3858 136 3923 boc
159 3858 319 3940 nesciebat,
340 3860 418 3942 quod
439 3862 504 3942 quis
525 3859 631 3924 dixerit
651 3860 688 3923 de
708 3859 848 3942 apostolis
870 3854 1123 3933 θεοπνεύστοιςὶ)
1143 3858 1190 3922 vel
1210 3879 1253 3920 ea
1273 3857 1456 3944 neqttqentta

77 3976 126 4032 ant
155 3966 318 4046 malttw,
356 3969 433 4051 quod
466 3970 601 4034 noluerit
655 3969 714 4034 Sed
743 3969 802 4032 boo
829 3975 909 4033 esset
935 3966 1029 4031 molae
1059 3967 1149 4031 iidei'
1180 3987 1247 4031 eum
1273 3970 1411 4051 argrrere'
1427 3977 1457 4033 et

140 4180 166 4256 Ι)
186 4198 231 4239 un.
252 4181 320 4239 269.
341 4198 416 4257 seqq.
851 4181 880 4257 ⁶)
906 4181 957 4239 Vel
984 4180 1047 4243 ideo
1074 4181 1176 4237 ambos
1202 4182 1329 4255 primosus
1356 4182 1456 4240 mentio

138 4286 167 4362 ²)
186 4286 207 4342 l
228 4286 291 4343 cor.
311 4286 369 4343 llll.
390 4287 438 4345 28.
792 4291 893 4345 censeri
911 4293 1013 4362 posset,
1034 4287 1106 4362 qood
1126 4287 1155 4362 s)
1176 4293 1249 4345 esset
1261 4289 1454 4366 vulgatissimo,

137 4393 166 4468 ³)
185 4392 284 4467 llplres.
305 4393 351 4450 lli.
374 4392 421 4450 tt.
791 4394 861 4468 quod
887 4394 919 4469 b)
941 4394 974 4450 sd
995 4393 1067 4450 Perdi
1086 4385 1192 4451 σκοπόν
1210 4409 1265 4451 non
1284 4394 1454 4470 conduceret,

137 4499 166 4579 f)
187 4498 304 4558 basino
315 4500 445 4574 theolog.
459 4500 522 4559 boo.
530 4500 625 4558 xvllt.
636 4518 661 4575 q.
670 4501 740 4558 xvl
791 4507 818 4557 et
837 4499 909 4573 qood
931 4499 960 4574 o)
982 4515 1041 4555 eom
1062 4500 1126 4557 olibi
1144 4515 1198 4558 nen
1212 4501 1326 4558 obscure
1346 4508 1457 4576 sposto-

98 4600 172 4661 ‚ut
792 4606 834 4664 lns
855 4605 1041 4679 expressisset.

137 4708 166 4785 ⁸)
192 4710 248 4768 ees
273 4710 373 4768 rescire
400 4711 427 4769 id
454 4712 568 4769 ecclesis
594 4712 683 4788 potnit
709 4730 744 4769 ex
852 4711 881 4786 ⁷)
902 4711 987 4780 Quom
1008 4710 1204 4767 consutionem
1222 4727 1238 4767 a
1256 4727 1287 4768 se
1301 4713 1394 4769 Psulns
1408 4713 1455 4770 ab·

77 4815 280 4889 ssanoliornm
300 4818 473 4894 testimoniis,
493 4836 528 4876 ex
546 4819 658 4877 notibus
681 4835 745 4894 apo·
793 4819 862 4875 unde
882 4818 993 4891 repulit,
1021 4833 1100 4889 quom
1121 4832 1202 4891 opere
1222 4819 1297 4893 ipso,
1325 4820 1455 4892 tectisque

76 4920 191 4996 stolicis,
210 4938 244 4977 so
260 4921 425 4997 interpellste
446 4942 585 4998 numquam
606 4927 743 4983 christiani
792 4925 931 4981 luculentis
963 4924 990 4980 in
1020 4924 1133 4998 epistole
1166 4925 1199 4980 sd
1227 4924 1332 4981 Gnosso
1362 4923 1454 4987 relatis

77 5026 194 5086 nominis
212 5026 368 5087 munem.
792 5030 865 5091 Petri
883 5031 1027 5109 primatum
1045 5031 1178 5089 severitas
1199 5034 1250 5087 est

1676 964 1677 989 l

1675 992 1677 1033 l

1676 1038 1677 1067 l
