3324 5382
184 236 248 303 548
673 234 812 303 ultimi
844 236 1080 306 §amusos

183 407 346 490 implendas
368 425 437 472 esse
459 406 612 471 visibiliter
630 414 747 489 partes,
780 413 854 491 quas
875 426 936 490 ego
958 407 1088 472 mortalis
1109 406 1206 472 adbuc
1229 415 1260 472 et
1280 407 1401 473 visibilia
1424 426 1497 491 erga
1518 426 1572 473 eoa

184 504 320 599 impleri:
344 518 515 597 memineris
537 535 584 579 me
605 525 762 599 propterea
783 508 964 601 singularem
980 518 1022 580 tui
1040 524 1142 581 curam
1163 520 1306 600 gessisse,
1329 516 1410 600 quod
1428 518 1572 582 voluerim

184 634 216 689 ut
235 634 266 689 tu
287 628 362 690 mels
381 626 522 690 stabilitos
547 626 685 708 precibus
714 626 820 691 iratres
848 635 931 709 tuos,
968 626 1128 710 discipulos
1155 645 1254 709 meos,
1290 646 1435 711 meosqrm
1464 630 1575 693 amicos

185 735 364 799 stabilires.“
495 759 500 767 ·
683 740 685 745 ’

294 851 362 909 182.
407 845 472 919 Ouo
491 863 564 908 sane
585 864 691 907 rernm
712 864 791 909 nexu
812 846 909 909 nubas
931 845 1111 924 evidentior,
1145 842 1243 909 nubas
1264 845 1427 911 desiderari
1447 848 1576 911 intimior
1644 890 1645 957 t

184 962 289 1037 potest.
334 955 428 1029 Ouum
452 957 543 1038 igitur
561 962 594 1018 at
614 954 692 1018 illud·
705 963 836 1035 mustei,
857 952 976 1018 moute
995 973 1114 1038 quoque
1135 977 1222 1019 neno
1242 975 1309 1020 curn
1330 957 1578 1039 praecedentibus

184 1066 396 1146 consequentia
417 1066 536 1148 vinciri3
559 1072 664 1147 sponte
685 1083 738 1128 sua
759 1065 836 1145 linit,
858 1083 894 1128 oa
916 1063 1030 1145 depilet
1049 1064 1139 1135 nmio
1159 1083 1247 1146 mum
1268 1062 1396 1142 corbali,
1415 1073 1478 1129 tum
1498 1064 1578 1129 sealt
1644 1122 1645 1125 ,

184 1173 240 1237 sibi
262 1182 361 1238 mutuo
382 1174 556 1238 cohaerere.
599 1175 662 1237 iias
688 1182 785 1237 autem
814 1175 938 1255 partium
968 1175 1132 1239 armlssima
1159 1176 1367 1238 coniunctione
1394 1174 1575 1238 ostenditur:

184 1283 205 1345 i.
233 1283 348 1347 Petrum
374 1303 443 1348 esse
465 1286 516 1367 qni
544 1282 683 1364 μείζων,
720 1284 828 1367 quique
863 1282 976 1347 brimus
1004 1281 1180 1368 ἡγούμενος
1207 1284 1399 1367 praedicitur:
1435 1284 1470 1349 lt.
1500 1283 1577 1347 illins

135 1458 141 1471 ,
185 1389 340 1472 ἐξουσίαν,
363 1393 604 1476 singularemque
625 1393 797 1476 dignitatem
818 1393 917 1458 elierrl
937 1392 1046 1472 verbis,
1069 1374 1485 1478 mesopotamosque
1499 1411 1577 1457 ooo:

184 1511 273 1585 atque
294 1502 371 1566 adeo
391 1502 437 1566 iii.
451 1504 569 1567 Petrum
588 1521 668 1583 esse,
690 1504 737 1564 cui
751 1500 882 1567 Cbristau
904 1502 1050 1566 tisibilem
1071 1501 1168 1565 deleri
1185 1501 1357 1582 stabilitatis,
1378 1505 1578 1566 constantiae·

187 1632 246 1696 que
266 1612 402 1691 numiam,
423 1630 572 1695 quemque
595 1618 728 1677 centrum
748 1611 881 1693 roboris,
903 1609 1096 1693 efficiensque
1118 1618 1236 1675 mutuae
1257 1608 1422 1688 societatis,
1444 1614 1578 1676 muana

188 1740 247 1804 que
268 1723 442 1804 principium
464 1724 621 1786 constituit
1644 1754 1645 1795 ι

293 1832 423 1914 Quisque
441 1849 532 1913 porro
554 1832 648 1896 cernit
667 1849 755 1914 qmm
776 1832 835 1894 sint
848 1832 903 1893 ista
917 1830 1078 1912 praeclara,
1104 1837 1134 1892 ut
1147 1830 1225 1894 Petri
1238 1839 1476 1914 praerogativae,
1496 1833 1580 1896 eins·

185 1960 243 2024 que
271 1943 412 2023 primatus
442 1941 678 2023 comprobentur.
726 1939 773 2003 Ac
800 1941 941 2021 primatus
965 1958 1038 2003 sano
1067 1939 1274 2021 complebatur
1307 1940 1328 2003 l
1350 1942 1473 2023 potioris
1493 1943 1579 2021 imis,

188 2053 443 2134 auctoritatisque,
480 2069 539 2134 quo
560 2069 631 2133 prae
659 2050 798 2133 apostolia
825 2049 948 2131 reliquia
968 2049 1072 2115 Petrus
1101 2057 1162 2126 est,
1202 2050 1365 2132 diciturque
1385 2048 1505 2130 μείζων
1527 2052 1581 2115 xci

189 2160 380 2244 ἠγούμενοςε
400 2162 540 2244 primatus
560 2161 593 2224 ii.
616 2177 654 2223 eo
674 2161 826 2242 pertinens
844 2178 883 2223 ne
904 2158 1041 2241 dissipata
1056 2159 1351 2224 ecclesiaemembra
1365 2159 1580 2241 periclitentur,

188 2271 243 2334 sed
263 2277 294 2333 ut
314 2272 411 2334 iuncta
432 2269 626 2353 copulataque
647 2270 778 2332 nocane
799 2287 834 2332 ac
852 2269 993 2350 primatus
1014 2268 1059 2331 ill.
1083 2270 1166 2333 cuius
1180 2267 1362 2333 nobilissima
1376 2267 1486 2332 bnetio
1501 2268 1581 2333 baec

188 2386 243 2458 est,
265 2386 297 2441 ιιι
318 2387 469 2443 tentatam
482 2376 629 2462 fratrum
645 2376 742 2459 fidem
763 2384 880 2441 tueatur
901 2386 989 2459 atque
1011 2377 1172 2442 confirmet

295 2488 393 2562 Quare
414 2489 478 2551 iure
499 2506 554 2551 auo
579 2486 735 2550 orthodoxi
757 2495 856 2569 patres
877 2486 957 2549 nulio
978 2488 1133 2571 insigniori
1154 2488 1236 2552 titulo
1256 2489 1410 2570 primatum
1423 2488 1505 2551 Petri
1528 2508 1581 2553 ex-

188 2600 286 2661 ornari
307 2615 397 2679 posse
409 2603 437 2634 ⁶²
461 2605 654 2679 censuerunt,
678 2616 764 2680 quam
784 2582 811 2661 si
832 2596 912 2660 illum
928 2594 1007 2679 fidet
1024 2604 1246 2679 principatum
1268 2605 1299 2661 et
1315 2604 1528 2678 principalem
1548 2605 1581 2660 in

188 2714 363 2787 episcopatu
378 2705 458 2789 fidei
478 2707 623 2773 dicerent:
644 2726 680 2770 ac
698 2709 765 2771 iure
786 2724 851 2787 suo,
875 2707 963 2770 etad
984 2724 1117 2773 nonnam
1138 2709 1253 2790 penitius
1269 2707 1415 2771 institutae
1428 2726 1446 2770 a
1461 2706 1582 2772 Christo

190 2819 383 2880 oeconomiae
404 2817 466 2880 Leo
489 2820 651 2899 maguus⁸³
675 2817 805 2898 scripsit:
842 2818 1014 2896 „Connexio
1040 2818 1130 2881 totius
1151 2819 1283 2900 corporis
1302 2835 1390 2880 uuam
1411 2818 1581 2898 sanitatem,

189 2945 277 2990 unam
297 2924 542 3009 pulchritudinem
562 2925 648 3008 iacit3
684 2925 815 2989 ethaeo
843 2926 962 3007 quidem
992 2928 1139 2989 connexio
1158 2928 1247 2991 ιοιίιιε
1269 2928 1403 3009 corporis
1421 2934 1581 2992 unammi-
1644 3002 1645 3007 ἵ

190 3044 284 3099 tatem
303 3038 434 3118 requirit,
456 3036 511 3099 sed
532 3037 689 3117 praecipue
707 3036 800 3118 exigit
820 3036 1014 3099 concordium
1034 3036 1237 3113 ammentum,
1259 3036 1364 3118 quibam
1378 3037 1435 3099 etsi
1448 3034 1582 3119 ‹liquitm
1644 3060 1645 3111 ι

190 3147 227 3209 sit
248 3153 423 3225 communie,
445 3151 568 3208 nonest
587 3152 687 3208 tomen
707 3145 781 3209 ordo
800 3144 965 3229 pomerolis,
985 3153 1130 3226 quartam
1150 3153 1181 3209 et
1201 3147 1278 3209 iuter
1298 3145 1486 3209 beatissimos
1508 3166 1583 3229 apo·

190 3254 282 3318 stolos
302 3263 335 3318 tn
358 3253 556 3318 mitudinis
573 3253 697 3318 bonoria
715 3254 768 3317 luit
782 3255 933 3334 quaedam
946 3255 1091 3319 diseretio
1102 3262 1272 3337 potestatis,
1295 3263 1325 3318 el
1338 3273 1429 3337 ιιιιιιιιι
1442 3265 1583 3322 mian
1644 3284 1645 3299 ι

188 3384 249 3443 por
270 3371 351 3428 esset
372 3364 487 3445 electio,
508 3372 564 3428 nul
585 3371 706 3428 tantum
724 3365 823 3428 datum
844 3373 898 3445 est,
917 3372 952 3427 nt
974 3371 1088 3429 ceteris
1107 3372 1357 3445 praemonere&

257 3602 302 3678 ⁵²)
326 3601 491 3658 Testimonle
512 3601 564 3657 buc
583 3601 732 3674 spectantia
751 3616 804 3657 non
818 3618 861 3657 re·
972 3601 1017 3677 ⁵³)
1038 3602 1124 3680 Epist.
1144 3602 1202 3660 xli.
1227 3602 1455 3663 attaminatum
1476 3608 1585 3667 thessa

193 3710 325 3783 petimus,
346 3715 438 3782 utpote
458 3724 526 3780 qnae
547 3707 611 3763 alibi
633 3707 793 3764 dederimus.
909 3707 990 3764 ionic.
1011 3724 1070 3782 cap.
1088 3708 1146 3766 xit.
