3266 5416
555 638 788 736 ualli
842 640 889 736 ll.

355 843 465 910 Potior
497 855 668 913 necessitas
695 851 900 930 expandendi,
929 849 1151 932 aditibendtnac
1171 850 1355 933 Scripturas
1378 861 1410 918 in

131 999 133 1002 ⁴
244 954 306 1021 ltoc
327 979 418 1037 paam
438 979 600 1039 versamus
622 954 900 1046 de'praeropotioia
921 958 1014 1025 Petri
1034 970 1257 1026 controversia:
1279 1003 1318 1014 -
1341 972 1408 1030 dus

247 1074 334 1151 oripo
347 1075 495 1147 operitur,
514 1077 544 1132 et
554 1078 718 1151 proposito,
742 1070 969 1152 enplanatopua
983 1071 1157 1135 coenans
1170 1080 1250 1136 inter
1264 1073 1409 1157 δόγματα

245 1200 326 1259 qnae
356 1199 421 1241 uno
454 1176 646 1257 Traditlone,
681 1202 817 1261 puaepne
841 1177 1022 1245 Traditione
1050 1181 1145 1245 simul
1173 1205 1210 1247 ac
1236 1181 1408 1265 Scripturts

244 1288 490 1369 comprobantur,
511 1288 637 1354 uberim
657 1290 853 1355 dlustratur:
873 1327 916 1338 -
936 1291 1106 1354 doctrinam
1128 1292 1165 1355 de
1183 1301 1407 1379 praeroqatiais
1448 1327 1456 1339 ·

244 1381 338 1462 Petri
363 1399 407 1462 ad
429 1397 561 1462 elimam
582 1407 734 1480 pertinere
759 1397 930 1482 δογμάτων
951 1399 1084 1463 classem
1104 1403 1290 1467 ostenditur:
1313 1444 1352 1454 -
1376 1412 1407 1470 et

242 1515 420 1572 necessitas
441 1508 617 1592 conserendi
636 1508 820 1592 Scripturas
842 1512 942 1575 denno
962 1510 1145 1575 mordeatur.

136 1765 164 1820 9.
196 1697 276 1820 Etsi
299 1776 376 1839 quae
397 1759 434 1821 de
456 1758 632 1821 necessitate
653 1758 840 1841 conterendi,
865 1759 1081 1842 adhibendique
1104 1756 1266 1843 Scripturas
1289 1769 1407 1827 anuce-

43 1867 112 1929 denti
137 1869 230 1950 capite
258 1867 391 1930 breviter
418 1866 621 1948 disseruimus,
650 1869 707 1931 siat
732 1871 897 1951 generatim
924 1871 1092 1951 verissima,
1120 1890 1217 1954 neque
1245 1871 1349 1935 adduci
1378 1875 1408 1936 in

43 1976 237 2040 dubitationem
260 1978 299 2040 ab
320 1979 356 2041 iis
377 1979 498 2060 possint,
521 1979 570 2058 qui
591 1977 724 2061 theologi
746 1998 849 2043 munus
868 1979 961 2061 probe
983 1982 1119 2043 noverint
1140 1984 1168 2063 ¹3
1197 1981 1287 2064 longe
1309 1990 1407 2046 tamen

45 2089 146 2151 veriora
165 2095 196 2150 et
218 2089 351 2151 sanctius
373 2086 562 2150 custodienda
584 2088 677 2152 videri
698 2088 816 2167 debent,
838 2091 864 2152 si
878 2089 914 2153 ad
927 2089 1013 2172 hanc,
1034 2109 1121 2173 quam
1140 2091 1177 2156 de
1193 2094 1406 2176 praerogatiris

44 2195 109 2259 Psoi
137 2199 282 2279 aptamus
312 2199 528 2279 quaestionem,
559 2200 677 2280 propius
704 2199 878 2263 reserantur.
926 2199 986 2265 Sed
1006 2220 1131 2283 quanm
1157 2203 1194 2266 de
1221 2220 1343 2285 caussa,
1377 2211 1407 2267 et

44 2306 134 2385 putus
163 2308 348 2388 potissimum
384 2306 528 2369 rationum
560 2310 716 2372 momentis
750 2308 826 2372 haec
859 2310 955 2391 potior
985 2313 1146 2376 necessitas
1177 2311 1339 2377 stabititml
1375 2320 1406 2377 ut

47 2418 222 2496 aequissimae
261 2418 484 2499 interrogationi
514 2418 727 2499 respondeam,
763 2419 1051 2484 animadvertendum
1084 2430 1171 2504 puto:
1205 2422 1349 2506 δόγματα
1375 2431 1405 2486 et
1528 2450 1533 2455 ·

47 2524 199 2590 thumiama
220 2526 414 2590 revelationis
435 2525 563 2608 decreta,
585 2528 611 2590 si
632 2547 698 2591 cum
718 2528 872 2610 praesidiis
894 2539 1112 2613 comparentur,
1134 2551 1258 2614 quorum
1279 2535 1404 2597 auctori·

49 2642 96 2697 tate
121 2636 371 2717 demonstrantur,
403 2654 461 2700 noa
488 2655 557 2700 esse
586 2638 768 2719 uniusmodi,
800 2639 853 2702 sed
885 2641 914 2702 in
947 2639 1052 2721 duplici
1085 2638 1247 2706 differentia
1282 2645 1404 2707 versari.

52 2743 127 2816 Ouum
144 2750 218 2811 emm
240 2746 384 2811 nonnulla
406 2766 444 2809 ex
466 2748 501 2809 iis
523 2748 588 2828 sint,
610 2766 685 2830 quae
707 2747 769 2810 sola
791 2746 886 2811 divim
909 2749 1091 2831 inditione,
1114 2771 1209 2834 eaque
1229 2754 1403 2835 συστατικῇ,

57 2857 256 2935 nunciantur
276 2859 308 2939 ²3
339 2856 413 2936 alia,
440 2870 534 2937 eaque
560 2855 648 2918 multo
668 2856 752 2938 plura
771 2858 962 2921 instrumento
982 2878 1042 2923 non
1064 2863 1158 2924 minus
1181 2862 1403 2943 Scripturarum,

58 2979 126 3042 mam
147 2967 286 3050 miragio
317 2964 506 3045 Traditioois,
534 2983 609 3046 quae
635 2973 793 3046 propterea
822 2962 982 3049 όξηγιμικό
1011 2971 1064 3034 καὶ
1091 2968 1289 3054 ipponensi}
1316 2970 1402 3051 audit,

52 3083 202 3140 stsemnmn
258 3075 414 3156 Exempla,
448 3075 551 3157 quibus
578 3074 616 3138 ad
642 3075 834 3138 obscuritates
863 3076 1051 3157 depellendas
1080 3079 1150 3141 nihil
1176 3078 1402 3159 accomodatius,

20 3216 22 3275 3
52 3188 200 3271 senentiam
219 3186 325 3270 paucis
347 3184 588 3267 comprehensum
610 3185 798 3248 illustrabunt.

139 3301 182 3358 tlt.
215 3297 320 3378 ltaque
342 3295 386 3358 sss
408 3296 477 3358 mihi
497 3296 534 3358 sit
551 3296 726 3376 percontari,
748 3294 911 3358 cuiusmodi
930 3295 967 3359 ad
982 3297 1127 3379 praesidia
1148 3298 1403 3363 demonstrationis

49 3401 123 3466 relata
147 3407 264 3470 censeri
291 3403 436 3488 δόγματα
464 3403 609 3483 debeant,
646 3403 749 3485 quibus
779 3405 827 3467 vel
858 3406 1046 3470 indubitatum
1076 3406 1222 3470 credimus
1249 3408 1403 3472 bibliorum

51 3528 172 3578 monem
191 3536 209 3578 a
230 3515 394 3578 tridentinis
416 3513 543 3596 patribus
562 3514 717 3594 sancitum,
739 3514 787 3577 vel
807 3514 962 3597 Deiparam
983 3514 1211 3599 decrepitorum,
1235 3526 1345 3603 strata
1368 3538 1404 3582 ac

49 3620 127 3685 ralla
153 3631 335 3689 sacramenta
361 3622 543 3705 profitemur,
571 3642 645 3704 quac
673 3642 767 3706 penes
787 3625 953 3690 haereticas
974 3626 1129 3708 sactiones,
1161 3636 1276 3691 servata
1298 3622 1403 3692 Christi

50 3727 215 3817 institutione,
230 3728 490 3799 administrantur?
512 3732 599 3795 dubio
612 3734 715 3815 procul
730 3735 766 3798 ad
779 3737 908 3817 priorem
921 3756 960 3800 ex
970 3737 1005 3799 iis
1015 3736 1157 3801 classibus
1173 3738 1397 3819 revocabuntur,

99 3917 122 3993 ¹)
150 3920 280 3993 theologi
311 3923 381 3978 euim
412 3939 476 3996 prae
503 3920 600 3977 ceteris
623 3921 691 3978 haec
800 3922 828 3997 ²)
861 3922 926 3981 Cum
950 3925 1001 3981 hac
1018 3927 1163 3997 partitione
1184 3927 1299 3982 conteni
1319 3926 1402 3983 alters

51 4021 169 4083 sibidicts
182 4031 337 4086 existimare
353 4027 461 4102 debent,
482 4031 586 4101 quaein
597 4036 690 4104 quarta
740 4028 832 4104 dehet,
860 4047 912 4103 qua
938 4021 1080 4107 δόγματα,
1104 4035 1127 4088 si
1154 4032 1189 4089 ad
1208 4034 1264 4109 ipim
1284 4034 1401 4108 insitam,

51 4126 302 4211 Csteclsesissyrillus
322 4134 576 4205 hierosolymitanus
595 4137 689 4193 habet:
739 4137 942 4211 facultatemque
962 4140 1072 4194 rationis
1099 4139 1260 4211 referantur,
1287 4138 1403 4212 dispesci

46 4228 90 4289 Ast
107 4229 156 4313 peip
182 4239 241 4317 aspi
267 4234 323 4296 aaa
347 4239 433 4297 aaa
459 4239 505 4298 nai
530 4232 615 4317 ἁγίαν
641 4238 691 4316 τῆς
739 4244 776 4299 ita
803 4251 923 4317 possunt,
957 4251 986 4300 ut
1016 4244 1067 4300 alis
1098 4245 1152 4301 sint
1180 4234 1278 4311 ἁπλῶς
1301 4238 1402 4319 νοητά,

50 4337 149 4408 πίττωττ
175 4345 330 4422 μυστηρίων
360 4345 429 4422 μηδὲ
458 4339 490 4405 τό
516 4338 597 4424 τυχόν
626 4337 691 4405 cisso
740 4350 791 4404 alia
822 4340 920 4417 ἁπλοῖς
945 4340 1115 4427 όπτρτοητό,
1145 4356 1172 4405 et
1197 4352 1248 4407 alia
1274 4354 1403 4424 impervia

50 4438 94 4499 τῶν
113 4449 195 4507 dator
223 4452 436 4530 παραδίδοσθαι
461 4451 590 4531 γραφῶν,
623 4453 691 4530 μηδὲ
740 4456 845 4528 quidem
865 4459 1016 4530 prinsquam
1036 4457 1197 4531 munientur,
1222 4456 1271 4513 scd
1291 4459 1401 4515 omuino

52 4539 132 4619 ἅπλῶς
163 4551 343 4633 medardensi,
383 4560 429 4617 καὶ
474 4551 562 4634 λόγων
606 4578 691 4618 κατα·
739 4563 847 4636 pervia,
875 4564 899 4618 si
922 4562 1004 4618 semel
1025 4562 1192 4619 mauilcststa
1212 4564 1317 4619 tuerint.
1359 4564 1403 4621 Ad

20 4704 22 4717 .
54 4669 143 4728 σκευαῖς
161 4665 381 4742 napaptpmtiac
421 4668 497 4724 Plura
517 4666 612 4723 codem
633 4684 692 4739 per·
740 4668 808 4723 hauc
826 4670 946 4743 taniam,
972 4676 1186 4743 postremamque
1206 4669 1319 4725 classem
1339 4671 1403 4727 illud

56 4764 144 4824 menta
170 4770 268 4829 dabunt
295 4773 417 4829 leterius
447 4775 475 4830 in
501 4773 608 4844 Prolegt
631 4784 690 4845 cap.
740 4779 854 4848 spectat,
875 4790 929 4851 quo
950 4775 1020 4835 Patri
1040 4775 1169 4853 primatus
1190 4777 1348 4835 continetur.

56 4864 122 4929 let
149 4875 333 4935 llcnassinua
363 4879 500 4951 Dogmstt
536 4878 700 4954 theologico

60 4971 82 5028 T·
97 4976 135 5037 ΙΙΙ.
154 4981 236 5044 lract.
256 4985 277 5041 t
298 5001 356 5059 cap.
378 4985 446 5044 vlu.
