3258 5400
583 197 729 266 OAPU’I'
770 200 893 267 xvnt.
1374 198 1436 262 rot

73 369 198 452 soliusque
222 369 365 434 Petrus”
387 368 561 454 respondet:
603 367 725 453 Πέτρος
747 367 784 435 dd
807 365 875 434 clas
901 367 979 451 πρὸς
1001 365 1104 433 αὐτόν.
1147 366 1250 447 Neque
1276 367 1435 448 respondet

72 478 170 558 solum,
192 478 246 542 sed
267 479 419 560 profanum
439 479 589 544 hominem
609 481 756 562 coarguit,
784 481 955 563 gravitatem
975 477 1103 542 caminis
1125 485 1302 559 exaggerat,
1326 478 1435 540 solem-

72 589 193 670 niterque
221 587 309 651 edicit
322 591 363 671 ³³,
392 607 452 652 non
474 608 509 653 ea
531 608 599 654 esse
620 588 698 653 dona
717 588 772 652 Dei
793 608 869 672 quae
889 589 1014 670 pecunia
1035 595 1255 668 comparentur:
1285 584 1321 649 τὸ
1341 584 1437 669 epyd-

71 702 129 780 ραίν
154 717 211 761 σου
231 691 291 762 οὐν
311 699 362 763 σοὶ
390 699 435 776 ata
463 702 509 774 είς
531 696 712 775 damiatam,
742 696 789 761 dic
811 693 865 776 τὴν
885 690 1009 780 δωρεάν
1036 698 1093 760 τοῦ
1112 694 1195 759 θεοῦ
1213 698 1360 776 ἐνόμισας
1382 688 1435 760 δαὶ

71 807 231 889 χρημάτων
244 811 272 842 ⁸⁴
296 807 447 873 ardonico.
489 807 650 890 Detegit³⁵
681 827 757 890 quae
782 810 858 873 intus
882 811 912 872 in
934 809 1030 871 animo
1053 807 1154 872 Simon
1176 804 1305 870 celabat:
1331 802 1432 887 :iyclp

69 917 175 999 καρδία
195 936 255 981 σου
275 915 335 981 οὐκ
353 920 435 981 ἔστιν
461 915 575 982 εὐθεῖα
589 920 618 953 ³⁸
640 916 775 983 ἐνώπιον
788 923 815 953 ³⁷
838 920 894 983 τοῦ
913 902 1005 982 θεοῦ.
1048 906 1130 980 illum
1144 919 1173 950 ¹⁸
1197 917 1431 982 excommunica·

69 1028 137 1091 hone
156 1027 273 1110 plectit:
296 1024 354 1092 oria
375 1030 438 1093 ἔστι
460 1047 511 1093 σοι
529 1029 618 1113 μερὶς
639 1028 716 1094 οὐδὲ
736 1030 851 1110 κλῆρος
871 1029 967 1112 ἐντῷ
987 1016 1070 1110 λόγῳ
1091 1024 1206 1112 τούτῳε
1226 1046 1262 1090 ac
1280 1027 1433 1109 poeniten·

67 1139 117 1201 tiae
137 1138 369 1201 cohortationem
389 1146 538 1221 postremo
560 1140 726 1221 subiicit”,
748 1140 898 1221 inquiens:
928 1142 1118 1222 μετανόησον
1139 1131 1197 1201 οὖν
1218 1133 1282 1201 :iad
1303 1137 1356 1211 τῆς
1378 1154 1433 1200 κα-

67 1246 127 1322 κίας
145 1266 204 1312 σον
225 1244 353 1324 ταύτης,
374 1248 427 1312 καί
449 1245 581 1327 δεήθητι
600 1250 657 1312 τοῦ
676 1248 775 1326 θεοῦ,
797 1253 826 1313 εί
848 1242 913 1331 ἄρα
926 1251 954 1283 ⁴⁰
979 1246 1178 1335 ἀφεθήσεταί
1199 1266 1249 1311 σοι
1269 1244 1288 1323 ἡ
1309 1246 1432 1310 ἐπίνοια

65 1356 110 1431 τῆς
129 1353 264 1437 καρδίας
284 1374 360 1421 σου.
376 1357 429 1421 'lac
448 1360 538 1439 igitur
558 1366 587 1422 te
606 1359 693 1423 huius
713 1360 860 1442 pravitatis
881 1358 1048 1441 poeniteat,
1070 1357 1223 1439 Deumque
1244 1365 1383 1437 exorato,
1406 1357 1432 1420 si

66 1463 131 1528 lorte
153 1466 203 1529 tibi
224 1467 389 1549 improbum
411 1470 500 1533 animi
521 1469 673 1533 consilium
688 1472 712 1504 ⁴¹
740 1469 930 1533 condonetur.

160 1582 231 1640 208.
276 1576 351 1651 Ouid
370 1579 502 1642 iamvero
522 1576 579 1642 hac
599 1577 741 1642 tactorum
762 1581 841 1642 serie
859 1579 1105 1643 accommodatius
1127 1580 1163 1642 ud
1184 1576 1363 1660 singularem
1378 1574 1432 1638 Pe-

65 1685 97 1745 tri
116 1680 281 1767 θαεροχήν
301 1685 585 1751 commendandaml
606 1687 689 1751 adest
710 1706 775 1751 cum
793 1690 856 1771 ipso
874 1689 1033 1768 lohannes,
1054 1706 1128 1753 unus
1150 1686 1366 1772 ecoryphaeis,
1391 1691 1433 1746 at-

65 1795 216 1874 quainter
242 1796 391 1878 apostotos
417 1796 623 1861 nobilissimus.
673 1796 864 1861 Nihilominus
889 1817 950 1862 non
978 1801 1039 1881 ipse
1067 1807 1112 1862 est
1140 1799 1190 1881 qui
1215 1797 1355 1878 loquitur,
1384 1793 1433 1874 qui

64 1900 154 1983 docet,
183 1905 234 1986 qui
255 1908 412 1990 praecipit3
444 1906 498 1972 sed
518 1906 593 1970 haec
613 1908 711 1970 omnia
730 1908 811 1971 solus
832 1907 933 1971 Petrus
955 1911 1117 1991 exequitur.
1159 1908 1186 1973 Is
1208 1907 1286 1969 enim
1307 1905 1432 1966 interro·

66 2015 138 2093 panti
158 2013 274 2078 Simoni
293 2017 467 2099 respondet:
489 2018 514 2080 is
534 2017 700 2080 intestinum
723 2016 816 2099 dous,
839 2036 896 2100 quo
919 2017 967 2082 illc
989 2018 1152 2099 laborabat,
1173 2017 1382 2099 pungnatque
1403 2014 1434 2076 in

64 2120 151 2186 lucem
173 2124 331 2208 protrahit:
354 2128 379 2190 is
400 2128 543 2190 rationem
558 2126 720 2190 divinorum
735 2127 940 2191 charismatum
960 2129 1104 2192 declarat:
1127 2129 1316 2191 simoniacam
1334 2123 1431 2187 labem

64 2231 96 2294 ah
116 2234 244 2299 ecclesia
271 2236 439 2318 proscribit:
467 2237 676 2319 poenitentiam
703 2236 814 2300 indicit:
844 2245 874 2301 et
894 2241 1037 2321 graviter,
1065 2239 1240 2322 publiceque
1261 2242 1432 2319 peccantem

63 2346 358 2410 excommunicatione
386 2346 511 2410 malem
554 2346 627 2411 Sunt
652 2348 730 2410 enim
759 2349 849 2412 verba
875 2350 1207 2413 excommunicationem
1242 2356 1271 2411 et
1298 2342 1433 2431 ἀφορισ-

63 2450 158 2533 pda⁴²
181 2453 374 2539 significantia
394 2475 469 2538 qttue
491 2456 622 2537 adhibet,
643 2458 795 2540 inquiens:
824 2456 882 2523 οὐκ
902 2461 964 2524 ἔστι
985 2478 1037 2523 σοι
1059 2460 1149 2542 μερίς
1170 2455 1245 2521 οὐδὲ
1267 2456 1380 2536 κλῆρος
1400 2459 1434 2517 ἐν

64 2563 208 2648 τῷλόγῳ
239 2562 347 2649 τούτῳ.
389 2565 469 2629 ldem
497 2567 575 2629 enim
603 2574 705 2630 nomnt
731 2587 766 2631 ao
787 2577 852 2633 esto
879 2566 1095 2647 ἀκοινώνητος.
1138 2568 1221 2631 Unde
1243 2585 1337 2631 canon
1358 2567 1434 2628 inter

63 2675 234 2754 apostohoos
256 2675 600 2757 ¹trigesimus-secundus
629 2680 672 2741 sic
701 2678 802 2742 habet:
848 2676 892 2742 Εἰ
917 2701 962 2754 τις
989 2680 1160 2752 ἐπίσκοπος
1183 2669 1236 2742 dccl
1262 2675 1435 2759 χρημάτων

65 2783 113 2859 τῆς
132 2780 226 2861 ἀξίας
245 2783 358 2861 ταύτης
378 2782 530 2869 ἐγκρατής
550 2793 685 2869 γένηται,
705 2784 963 2873 inprudensque,
985 2781 1005 2865 οἳ
1026 2786 1183 2864 διάκονος,
1204 2784 1434 2867 καθαιρείσθω

121 2968 166 3045 ³²)
189 2970 251 3026 Act.
272 2968 342 3026 vlu.
364 2968 411 3027 20.
434 2970 467 3027 at.
491 2969 536 3026 lb.
771 2974 959 3049 senmullems,
990 2971 1013 3030 al
1039 2963 1098 3048 ἄρα
1124 2971 1288 3028 reddendum
1318 2975 1360 3026 est
1389 2978 1434 3041 ut,

121 3072 167 3150 ⁸³)
187 3074 256 3131 lhid.
277 3091 304 3131 l·
324 3073 372 3131 2⁰·
771 3096 839 3154 uon,
866 3087 895 3136 ut
914 3081 1011 3152 vulgo,
1039 3097 1078 3136 on
1095 3079 1187 3152 sorte,
1207 3079 1233 3134 ai
1250 3077 1342 3150 sorte,
1363 3076 1434 3149 quod

122 3195 167 3272 ⁸⁴)
189 3197 282 3268 Neque
301 3197 370 3253 enim
391 3195 488 3270 pretio,
509 3198 595 3271 inquit
608 3200 634 3256 tn
648 3198 724 3272 ppo.
773 3186 806 3242 ah
837 3187 960 3243 oratione
989 3193 1016 3242 et
1045 3184 1230 3240 cohortatione
1257 3183 1327 3238 Petri
1358 3182 1435 3256 plane

63 3298 175 3372 lugetico
196 3302 383 3377 Tertullianus,
405 3303 458 3359 atta
478 3316 521 3360 m
540 3303 589 3362 nai
610 3310 723 3361 comana,
773 3293 887 3348 alienum
908 3290 978 3349 eat.“
1008 3290 1189 3348 Contideutlus
1203 3305 1281 3362 quam
1294 3305 1342 3362 par
1355 3289 1433 3343 foret.

65 3403 125 3462 ilinc
145 3409 199 3465 lata
214 3424 230 3463 a
245 3407 351 3464 Christo
370 3408 424 3482 lex,
444 3409 537 3466 hlatth.
552 3410 585 3465 X.
604 3410 639 3466 8:
659 3407 724 3466 Δω-
770 3399 875 3456 Etemm
898 3397 927 3472 a)
947 3395 970 3455 at
989 3387 1058 3488 ripa,
1078 3396 1173 3470 quibus
1194 3394 1358 3451 alexandrini
1374 3394 1435 3450 red·

64 3503 123 3581 aad:
143 3504 270 3591 ίλάβοιο,
289 3505 396 3587 dmpaals
414 3504 485 3573 dira,
772 3505 837 3562 dunt
862 3503 1016 3560 hebraicum
1042 3496 1125 3591 ibim,
1156 3500 1243 3557 etlerri
1273 3501 1360 3573 aptius
1390 3517 1436 3556 nc·

120 3635 164 3712 ⁸⁵)
186 3636 248 3692 Act
268 3633 338 3691 vm.
359 3634 407 3692 21.
772 3635 870 3703 queunt
896 3644 973 3703 quam
1001 3628 1091 3700 sorte,
1119 3628 1248 3701 sarturae.
1295 3626 1434 3683 Praeterea

120 3740 165 3816 ³⁸)
194 3740 299 3798 Eodem
327 3755 408 3797 sensu
437 3741 535 3799 leram.
561 3742 643 3799 xxlt,
669 3742 722 3799 17:
771 3735 804 3809 b)
823 3736 889 3791 haec
909 3733 1035 3809 loquendi
1061 3734 1130 3789 ratio
1158 3734 1243 3789 estin
1263 3732 1354 3790 bibliis
1382 3734 1436 3788 asi·

67 3836 121 3901 ola
139 3844 205 3905 aluta
230 3846 256 3905 οί
281 3836 430 3921 ὀφθαλμοί
456 3862 507 3904 σον
531 3837 633 3924 ὀρθοί,
660 3838 723 3906 oaldi
771 3842 913 3898 latissima.
953 3841 1062 3897 Rursum
1084 3839 1112 3915 c)
1132 3841 1223 3914 sorte,
1242 3840 1384 3912 fortasis,
1412 3836 1436 3896 sl

65 3939 200 4029 ἡκαρίία
220 3968 271 4010 σου
290 3941 371 4026 καλή.
770 3938 845 4025 ἄρα,
875 3924 955 4038 bitti,
981 3950 1019 4004 ita
1040 3946 1234 4004 dubitationem
1254 3943 1385 4017 reserant,
1405 3949 1437 4000 ut

122 4075 167 4151 ⁸⁷)
188 4075 232 4131 nr.
252 4068 354 4143 hunc,
374 4072 503 4132 iamlam
769 4088 844 4148 apem
866 4080 975 4131 eventus
988 4089 1041 4130 non
1054 4072 1217 4147 praecidant,
1238 4070 1374 4127 hiaralll.
1389 4069 1434 4144 ta,

124 4181 169 4256 ³⁸)
195 4180 256 4239 act
278 4180 347 4238 vlu.
368 4179 423 4238 21:
463 4179 522 4236 Non
549 4180 668 4236 esttibi
696 4181 723 4236 iu
771 4181 847 4238 Num.
868 4180 949 4237 Xllll.
972 4179 1093 4236 6-11,
1140 4178 1228 4247 Quare
1257 4177 1289 4251 d)
1315 4182 1436 4249 praestat

66 4282 114 4341 hoo
139 4287 290 4345 divinorum
318 4287 503 4343 charismatum
532 4300 613 4360 opere
638 4300 724 4357 neque
773 4289 910 4344 inhaerere
929 4286 1035 4360 verbis,
1064 4292 1092 4340 et
1117 4298 1275 4356 graecorum
1303 4284 1377 4338 iuxta
1404 4298 1436 4338 ao

63 4406 128 4462 pura
147 4410 224 4467 qnam
238 4408 321 4465 emaa,
341 4408 499 4465 uequarora
519 4407 595 4465 mam
610 4406 723 4464 superna
772 4394 911 4451 latinorum
933 4394 1101 4466 interpretum
1122 4391 1238 4462 vestigia
1259 4389 1343 4461 sequi.

66 4494 187 4569 largitate
207 4498 379 4556 nanciscaris.
415 4498 472 4554 ltisi
486 4498 557 4553 forta
569 4496 645 4553 reddi
658 4498 724 4552 sim·
835 4501 880 4576 ⁴¹)
900 4500 958 4556 lton
978 4498 1061 4554 semel
1082 4495 1207 4565 αναοία,
1227 4493 1348 4562 ἐπίνοια,
1369 4510 1437 4567 qnae

66 4602 155 4674 plicius
184 4605 265 4663 rerba
295 4605 426 4680 debeant,
459 4604 607 4677 eodemque
637 4603 723 4676 accipi
770 4625 823 4681 per
841 4624 872 4664 aa
892 4621 997 4662 omnem
1023 4606 1214 4676 cogitationem
1242 4601 1383 4674 denotant,
1410 4600 1436 4655 in

67 4721 141 4765 ”¹¹⁸⁰
161 4709 236 4788 puple
254 4707 301 4766 καὶ
320 4705 429 4786 κλῆρος·
773 4713 867 4770 malam
896 4719 998 4785 partem
1024 4709 1189 4765 adhibentur.
1236 4706 1358 4762 Ceterum
1386 4707 1436 4763 hau

127 4813 172 4889 ³⁸)
191 4816 252 4872 hcc
272 4816 343 4873 vtlt
363 4816 411 4872 22.
773 4819 850 4875 naim
871 4819 931 4874 vice
950 4818 977 4873 in
997 4817 1028 4873 n.
1050 4816 1080 4872 T.
1101 4813 1209 4875 intrem
1229 4813 1353 4868 occurrit

127 4920 172 4996 ⁴⁰)
197 4922 344 4998 „bunna
371 4923 456 4996 aquo
480 4922 507 4979 n
533 4921 650 4979 saorra
670 4922 724 4981 aa·
836 4923 880 4997 ⁴⁸)
902 4922 942 4981 or.
963 4922 1101 4981 surana
1122 4920 1157 4979 aa
1176 4936 1202 4977 v.
1223 4908 1357 4994 ἀφοραω.
