3266 5416
597 343 742 412 CAPUT
781 345 841 412 tv.
1357 336 1399 405 ιι

43 533 78 579 eo
100 513 209 578 hudeau
239 514 403 597 argutando
429 513 511 578 illum
536 512 708 597 devenisse,
735 519 768 577 ιιι
796 513 887 594 meti,
914 511 1042 595 nudique
1064 508 1185 575 honoris
1204 510 1357 593 primatum
1372 510 1398 549 ἰ

41 623 117 687 Pedo
136 622 283 687 detulerit.
325 623 411 698 Quod
431 642 518 706 quum
540 624 681 707 flagitium
702 625 740 687 sit
759 622 956 703 manileetum,
980 630 1011 686 et
1030 622 1149 686 minime
1169 620 1255 685 dubia
1278 637 1401 685 muscae

37 734 256 815 praevaricatio,
284 734 378 815 ipsum
403 739 558 814 praeterea
577 732 731 814 Dupinium
752 750 852 796 secum
875 733 1041 813 committit,
1072 749 1199 813 eumque
1219 729 1327 812 prodit,
1352 729 1402 811 qui

35 844 183 926 pugruntis
205 849 235 905 et
259 837 421 906 ἀσύστατα
441 840 582 905 docuerit
622 840 668 904 Er
681 840 785 905 ordine
806 843 884 905 enim
905 841 1018 904 docuit:
1038 841 1059 903 1.
1071 841 1187 923 propria
1201 848 1232 904 et
1244 839 1402 923 singularia

34 951 105 1015 Petri
126 954 188 1015 iura
210 952 426 1033 Sempbuarum
449 951 579 1032 inprimts
600 951 771 1015 auctoritate
790 968 859 1014 esse
880 947 1065 1014 stabilienda:
1091 947 1125 1012 lh
1146 948 1249 1012 hanam
1269 950 1401 1012 testimo·

33 1062 84 1123 niis
102 1077 161 1124 uon
181 1060 274 1125 alium
291 1059 370 1123 Petri
388 1059 541 1142 primatum
562 1060 657 1123 aalide
678 1057 809 1137 ostendi,
839 1077 925 1141 quam
952 1074 1010 1139 quo
1035 1058 1146 1139 primus
1173 1057 1286 1122 honore
1313 1065 1400 1140 atque

32 1168 128 1232 ordiue
156 1169 301 1252 aequales
328 1170 405 1232 iuter
432 1168 579 1251 apostolos
601 1168 742 1233 extiterit:
764 1186 800 1230 ac
821 1167 867 1231 ιιι.
887 1166 925 1231 ed
945 1167 1116 1231 catholicam
1136 1165 1224 1230 fldem
1243 1167 1400 1247 pertinere,

33 1285 61 1340 ut
76 1277 174 1341 Petrus
194 1280 324 1361 primatu
345 1279 431 1359 iuris,
451 1279 633 1361 potiorisque
652 1279 830 1341 auctoritatis
852 1277 948 1342 divina
971 1277 1152 1341 ordinatione
1171 1278 1328 1340 instructus
1347 1274 1400 1339 ha·

32 1385 135 1450 beatum
177 1380 268 1462 ouod
294 1390 427 1469 tertium,
452 1394 690 1470 postremumque
719 1395 804 1469 caput
823 1406 841 1450 a
863 1386 1008 1471 prioribus
1027 1389 1070 1451 sic
1091 1386 1243 1466 abhorret,
1270 1392 1302 1447 ut
1329 1402 1400 1448 eon·

33 1502 104 1558 stare
130 1495 186 1560 sibi
215 1496 294 1560 illius
322 1499 429 1561 veritus
456 1514 516 1560 non
542 1498 651 1578 possit,
682 1499 751 1579 quin
776 1499 904 1580 priorum
934 1496 1102 1561 alterutnum
1123 1493 1298 1578 repudietur.
1342 1492 1401 1559 Sed
1509 1532 1512 1538 -

33 1598 103 1667 bene
129 1602 237 1686 habet,
266 1624 365 1689 pugna
390 1609 483 1687 enim,
511 1606 779 1687 sententiarumque
802 1603 966 1689 ἀντιλογία
986 1623 1045 1669 non
1072 1611 1249 1687 postremam
1269 1602 1345 1665 iuter
1364 1620 1401 1665 ea

34 1714 129 1779 indicia
148 1715 256 1780 sedem
278 1716 382 1797 habet,
404 1715 508 1797 quibus
530 1731 616 1777 error
636 1713 842 1778 manifestatur.

130 1856 179 1914 32.
222 1850 342 1914 Interea
362 1849 468 1932 liquet,
499 1866 596 1930 neque
618 1847 725 1912 frustm
746 1849 892 1914 delectum
910 1848 1055 1932 praecipi,
1077 1847 1273 1928 solertemque
1294 1843 1400 1928 proba-

36 1958 134 2022 tionum
154 1959 388 2043 dispositionem,
412 1978 510 2042 neque
531 1971 585 2022 eos
602 1957 705 2022 inituia
720 1961 850 2042 coargui,
872 1961 921 2041 qui
937 1956 1080 2022 eiusmodi
1095 1955 1239 2020 delectum
1258 1955 1400 2039 neglexe-

36 2069 99 2149 rint,
124 2074 292 2152 datamque
321 2069 537 2151 dispositionem
564 2067 769 2151 perturbarint.
812 2070 893 2143 Quae
914 2069 1046 2152 quidem,
1073 2068 1099 2131 si
1125 2084 1163 2130 eo
1190 2083 1248 2149 quo
1277 2065 1401 2129 decebat

35 2175 110 2258 loco,
138 2177 341 2258 Febbronius,
377 2176 597 2259 lamburiniua,
633 2177 864 2262 Guadegninius,
901 2180 979 2261 iique
1007 2194 1110 2242 omnes
1137 2176 1323 2257 habuissent,
1351 2175 1400 2257 qui

12 2372 13 2377 ἵ
36 2289 182 2366 praeterito
210 2287 332 2351 labente
359 2282 511 2366 saectdo,¹
525 2306 561 2350 ac
582 2305 636 2368 eo,
665 2288 821 2370 quodiam
843 2288 970 2353 medium
989 2294 1050 2368 est,
1075 2287 1210 2366 ineunte,
1236 2304 1301 2349 rem
1323 2284 1400 2349 chri-

38 2396 147 2461 stianum
174 2398 254 2460 intra
282 2397 376 2477 ipsum
404 2393 549 2459 eeclesiae
577 2397 672 2459 sinum
700 2403 937 2477 commoverunt,
967 2414 1064 2479 neque
1084 2396 1121 2460 ed
1142 2395 1279 2460 eumdem
1307 2394 1399 2458 oden-

39 2502 137 2569 disscru
164 2505 313 2588 lapidem,
346 2504 376 2566 in
405 2521 492 2585 quem
523 2504 662 2588 Drapiuius
694 2507 833 2588 impegit,
870 2524 967 2587 neque
999 2505 1171 2587 Zaccariae,
1206 2504 1399 2588 Muzzmellii,

93 2735 134 2811 ¹⁴)
162 2735 266 2812 Aque
286 2754 319 2793 ue
339 2736 491 2794 acerbiores
517 2737 624 2810 quidem
648 2753 693 2796 oa·
740 2738 774 2797 ad
793 2737 1006 2813 respondendum
1026 2754 1075 2813 pro
1095 2738 1192 2797 ceteris
1209 2738 1399 2814 impellebatur,

43 2839 141 2899 dolicae
159 2841 284 2900 tentatis
309 2842 401 2899 hostes
428 2842 571 2901 admodum
595 2842 692 2901 abhor-
739 2858 794 2901 uon
807 2844 856 2901 abs
869 2861 898 2901 re
910 2847 1023 2919 primurn
1035 2844 1123 2901 locum
1136 2844 1293 2919 occupabat
1326 2844 1401 2903 Unde

44 2950 95 3002 rot
131 2947 199 3005 llinc
219 2947 267 3004 illa
286 2947 419 3006 Francisci
440 2948 597 3023 lurettini,
617 2948 691 3006 hoco
739 2965 792 3006 nou
814 2949 896 3007 semel
909 2966 924 3007 a
938 2949 1058 3025 patribus
1074 2951 1205 3026 princeps
1218 2950 1402 3026 apostoloram

43 3048 121 3107 tvut
141 3053 174 3110 ds
193 3055 310 3128 primatu
330 3054 415 3128 l’ctri,
446 3071 472 3128 q.
492 3054 575 3112 xvu.
604 3054 631 3127 S.
652 3054 690 3112 ll:
739 3055 851 3131 dicitur,
876 3056 904 3113 id
925 3062 980 3131 est,
1007 3058 1108 3131 primus
1128 3061 1157 3114 et
1174 3057 1346 3130 praecipuus,
1373 3059 1403 3110 ut

44 3154 124 3228 „lires
135 3164 237 3216 statum
252 3159 415 3232 quaestioms
435 3159 619 3235 observamus,
638 3176 692 3218 non
739 3161 865 3236 princeps
889 3168 1023 3219 oratorum
1048 3161 1158 3236 Cicero,
1184 3167 1321 3236 postauam
1340 3160 1403 3216 Vir·

43 3265 119 3332 queri
138 3264 171 3321 de
190 3266 309 3339 primata
329 3280 504 3342 quocumque,
523 3267 566 3323 rel
587 3267 693 3326 ordios
740 3268 835 3343 gilius,
862 3269 907 3341 qui
932 3267 1068 3326 tamenin
1088 3273 1209 3325 oratores
1235 3272 1282 3322 ιιιι
1305 3271 1401 3340 poetas

44 3371 65 3422 ct
79 3372 243 3442 recudenda,
270 3371 449 3442 reluctatis,
475 3372 518 3428 ιιι
538 3372 691 3448 &pedatim
740 3374 837 3430 nullum
867 3373 1001 3432 hebebant
1029 3373 1185 3449 imperium,
1220 3372 1270 3429 aed
1298 3372 1402 3429 ratione

44 3474 215 3534 sidenorum.
261 3476 321 3533 lion
347 3493 476 3548 negemus
504 3480 571 3535 enim
596 3480 693 3553 prima·
741 3479 890 3550 diguitatis.
931 3480 986 3537 Sed
1007 3482 1051 3553 agi
1077 3480 1111 3537 de
1136 3479 1248 3553 primatu
1274 3479 1401 3536 cacteri-

45 3582 88 3635 luu
112 3582 189 3639 ιιιιιι
215 3582 295 3639 Petro
325 3597 407 3657 posse
437 3589 604 3659 competere,
633 3587 692 3642 sive
741 3587 805 3643 tatis
824 3586 1078 3644 ctioriade‘etiooas:
1097 3602 1130 3641 an
1150 3585 1226 3641 ιιιιιιι
1245 3584 1324 3641 luerit
1341 3601 1403 3657 gra·

45 3683 94 3753 quia
117 3688 214 3760 primas
242 3694 355 3745 vocatus
382 3695 440 3746 erat
464 3705 480 3746 a
507 3689 630 3763 Christo,
664 3696 693 3746 ut
741 3691 790 3748 dus
811 3692 905 3765 aliquis
932 3692 1097 3749 auctoritatis
1117 3697 1145 3747 et
1163 3690 1353 3749 iurisdictionis
1374 3690 1403 3748 iu

46 3785 114 3861 liquet
130 3810 164 3850 ex
182 3793 274 3851 lietth.
289 3793 335 3849 tv.
349 3793 396 3868 ts,
417 3800 444 3851 ct
463 3795 504 3851 sic
522 3796 621 3853 ordios
640 3797 693 3869 pri-
739 3797 818 3854 l'etro
842 3812 921 3871 supra
946 3803 1050 3854 ceteros
1077 3797 1230 3871 apostolos,
1256 3813 1305 3870 per
1324 3813 1402 3869 quem

47 3908 93 3951 uua
115 3905 185 3975 erat,
212 3906 242 3957 ut
264 3915 345 3972 saepe
370 3901 426 3958 fleri
452 3901 522 3957 solet
549 3900 618 3958 iuter
643 3916 691 3958 eos
740 3902 900 3959 constitutus
914 3902 993 3960 luerit
1005 3903 1126 3977 pontifex
1140 3903 1342 3977 oecumenicus,
1362 3904 1403 3958 vi-

48 4000 84 4069 qti
100 4009 228 4075 potestate
247 4010 309 4062 sunt
327 4021 404 4078 pares
424 4005 458 4062 ad
475 4006 609 4063 vitandam
630 4022 693 4063 cou-
741 4010 829 4065 carius
843 4008 949 4082 Christi,
970 4015 998 4066 et
1017 4014 1097 4083 caput
1116 4008 1256 4082 ecclcsiae,
1277 4025 1337 4066 cum
1356 4009 1403 4065 ab·

47 4101 177 4166 marem:
197 4126 251 4184 quo
266 4126 346 4166 seusu
362 4111 459 4167 dicitur
474 4113 581 4186 priseae
600 4112 690 4168 llatth.
739 4114 900 4171 solutissima
921 4119 1062 4189 potestate,
1082 4120 1112 4171 ut
1130 4113 1228 4185 singuli
1248 4114 1354 4188 lideles,
1374 4121 1402 4172 et

47 4207 123 4287 M,
140 4216 196 4274 sive
216 4218 320 4275 ratione
340 4216 473 4274 donorum
492 4224 520 4274 et
539 4219 690 4293 dipsadis
740 4219 854 4292 apostoli
874 4219 925 4293 ipsi
948 4235 1007 4275 cum
1028 4220 1124 4278 ceteris
1145 4225 1276 4292 tamquam
1301 4220 1401 4279 subdiu'

49 4321 166 4387 pecode
191 4322 351 4379 Nicodemus
376 4328 491 4379 vocatur
515 4313 611 4400 ἅρχων
636 4317 692 4382 ae3s
740 4324 859 4382 obnoxia
889 4325 975 4398 capita
1009 4326 1035 4382 ei
1067 4324 1222 4382 submittere
1254 4324 1400 4383 debuerint

48 4408 181 4497 ιιιαιωι,
205 4428 267 4485 ιιι.
287 4427 333 4484 us
356 4426 389 4502 1,
416 4443 471 4485 non
491 4429 562 4501 quoa
581 4428 691 4487 audace
741 4428 819 4499 ouon
839 4430 1001 4487 conclamo
1016 4430 1162 4504 ριιιιιιιι
1181 4430 1302 4488 seuam.
1323 4433 1369 4490 ιιι.
1379 4434 1400 4490 1.

51 4525 185 4608 ῑῑιιιιιιι,
210 4535 258 4592 sed
283 4535 343 4608 quia
369 4551 465 4607 magua
485 4539 543 4591 erat
563 4534 600 4591 illi
621 4534 691 4607 apud
740 4534 774 4591 de
799 4534 830 4591 ιι,
857 4534 885 4592 P.
913 4550 972 4608 cap.
992 4535 1045 4593 ιιι
1077 4532 1227 4607 Asnaum
1256 4538 1401 4612 catholici,

52 4629 150 4694 ludaeos
179 4642 338 4717 audentes,
367 4642 407 4697 sio
437 4639 564 4698 Ganaliet
594 4639 696 4698 dicitur
739 4638 848 4697 Petram
874 4641 1025 4716 apostolam
1048 4642 1137 4712 surae
1162 4645 1243 4701 totius
1267 4644 1402 4704 scetem

54 4734 124 4810 τίμιος
140 4745 218 4804 aaut
237 4740 279 4821 τῷ
297 4743 373 4820 teqt,
400 4745 461 4803 Act
480 4746 515 4801 V.
536 4745 584 4803 ³4.
625 4745 690 4802 Cum
739 4753 823 4819 ceput
842 4754 869 4804 st
888 4748 1057 4820 principem,
1084 4747 1146 4805 loco
1168 4748 1268 4806 chres
1286 4750 1321 4807 ob
1340 4752 1400 4825 ipso

55 4856 108 4915 ttao
123 4849 209 4908 Petrus
228 4852 305 4911 donis
326 4853 384 4910 aliis
409 4856 569 4926 praestaret,
595 4855 623 4907 et
642 4865 691 4924 po·
741 4850 846 4908 Ghrbto
871 4852 1029 4909 ιιιιιιιιιιιιιι.
1074 4852 1225 4911 0rthodoxi
1250 4861 1403 4911 constanter
1474 4928 1478 4937 ι

58 4948 162 5014 Quum
185 4960 232 5017 illo
257 4961 337 5016 animi
364 4960 483 5032 terrore,
511 4971 564 5029 quo
589 4956 690 5030 primus
738 4954 866 5029 ιιιςιιιιιιι
