<?xml version="1.0" encoding="UTF-8"?>
<!DOCTYPE html PUBLIC "-//W3C//DTD XHTML 1.0 Transitional//EN"
    "http://www.w3.org/TR/xhtml1/DTD/xhtml1-transitional.dtd">
<html xmlns="http://www.w3.org/1999/xhtml" xml:lang="en" lang="en">
 <head>
  <title>
</title>
<meta http-equiv="Content-Type" content="text/html;charset=utf-8" />
  <meta name='ocr-system' content='tesseract 3.04.00' />
  <meta name='ocr-capabilities' content='ocr_page ocr_carea ocr_par ocr_line ocrx_word'/>
</head>
<body>
  <div class='ocr_page' id='page_1' title='image "./commentariusdep00passgoog_0310.png"; bbox 0 0 3300 5402; ppageno 0'>
   <div class='ocr_carea' id='block_1_1' title="bbox 670 769 1127 866">
    <p class='ocr_par' dir='ltr' id='par_1_1' title="bbox 670 769 1127 866">
     <span class='ocr_line' id='line_1_1' title="bbox 670 769 1127 866; baseline -0.004 -1"><span class='ocrx_word' id='word_1_1' title='bbox 670 769 1127 866; x_wconf 82' lang='lat' dir='ltr'><strong>ttttlllttl.</strong></span> 
     </span>
    </p>
   </div>
   <div class='ocr_carea' id='block_1_2' title="bbox 424 965 1583 1165">
    <p class='ocr_par' dir='ltr' id='par_1_2' title="bbox 424 965 1583 1165">
     <span class='ocr_line' id='line_1_2' title="bbox 528 965 1582 1056; baseline -0.025 -3"><span class='ocrx_word' id='word_1_2' title='bbox 528 965 797 1054; x_wconf 59' lang='lat' dir='ltr'><strong>¹⁴¹?ssme</strong></span> <span class='ocrx_word' id='word_1_3' title='bbox 813 967 923 1050; x_wconf 69' lang='lat' dir='ltr'><strong>quibua</strong></span> <span class='ocrx_word' id='word_1_4' title='bbox 937 974 988 1031; x_wconf 81' lang='lat' dir='ltr'><strong>uri</strong></span> <span class='ocrx_word' id='word_1_5' title='bbox 1000 967 1150 1034; x_wconf 69' lang='lat' dir='ltr'><strong>boetem</strong></span> <span class='ocrx_word' id='word_1_6' title='bbox 1164 989 1284 1047; x_wconf 76' lang='lat' dir='ltr'><strong>nemus,</strong></span> <span class='ocrx_word' id='word_1_7' title='bbox 1298 965 1582 1056; x_wconf 54' lang='lat' dir='ltr'><strong>increpatiotionem</strong></span> 
     </span>
     <span class='ocr_line' id='line_1_3' title="bbox 424 1077 1583 1165; baseline 0.005 -34"><span class='ocrx_word' id='word_1_8' title='bbox 424 1117 464 1131; x_wconf 81' lang='grc'><strong>-</strong></span> <span class='ocrx_word' id='word_1_9' title='bbox 481 1087 603 1162; x_wconf 82' lang='lat' dir='ltr'><strong>potioro</strong></span> <span class='ocrx_word' id='word_1_10' title='bbox 618 1085 834 1143; x_wconf 72' lang='lat' dir='ltr'><strong>secernentur:</strong></span> <span class='ocrx_word' id='word_1_11' title='bbox 855 1116 896 1127; x_wconf 88' lang='lat'><strong>—</strong></span> <span class='ocrx_word' id='word_1_12' title='bbox 916 1099 976 1160; x_wconf 87' lang='lat' dir='ltr'><strong>quo</strong></span> <span class='ocrx_word' id='word_1_13' title='bbox 990 1100 1028 1143; x_wconf 83' lang='lat' dir='ltr'><strong>eo</strong></span> <span class='ocrx_word' id='word_1_14' title='bbox 1042 1085 1185 1160; x_wconf 75' lang='lat' dir='ltr'><em>spectent,</em></span> <span class='ocrx_word' id='word_1_15' title='bbox 1208 1079 1317 1159; x_wconf 82' lang='lat' dir='ltr'><strong>quidne</strong></span> <span class='ocrx_word' id='word_1_16' title='bbox 1335 1084 1374 1141; x_wconf 83' lang='lat' dir='ltr'><strong>iis</strong></span> <span class='ocrx_word' id='word_1_17' title='bbox 1394 1077 1583 1165; x_wconf 64' lang='lat' dir='ltr'><strong>conficiaturf</strong></span> 
     </span>
    </p>
   </div>
   <div class='ocr_carea' id='block_1_3' title="bbox 420 1185 1585 1602">
    <p class='ocr_par' dir='ltr' id='par_1_3' title="bbox 420 1185 1585 1602">
     <span class='ocr_line' id='line_1_4' title="bbox 422 1185 1582 1276; baseline -0.003 -22"><span class='ocrx_word' id='word_1_18' title='bbox 422 1231 463 1240; x_wconf 96' lang='lat'><em>-</em></span> <span class='ocrx_word' id='word_1_19' title='bbox 485 1189 623 1276; x_wconf 77' lang='lat' dir='ltr'><strong>efficitur</strong></span> <span class='ocrx_word' id='word_1_20' title='bbox 649 1186 855 1269; x_wconf 76' lang='lat' dir='ltr'><strong>apostolorum</strong></span> <span class='ocrx_word' id='word_1_21' title='bbox 883 1186 1042 1274; x_wconf 67' lang='lat' dir='ltr'><strong>collegium</strong></span> <span class='ocrx_word' id='word_1_22' title='bbox 1059 1188 1169 1273; x_wconf 74' lang='lat' dir='ltr'><strong>fluisse</strong></span> <span class='ocrx_word' id='word_1_23' title='bbox 1195 1185 1371 1269; x_wconf 79' lang='lat' dir='ltr'><strong>irroequnte:</strong></span> <span class='ocrx_word' id='word_1_24' title='bbox 1390 1225 1433 1237; x_wconf 88' lang='lat'><em>-</em></span> <span class='ocrx_word' id='word_1_25' title='bbox 1453 1185 1582 1251; x_wconf 74' lang='lat' dir='ltr'><strong>omnibu</strong></span> 
     </span>
     <span class='ocr_line' id='line_1_5' title="bbox 424 1288 1585 1380; baseline -0.004 -15"><span class='ocrx_word' id='word_1_26' title='bbox 424 1288 640 1365; x_wconf 78' lang='lat' dir='ltr'><strong>antecelluisse</strong></span> <span class='ocrx_word' id='word_1_27' title='bbox 654 1295 802 1362; x_wconf 77' lang='lat' dir='ltr'><strong>Petrum:</strong></span> <span class='ocrx_word' id='word_1_28' title='bbox 823 1335 865 1347; x_wconf 92' lang='lat'><strong>—</strong></span> <span class='ocrx_word' id='word_1_29' title='bbox 885 1320 983 1380; x_wconf 84' lang='lat' dir='ltr'><strong>neque</strong></span> <span class='ocrx_word' id='word_1_30' title='bbox 1001 1297 1114 1364; x_wconf 79' lang='lat' dir='ltr'><strong>bonore</strong></span> <span class='ocrx_word' id='word_1_31' title='bbox 1127 1295 1228 1362; x_wconf 83' lang='lat' dir='ltr'><strong>solum</strong></span> <span class='ocrx_word' id='word_1_32' title='bbox 1249 1320 1288 1362; x_wconf 87' lang='lat' dir='ltr'><strong>oc</strong></span> <span class='ocrx_word' id='word_1_33' title='bbox 1309 1297 1430 1373; x_wconf 72' lang='lat' dir='ltr'><strong>ordire,</strong></span> <span class='ocrx_word' id='word_1_34' title='bbox 1451 1297 1510 1361; x_wconf 81' lang='lat' dir='ltr'><strong>sed</strong></span> <span class='ocrx_word' id='word_1_35' title='bbox 1525 1303 1585 1360; x_wconf 78' lang='lat' dir='ltr'><strong>iane</strong></span> 
     </span>
     <span class='ocr_line' id='line_1_6' title="bbox 420 1405 1585 1493; baseline -0.003 -19"><span class='ocrx_word' id='word_1_36' title='bbox 420 1417 614 1493; x_wconf 72' lang='lat' dir='ltr'><strong>pdtaaimurn</strong></span> <span class='ocrx_word' id='word_1_37' title='bbox 647 1417 739 1490; x_wconf 82' lang='lat' dir='ltr'><strong>atque</strong></span> <span class='ocrx_word' id='word_1_38' title='bbox 771 1415 974 1474; x_wconf 83' lang='lat' dir='ltr'><strong>auctoritate:</strong></span> <span class='ocrx_word' id='word_1_39' title='bbox 1000 1446 1043 1458; x_wconf 86' lang='lat'>—</span> <span class='ocrx_word' id='word_1_40' title='bbox 1070 1431 1129 1491; x_wconf 87' lang='lat' dir='ltr'><strong>quo</strong></span> <span class='ocrx_word' id='word_1_41' title='bbox 1157 1407 1283 1474; x_wconf 74' lang='lat' dir='ltr'><strong>cornilio</strong></span> <span class='ocrx_word' id='word_1_42' title='bbox 1311 1405 1456 1472; x_wconf 70' lang='lat' dir='ltr'><strong>Christus</strong></span> <span class='ocrx_word' id='word_1_43' title='bbox 1484 1413 1585 1488; x_wconf 82' lang='lat' dir='ltr'><strong>potiori</strong></span> 
     </span>
     <span class='ocr_line' id='line_1_7' title="bbox 423 1515 1585 1602; baseline -0.008 -16"><span class='ocrx_word' id='word_1_44' title='bbox 423 1525 609 1586; x_wconf 82' lang='lat' dir='ltr'><strong>auctoritate</strong></span> <span class='ocrx_word' id='word_1_45' title='bbox 630 1515 763 1583; x_wconf 80' lang='lat' dir='ltr'><strong>Petrum</strong></span> <span class='ocrx_word' id='word_1_46' title='bbox 783 1525 919 1584; x_wconf 78' lang='lat' dir='ltr'><strong>oratorii:</strong></span> <span class='ocrx_word' id='word_1_47' title='bbox 939 1555 981 1568; x_wconf 87' lang='lat'><em>-</em></span> <span class='ocrx_word' id='word_1_48' title='bbox 1000 1517 1167 1601; x_wconf 66' lang='lat' dir='ltr'><strong>multiplex</strong></span> <span class='ocrx_word' id='word_1_49' title='bbox 1186 1516 1266 1581; x_wconf 81' lang='lat' dir='ltr'><strong>illud</strong></span> <span class='ocrx_word' id='word_1_50' title='bbox 1276 1515 1385 1602; x_wconf 80' lang='lat' dir='ltr'><strong>fuisse</strong></span> <span class='ocrx_word' id='word_1_51' title='bbox 1405 1517 1585 1582; x_wconf 69' lang='lat' dir='ltr'><strong>ostenditur:</strong></span> 
     </span>
    </p>
   </div>
   <div class='ocr_carea' id='block_1_4' title="bbox 422 1627 1585 1821">
    <p class='ocr_par' dir='ltr' id='par_1_4' title="bbox 422 1627 1585 1821">
     <span class='ocr_line' id='line_1_8' title="bbox 422 1627 1585 1711; baseline 0.001 -20"><span class='ocrx_word' id='word_1_52' title='bbox 422 1667 465 1679; x_wconf 93' lang='lat'><em>-</em></span> <span class='ocrx_word' id='word_1_53' title='bbox 483 1635 623 1711; x_wconf 63' lang='lat' dir='ltr'><strong>aprinis</strong></span> <span class='ocrx_word' id='word_1_54' title='bbox 647 1649 720 1691; x_wconf 85' lang='lat' dir='ltr'><strong>cern</strong></span> <span class='ocrx_word' id='word_1_55' title='bbox 744 1637 780 1693; x_wconf 90' lang='lat' dir='ltr'><strong>ut</strong></span> <span class='ocrx_word' id='word_1_56' title='bbox 801 1635 986 1710; x_wconf 71' lang='lat' dir='ltr'><strong>comptem</strong></span> <span class='ocrx_word' id='word_1_57' title='bbox 1005 1635 1120 1693; x_wconf 84' lang='lat' dir='ltr'><strong>unitati</strong></span> <span class='ocrx_word' id='word_1_58' title='bbox 1141 1627 1290 1692; x_wconf 82' lang='lat' dir='ltr'><strong>ccclesiae</strong></span> <span class='ocrx_word' id='word_1_59' title='bbox 1311 1648 1390 1707; x_wconf 88' lang='lat' dir='ltr'><strong>uno,</strong></span> <span class='ocrx_word' id='word_1_60' title='bbox 1415 1634 1585 1710; x_wconf 79' lang='lat' dir='ltr'><strong>coruptouo</strong></span> 
     </span>
     <span class='ocr_line' id='line_1_9' title="bbox 426 1736 1402 1821; baseline -0.001 -19"><span class='ocrx_word' id='word_1_61' title='bbox 426 1761 485 1821; x_wconf 90' lang='lat' dir='ltr'><strong>quc</strong></span> <span class='ocrx_word' id='word_1_62' title='bbox 506 1745 618 1821; x_wconf 81' lang='lat' dir='ltr'><strong>capite,</strong></span> <span class='ocrx_word' id='word_1_63' title='bbox 642 1737 775 1817; x_wconf 84' lang='lat' dir='ltr'><strong>doctore,</strong></span> <span class='ocrx_word' id='word_1_64' title='bbox 795 1759 1000 1821; x_wconf 81' lang='lat' dir='ltr'><strong>supremoque</strong></span> <span class='ocrx_word' id='word_1_65' title='bbox 1016 1739 1162 1818; x_wconf 79' lang='lat' dir='ltr'><strong>praeside</strong></span> <span class='ocrx_word' id='word_1_66' title='bbox 1180 1736 1402 1802; x_wconf 79' lang='lat' dir='ltr'><strong>cnuolcretur.</strong></span> 
     </span>
    </p>
   </div>
   <div class='ocr_carea' id='block_1_5' title="bbox 208 1947 1638 4161">
    <p class='ocr_par' dir='ltr' id='par_1_5' title="bbox 208 1947 1637 2960">
     <span class='ocr_line' id='line_1_10' title="bbox 319 1947 1586 2079; baseline -0.002 -15"><span class='ocrx_word' id='word_1_67' title='bbox 319 2007 389 2065; x_wconf 79' lang='grc'><strong>376.</strong></span> <span class='ocrx_word' id='word_1_68' title='bbox 426 1947 579 2063; x_wconf 69' lang='lat' dir='ltr'><strong>omnibus</strong></span> <span class='ocrx_word' id='word_1_69' title='bbox 600 1996 782 2079; x_wconf 85' lang='lat' dir='ltr'><strong>exploratum</strong></span> <span class='ocrx_word' id='word_1_70' title='bbox 804 2014 874 2061; x_wconf 88' lang='lat' dir='ltr'><strong>esse</strong></span> <span class='ocrx_word' id='word_1_71' title='bbox 894 1997 1028 2077; x_wconf 79' lang='lat' dir='ltr'>arbitror,</span> <span class='ocrx_word' id='word_1_72' title='bbox 1050 2016 1116 2062; x_wconf 90' lang='lat' dir='ltr'><strong>eam</strong></span> <span class='ocrx_word' id='word_1_73' title='bbox 1137 2015 1207 2061; x_wconf 90' lang='lat' dir='ltr'><strong>esse</strong></span> <span class='ocrx_word' id='word_1_74' title='bbox 1228 1996 1266 2060; x_wconf 90' lang='lat' dir='ltr'><strong>de</strong></span> <span class='ocrx_word' id='word_1_75' title='bbox 1280 1997 1406 2079; x_wconf 89' lang='lat' dir='ltr'><strong>primatu</strong></span> <span class='ocrx_word' id='word_1_76' title='bbox 1420 1997 1501 2062; x_wconf 88' lang='lat' dir='ltr'><strong>Petri</strong></span> <span class='ocrx_word' id='word_1_77' title='bbox 1521 2015 1586 2062; x_wconf 89' lang='lat' dir='ltr'><strong>coa·</strong></span> 
     </span>
     <span class='ocr_line' id='line_1_11' title="bbox 210 2105 1588 2192; baseline -0.005 -15"><span class='ocrx_word' id='word_1_78' title='bbox 210 2112 401 2189; x_wconf 89' lang='lat' dir='ltr'><strong>troversiam,</strong></span> <span class='ocrx_word' id='word_1_79' title='bbox 431 2128 506 2192; x_wconf 88' lang='lat' dir='ltr'><strong>qnae</strong></span> <span class='ocrx_word' id='word_1_80' title='bbox 535 2107 572 2172; x_wconf 90' lang='lat' dir='ltr'><strong>ad</strong></span> <span class='ocrx_word' id='word_1_81' title='bbox 591 2108 795 2190; x_wconf 90' lang='lat' dir='ltr'><strong>quaestionem</strong></span> <span class='ocrx_word' id='word_1_82' title='bbox 819 2106 857 2171; x_wconf 91' lang='lat' dir='ltr'><strong>de</strong></span> <span class='ocrx_word' id='word_1_83' title='bbox 879 2106 1023 2190; x_wconf 74' lang='lat' dir='ltr'>inaequali</span> <span class='ocrx_word' id='word_1_84' title='bbox 1049 2105 1249 2189; x_wconf 82' lang='lat' dir='ltr'><strong>apestolorum</strong></span> <span class='ocrx_word' id='word_1_85' title='bbox 1269 2107 1400 2190; x_wconf 87' lang='lat' dir='ltr'><strong>collegio</strong></span> <span class='ocrx_word' id='word_1_86' title='bbox 1423 2114 1588 2171; x_wconf 59' lang='lat' dir='ltr'><strong>emunah</strong></span> 
     </span>
     <span class='ocr_line' id='line_1_12' title="bbox 209 2215 1588 2300; baseline -0.002 -16"><span class='ocrx_word' id='word_1_87' title='bbox 209 2227 385 2300; x_wconf 78' lang='lat' dir='ltr'><strong>revocetur,</strong></span> <span class='ocrx_word' id='word_1_88' title='bbox 415 2224 575 2299; x_wconf 69' lang='lat' dir='ltr'><strong>apecwttm</strong></span> <span class='ocrx_word' id='word_1_89' title='bbox 595 2233 669 2280; x_wconf 82' lang='lat' dir='ltr'><strong>vero</strong></span> <span class='ocrx_word' id='word_1_90' title='bbox 689 2234 727 2280; x_wconf 88' lang='lat' dir='ltr'><strong>an</strong></span> <span class='ocrx_word' id='word_1_91' title='bbox 745 2223 887 2296; x_wconf 67' lang='lat' dir='ltr'><strong>macene</strong></span> <span class='ocrx_word' id='word_1_92' title='bbox 909 2216 946 2280; x_wconf 86' lang='lat' dir='ltr'><strong>ad</strong></span> <span class='ocrx_word' id='word_1_93' title='bbox 966 2216 1046 2279; x_wconf 84' lang='lat' dir='ltr'><strong>hanc</strong></span> <span class='ocrx_word' id='word_1_94' title='bbox 1065 2215 1250 2298; x_wconf 87' lang='lat' dir='ltr'><strong>indaginem,</strong></span> <span class='ocrx_word' id='word_1_95' title='bbox 1272 2223 1368 2281; x_wconf 75' lang='lat' dir='ltr'><strong>nuum</strong></span> <span class='ocrx_word' id='word_1_96' title='bbox 1390 2216 1525 2283; x_wconf 68' lang='lat' dir='ltr'><strong>(tristes</strong></span> <span class='ocrx_word' id='word_1_97' title='bbox 1544 2236 1588 2281; x_wconf 74' lang='lat' dir='ltr'><strong>eo</strong></span> 
     </span>
     <span class='ocr_line' id='line_1_13' title="bbox 210 2325 1589 2410; baseline 0.001 -19"><span class='ocrx_word' id='word_1_98' title='bbox 210 2330 321 2394; x_wconf 85' lang='lat' dir='ltr'><strong>clasiae</strong></span> <span class='ocrx_word' id='word_1_99' title='bbox 343 2335 449 2392; x_wconf 86' lang='lat' dir='ltr'><strong>auctor</strong></span> <span class='ocrx_word' id='word_1_100' title='bbox 470 2335 559 2409; x_wconf 88' lang='lat' dir='ltr'><strong>atque</strong></span> <span class='ocrx_word' id='word_1_101' title='bbox 579 2326 724 2390; x_wconf 90' lang='lat' dir='ltr'><strong>institutor</strong></span> <span class='ocrx_word' id='word_1_102' title='bbox 747 2325 875 2407; x_wconf 87' lang='lat' dir='ltr'><strong>aliquem</strong></span> <span class='ocrx_word' id='word_1_103' title='bbox 896 2346 935 2389; x_wconf 90' lang='lat' dir='ltr'><strong>ex</strong></span> <span class='ocrx_word' id='word_1_104' title='bbox 955 2325 1110 2408; x_wconf 86' lang='lat' dir='ltr'><strong>apostolis,</strong></span> <span class='ocrx_word' id='word_1_105' title='bbox 1140 2334 1172 2390; x_wconf 91' lang='lat' dir='ltr'><strong>et</strong></span> <span class='ocrx_word' id='word_1_106' title='bbox 1192 2345 1280 2410; x_wconf 63' lang='lat' dir='ltr'><strong>mem</strong></span> <span class='ocrx_word' id='word_1_107' title='bbox 1301 2346 1341 2391; x_wconf 88' lang='lat' dir='ltr'><strong>ex</strong></span> <span class='ocrx_word' id='word_1_108' title='bbox 1360 2328 1396 2391; x_wconf 90' lang='lat' dir='ltr'><strong>iis</strong></span> <span class='ocrx_word' id='word_1_109' title='bbox 1416 2334 1589 2392; x_wconf 63' lang='lat' dir='ltr'><strong>mmuh</strong></span> 
     </span>
     <span class='ocr_line' id='line_1_14' title="bbox 210 2426 1637 2518; baseline 0 -16"><span class='ocrx_word' id='word_1_110' title='bbox 210 2439 320 2503; x_wconf 89' lang='lat' dir='ltr'><strong>ceteris</strong></span> <span class='ocrx_word' id='word_1_111' title='bbox 345 2437 481 2501; x_wconf 91' lang='lat' dir='ltr'><strong>omnibus</strong></span> <span class='ocrx_word' id='word_1_112' title='bbox 509 2436 718 2517; x_wconf 78' lang='lat' dir='ltr'><strong>antepomerit</strong></span> <span class='ocrx_word' id='word_1_113' title='bbox 760 2434 1011 2508; x_wconf 81' lang='lat' dir='ltr'><strong>Quemadmodum</strong></span> <span class='ocrx_word' id='word_1_114' title='bbox 1033 2436 1111 2499; x_wconf 88' lang='lat' dir='ltr'><strong>enim</strong></span> <span class='ocrx_word' id='word_1_115' title='bbox 1132 2436 1229 2499; x_wconf 78' lang='lat' dir='ltr'><strong>nullm</strong></span> <span class='ocrx_word' id='word_1_116' title='bbox 1252 2454 1323 2500; x_wconf 87' lang='lat' dir='ltr'><strong>esse</strong></span> <span class='ocrx_word' id='word_1_117' title='bbox 1343 2436 1498 2518; x_wconf 86' lang='lat' dir='ltr'><strong>potuisset</strong></span> <span class='ocrx_word' id='word_1_118' title='bbox 1512 2437 1589 2502; x_wconf 75' lang='lat' dir='ltr'><strong>locu</strong></span> <span class='ocrx_word' id='word_1_119' title='bbox 1635 2426 1637 2479; x_wconf 77' lang='lat'><strong>⁴</strong></span> 
     </span>
     <span class='ocr_line' id='line_1_15' title="bbox 209 2545 1637 2631; baseline -0.011 -19"><span class='ocrx_word' id='word_1_120' title='bbox 209 2549 317 2631; x_wconf 85' lang='lat' dir='ltr'><strong>potiori</strong></span> <span class='ocrx_word' id='word_1_121' title='bbox 336 2548 477 2629; x_wconf 79' lang='lat' dir='ltr'><strong>primatus</strong></span> <span class='ocrx_word' id='word_1_122' title='bbox 496 2545 646 2628; x_wconf 73' lang='lat' dir='ltr'><strong>digaiab,</strong></span> <span class='ocrx_word' id='word_1_123' title='bbox 669 2545 695 2608; x_wconf 89' lang='lat' dir='ltr'><strong>ai</strong></span> <span class='ocrx_word' id='word_1_124' title='bbox 715 2561 820 2608; x_wconf 90' lang='lat' dir='ltr'><strong>omnes</strong></span> <span class='ocrx_word' id='word_1_125' title='bbox 841 2561 997 2626; x_wconf 84' lang='lat' dir='ltr'><strong>exaequo</strong></span> <span class='ocrx_word' id='word_1_126' title='bbox 1018 2550 1131 2627; x_wconf 86' lang='lat' dir='ltr'><strong>pares¹</strong></span> <span class='ocrx_word' id='word_1_127' title='bbox 1154 2545 1278 2610; x_wconf 83' lang='lat' dir='ltr'><strong>luissent</strong></span> <span class='ocrx_word' id='word_1_128' title='bbox 1297 2545 1432 2627; x_wconf 82' lang='lat' dir='ltr'><strong>apostoli,</strong></span> <span class='ocrx_word' id='word_1_129' title='bbox 1453 2547 1589 2630; x_wconf 77' lang='lat' dir='ltr'><strong>nulloque</strong></span> <span class='ocrx_word' id='word_1_130' title='bbox 1636 2576 1637 2597; x_wconf 52' lang='lat' dir='ltr'><strong>r</strong></span> 
     </span>
     <span class='ocr_line' id='line_1_16' title="bbox 209 2653 1589 2737; baseline -0.001 -15"><span class='ocrx_word' id='word_1_131' title='bbox 209 2657 247 2722; x_wconf 90' lang='lat' dir='ltr'><strong>ab</strong></span> <span class='ocrx_word' id='word_1_132' title='bbox 267 2658 397 2721; x_wconf 88' lang='lat' dir='ltr'><strong>invicem</strong></span> <span class='ocrx_word' id='word_1_133' title='bbox 418 2656 540 2719; x_wconf 89' lang='lat' dir='ltr'><strong>honoris</strong></span> <span class='ocrx_word' id='word_1_134' title='bbox 561 2655 800 2736; x_wconf 75' lang='lat' dir='ltr'><strong>auctoritatisque</strong></span> <span class='ocrx_word' id='word_1_135' title='bbox 822 2653 916 2737; x_wconf 91' lang='lat' dir='ltr'><strong>gradu</strong></span> <span class='ocrx_word' id='word_1_136' title='bbox 936 2655 1060 2737; x_wconf 81' lang='lat' dir='ltr'><strong>secreti3</strong></span> <span class='ocrx_word' id='word_1_137' title='bbox 1082 2655 1120 2718; x_wconf 91' lang='lat' dir='ltr'><strong>ita</strong></span> <span class='ocrx_word' id='word_1_138' title='bbox 1138 2654 1282 2718; x_wconf 88' lang='lat' dir='ltr'><strong>eiusmodi</strong></span> <span class='ocrx_word' id='word_1_139' title='bbox 1295 2662 1342 2719; x_wconf 89' lang='lat' dir='ltr'><strong>est</strong></span> <span class='ocrx_word' id='word_1_140' title='bbox 1355 2656 1500 2737; x_wconf 89' lang='lat' dir='ltr'><strong>primatus</strong></span> <span class='ocrx_word' id='word_1_141' title='bbox 1513 2658 1589 2737; x_wconf 87' lang='lat' dir='ltr'><strong>ratio,</strong></span> 
     </span>
     <span class='ocr_line' id='line_1_17' title="bbox 208 2761 1589 2850; baseline -0.001 -18"><span class='ocrx_word' id='word_1_142' title='bbox 208 2767 325 2832; x_wconf 77' lang='lat' dir='ltr'><strong>indoles</strong></span> <span class='ocrx_word' id='word_1_143' title='bbox 346 2784 384 2831; x_wconf 88' lang='lat' dir='ltr'><strong>an</strong></span> <span class='ocrx_word' id='word_1_144' title='bbox 404 2773 522 2845; x_wconf 79' lang='lat' dir='ltr'><strong>aalma,</strong></span> <span class='ocrx_word' id='word_1_145' title='bbox 543 2772 575 2828; x_wconf 92' lang='lat' dir='ltr'><strong>ut</strong></span> <span class='ocrx_word' id='word_1_146' title='bbox 594 2770 663 2827; x_wconf 72' lang='lat' dir='ltr'><strong>atara</strong></span> <span class='ocrx_word' id='word_1_147' title='bbox 684 2770 768 2827; x_wconf 84' lang='lat' dir='ltr'><strong>certo</strong></span> <span class='ocrx_word' id='word_1_148' title='bbox 788 2761 972 2845; x_wconf 81' lang='lat' dir='ltr'><strong>dcfinttoque</strong></span> <span class='ocrx_word' id='word_1_149' title='bbox 992 2771 1044 2826; x_wconf 86' lang='lat' dir='ltr'><strong>cut</strong></span> <span class='ocrx_word' id='word_1_150' title='bbox 1062 2771 1138 2828; x_wconf 74' lang='lat' dir='ltr'><strong>ureb</strong></span> <span class='ocrx_word' id='word_1_151' title='bbox 1157 2761 1309 2841; x_wconf 68' lang='lat' dir='ltr'><strong>mbtectm</strong></span> <span class='ocrx_word' id='word_1_152' title='bbox 1335 2784 1375 2828; x_wconf 91' lang='lat' dir='ltr'><strong>ne</strong></span> <span class='ocrx_word' id='word_1_153' title='bbox 1394 2767 1514 2848; x_wconf 86' lang='lat' dir='ltr'><strong>pereipi</strong></span> <span class='ocrx_word' id='word_1_154' title='bbox 1533 2766 1589 2850; x_wconf 80' lang='lat' dir='ltr'><strong>qui</strong></span> 
     </span>
     <span class='ocr_line' id='line_1_18' title="bbox 209 2873 869 2960; baseline -0.02 -17"><span class='ocrx_word' id='word_1_155' title='bbox 209 2879 277 2943; x_wconf 91' lang='lat' dir='ltr'><strong>dem</strong></span> <span class='ocrx_word' id='word_1_156' title='bbox 300 2875 461 2960; x_wconf 90' lang='lat' dir='ltr'><strong>cogitando</strong></span> <span class='ocrx_word' id='word_1_157' title='bbox 479 2893 570 2957; x_wconf 85' lang='lat' dir='ltr'><strong>posse</strong></span> <span class='ocrx_word' id='word_1_158' title='bbox 590 2873 731 2937; x_wconf 73' lang='lat' dir='ltr'><strong>videaur.</strong></span> <span class='ocrx_word' id='word_1_159' title='bbox 862 2919 869 2929; x_wconf 93' lang='lat'><strong>.</strong></span> 
     </span>
    </p>

    <p class='ocr_par' dir='ltr' id='par_1_6' title="bbox 209 2980 1638 4161">
     <span class='ocr_line' id='line_1_19' title="bbox 317 2980 1591 3066; baseline -0.002 -16"><span class='ocrx_word' id='word_1_160' title='bbox 317 2985 366 3051; x_wconf 75' lang='lat' dir='ltr'><strong>Ad</strong></span> <span class='ocrx_word' id='word_1_161' title='bbox 385 2983 563 3049; x_wconf 87' lang='lat' dir='ltr'><strong>dirimendas</strong></span> <span class='ocrx_word' id='word_1_162' title='bbox 585 2990 683 3047; x_wconf 90' lang='lat' dir='ltr'><strong>autem</strong></span> <span class='ocrx_word' id='word_1_163' title='bbox 703 2983 906 3066; x_wconf 76' lang='lat' dir='ltr'><strong>quaestiones,</strong></span> <span class='ocrx_word' id='word_1_164' title='bbox 933 2980 1080 3062; x_wconf 58' lang='lat' dir='ltr'><strong>amodes</strong></span> <span class='ocrx_word' id='word_1_165' title='bbox 1102 3004 1141 3046; x_wconf 83' lang='lat' dir='ltr'><strong>nc</strong></span> <span class='ocrx_word' id='word_1_166' title='bbox 1166 2987 1288 3047; x_wconf 73' lang='lat' dir='ltr'><strong>onntrro</strong></span> <span class='ocrx_word' id='word_1_167' title='bbox 1302 2980 1427 3065; x_wconf 62' lang='lat' dir='ltr'><strong>&#39;iamt</strong></span> <span class='ocrx_word' id='word_1_168' title='bbox 1448 3006 1494 3047; x_wconf 85' lang='lat' dir='ltr'><strong>on</strong></span> <span class='ocrx_word' id='word_1_169' title='bbox 1514 2991 1591 3048; x_wconf 75' lang='lat' dir='ltr'><strong>inae</strong></span> 
     </span>
     <span class='ocr_line' id='line_1_20' title="bbox 209 3090 1589 3178; baseline -0.002 -19"><span class='ocrx_word' id='word_1_170' title='bbox 209 3094 319 3178; x_wconf 82' lang='lat' dir='ltr'><strong>quoles</strong></span> <span class='ocrx_word' id='word_1_171' title='bbox 342 3092 488 3175; x_wconf 73' lang='lat' dir='ltr'><strong>apostoli,</strong></span> <span class='ocrx_word' id='word_1_172' title='bbox 517 3110 555 3157; x_wconf 90' lang='lat' dir='ltr'><strong>ac</strong></span> <span class='ocrx_word' id='word_1_173' title='bbox 575 3101 682 3157; x_wconf 78' lang='lat' dir='ltr'><strong>utrum</strong></span> <span class='ocrx_word' id='word_1_174' title='bbox 701 3114 745 3155; x_wconf 76' lang='lat' dir='ltr'><strong>etc</strong></span> <span class='ocrx_word' id='word_1_175' title='bbox 765 3099 805 3155; x_wconf 86' lang='lat' dir='ltr'><strong>ita</strong></span> <span class='ocrx_word' id='word_1_176' title='bbox 825 3090 940 3172; x_wconf 58' lang='lat' dir='ltr'><strong>nlwda</strong></span> <span class='ocrx_word' id='word_1_177' title='bbox 961 3090 1075 3156; x_wconf 77' lang='lat' dir='ltr'><strong>imore</strong></span> <span class='ocrx_word' id='word_1_178' title='bbox 1100 3100 1130 3156; x_wconf 85' lang='lat' dir='ltr'><strong>ct</strong></span> <span class='ocrx_word' id='word_1_179' title='bbox 1149 3092 1297 3176; x_wconf 65' lang='lat' dir='ltr'><strong>dtprttwc</strong></span> <span class='ocrx_word' id='word_1_180' title='bbox 1315 3090 1442 3172; x_wconf 68' lang='lat' dir='ltr'><strong>rone·</strong></span> <span class='ocrx_word' id='word_1_181' title='bbox 1461 3099 1589 3171; x_wconf 71' lang='lat' dir='ltr'><strong>ornent</strong></span> 
     </span>
     <span class='ocr_line' id='line_1_21' title="bbox 209 3201 1592 3288; baseline -0.002 -18"><span class='ocrx_word' id='word_1_182' title='bbox 209 3213 281 3270; x_wconf 81' lang='lat' dir='ltr'><strong>terit</strong></span> <span class='ocrx_word' id='word_1_183' title='bbox 289 3232 299 3283; x_wconf 90' lang='lat'><strong>,·</strong></span> <span class='ocrx_word' id='word_1_184' title='bbox 324 3212 448 3288; x_wconf 68' lang='lat' dir='ltr'><strong>quanm</strong></span> <span class='ocrx_word' id='word_1_185' title='bbox 461 3204 645 3286; x_wconf 88' lang='lat' dir='ltr'><strong>potissimum</strong></span> <span class='ocrx_word' id='word_1_186' title='bbox 660 3202 787 3265; x_wconf 79' lang='lat' dir='ltr'><strong>examini</strong></span> <span class='ocrx_word' id='word_1_187' title='bbox 800 3201 983 3265; x_wconf 89' lang='lat' dir='ltr'><strong>subiicienda</strong></span> <span class='ocrx_word' id='word_1_188' title='bbox 998 3202 1187 3266; x_wconf 88' lang='lat' dir='ltr'><strong>videbantur:</strong></span> <span class='ocrx_word' id='word_1_189' title='bbox 1209 3202 1288 3265; x_wconf 89' lang='lat' dir='ltr'><strong>dicta</strong></span> <span class='ocrx_word' id='word_1_190' title='bbox 1309 3202 1434 3283; x_wconf 91' lang='lat' dir='ltr'><strong>primum</strong></span> <span class='ocrx_word' id='word_1_191' title='bbox 1451 3211 1592 3286; x_wconf 82' lang='lat' dir='ltr'><strong>gestaque</strong></span> 
     </span>
     <span class='ocr_line' id='line_1_22' title="bbox 209 3290 1638 3397; baseline -0.003 -17"><span class='ocrx_word' id='word_1_192' title='bbox 209 3317 315 3380; x_wconf 80' lang='lat' dir='ltr'><strong>Christi</strong></span> <span class='ocrx_word' id='word_1_193' title='bbox 337 3313 374 3378; x_wconf 93' lang='lat' dir='ltr'><strong>ad</strong></span> <span class='ocrx_word' id='word_1_194' title='bbox 396 3314 546 3396; x_wconf 87' lang='lat' dir='ltr'><strong>apostolos</strong></span> <span class='ocrx_word' id='word_1_195' title='bbox 566 3312 755 3397; x_wconf 86' lang='lat' dir='ltr'><strong>pertinentia:</strong></span> <span class='ocrx_word' id='word_1_196' title='bbox 778 3311 911 3375; x_wconf 88' lang='lat' dir='ltr'><strong>eiusdem</strong></span> <span class='ocrx_word' id='word_1_197' title='bbox 929 3310 1036 3375; x_wconf 91' lang='lat' dir='ltr'><strong>deinde</strong></span> <span class='ocrx_word' id='word_1_198' title='bbox 1052 3310 1139 3375; x_wconf 85' lang='lat' dir='ltr'><strong>ellata</strong></span> <span class='ocrx_word' id='word_1_199' title='bbox 1156 3330 1232 3395; x_wconf 88' lang='lat' dir='ltr'><strong>quae</strong></span> <span class='ocrx_word' id='word_1_200' title='bbox 1247 3310 1428 3394; x_wconf 83' lang='lat' dir='ltr'><strong>singularem</strong></span> <span class='ocrx_word' id='word_1_201' title='bbox 1442 3312 1592 3394; x_wconf 80' lang='lat' dir='ltr'><strong>praeiens</strong></span> <span class='ocrx_word' id='word_1_202' title='bbox 1637 3290 1638 3301; x_wconf 10' lang='grc' dir='ltr'>ἵ</span> 
     </span>
     <span class='ocr_line' id='line_1_23' title="bbox 210 3396 1593 3504; baseline -0.002 -15"><span class='ocrx_word' id='word_1_203' title='bbox 210 3426 419 3489; x_wconf 86' lang='lat' dir='ltr'><strong>institutionem</strong></span> <span class='ocrx_word' id='word_1_204' title='bbox 441 3422 623 3487; x_wconf 84' lang='lat' dir='ltr'><strong>viderentur:</strong></span> <span class='ocrx_word' id='word_1_205' title='bbox 643 3428 705 3483; x_wconf 83' lang='lat' dir='ltr'><strong>inm</strong></span> <span class='ocrx_word' id='word_1_206' title='bbox 720 3428 861 3485; x_wconf 78' lang='lat' dir='ltr'><strong>conatum</strong></span> <span class='ocrx_word' id='word_1_207' title='bbox 881 3428 911 3484; x_wconf 90' lang='lat' dir='ltr'><strong>et</strong></span> <span class='ocrx_word' id='word_1_208' title='bbox 924 3421 1028 3484; x_wconf 89' lang='lat' dir='ltr'><strong>usitata</strong></span> <span class='ocrx_word' id='word_1_209' title='bbox 1050 3421 1248 3504; x_wconf 80' lang='lat' dir='ltr'><strong>evangelistis,</strong></span> <span class='ocrx_word' id='word_1_210' title='bbox 1270 3396 1440 3503; x_wconf 80' lang='lat' dir='ltr'><strong>ceterisque</strong></span> <span class='ocrx_word' id='word_1_211' title='bbox 1459 3421 1593 3486; x_wconf 67' lang='lat' dir='ltr'><strong>bamam</strong></span> 
     </span>
     <span class='ocr_line' id='line_1_24' title="bbox 211 3529 1593 3612; baseline -0.002 -14"><span class='ocrx_word' id='word_1_212' title='bbox 211 3534 315 3598; x_wconf 83' lang='lat' dir='ltr'><strong>afflatis</strong></span> <span class='ocrx_word' id='word_1_213' title='bbox 336 3532 506 3597; x_wconf 74' lang='lat' dir='ltr'><strong>nonoribus</strong></span> <span class='ocrx_word' id='word_1_214' title='bbox 527 3529 646 3595; x_wconf 92' lang='lat' dir='ltr'><strong>dicendi</strong></span> <span class='ocrx_word' id='word_1_215' title='bbox 665 3529 873 3612; x_wconf 89' lang='lat' dir='ltr'><strong>scribendique</strong></span> <span class='ocrx_word' id='word_1_216' title='bbox 888 3529 982 3595; x_wconf 85' lang='lat' dir='ltr'><strong>torma</strong></span> <span class='ocrx_word' id='word_1_217' title='bbox 997 3548 1035 3593; x_wconf 87' lang='lat' dir='ltr'><strong>ac</strong></span> <span class='ocrx_word' id='word_1_218' title='bbox 1052 3531 1140 3594; x_wconf 89' lang='lat' dir='ltr'><strong>ratio:</strong></span> <span class='ocrx_word' id='word_1_219' title='bbox 1162 3530 1284 3595; x_wconf 89' lang='lat' dir='ltr'><strong>historia</strong></span> <span class='ocrx_word' id='word_1_220' title='bbox 1301 3537 1453 3612; x_wconf 89' lang='lat' dir='ltr'><strong>postremo</strong></span> <span class='ocrx_word' id='word_1_221' title='bbox 1474 3532 1593 3596; x_wconf 89' lang='lat' dir='ltr'><strong>orientis</strong></span> 
     </span>
     <span class='ocr_line' id='line_1_25' title="bbox 211 3639 1592 3723; baseline -0.003 -15"><span class='ocrx_word' id='word_1_222' title='bbox 211 3642 372 3722; x_wconf 85' lang='lat' dir='ltr'><strong>ecclesiae,</strong></span> <span class='ocrx_word' id='word_1_223' title='bbox 398 3658 488 3723; x_wconf 89' lang='lat' dir='ltr'><strong>equa</strong></span> <span class='ocrx_word' id='word_1_224' title='bbox 506 3641 704 3721; x_wconf 86' lang='lat' dir='ltr'><strong>coniecturae,</strong></span> <span class='ocrx_word' id='word_1_225' title='bbox 727 3639 775 3702; x_wconf 88' lang='lat' dir='ltr'><strong>vel</strong></span> <span class='ocrx_word' id='word_1_226' title='bbox 794 3646 876 3702; x_wconf 88' lang='lat' dir='ltr'><strong>certa</strong></span> <span class='ocrx_word' id='word_1_227' title='bbox 899 3639 986 3703; x_wconf 90' lang='lat' dir='ltr'><strong>etiam</strong></span> <span class='ocrx_word' id='word_1_228' title='bbox 1006 3640 1114 3703; x_wconf 91' lang='lat' dir='ltr'><strong>indicia</strong></span> <span class='ocrx_word' id='word_1_229' title='bbox 1134 3647 1305 3722; x_wconf 88' lang='lat' dir='ltr'><strong>peterentur</strong></span> <span class='ocrx_word' id='word_1_230' title='bbox 1324 3642 1488 3723; x_wconf 88' lang='lat' dir='ltr'><strong>potestatis,</strong></span> <span class='ocrx_word' id='word_1_231' title='bbox 1510 3659 1592 3723; x_wconf 88' lang='lat' dir='ltr'><strong>qnam</strong></span> 
     </span>
     <span class='ocr_line' id='line_1_26' title="bbox 212 3748 1593 3832; baseline -0.001 -16"><span class='ocrx_word' id='word_1_232' title='bbox 212 3759 262 3816; x_wconf 88' lang='lat' dir='ltr'><strong>aut</strong></span> <span class='ocrx_word' id='word_1_233' title='bbox 289 3769 393 3814; x_wconf 92' lang='lat' dir='ltr'><strong>omnes</strong></span> <span class='ocrx_word' id='word_1_234' title='bbox 419 3750 529 3832; x_wconf 89' lang='lat' dir='ltr'><strong>pariter</strong></span> <span class='ocrx_word' id='word_1_235' title='bbox 553 3748 677 3830; x_wconf 89' lang='lat' dir='ltr'><strong>apostoli</strong></span> <span class='ocrx_word' id='word_1_236' title='bbox 705 3750 907 3830; x_wconf 85' lang='lat' dir='ltr'><strong>exercuerint,</strong></span> <span class='ocrx_word' id='word_1_237' title='bbox 939 3757 988 3813; x_wconf 91' lang='lat' dir='ltr'><strong>aut</strong></span> <span class='ocrx_word' id='word_1_238' title='bbox 1017 3768 1092 3813; x_wconf 88' lang='lat' dir='ltr'><strong>unus</strong></span> <span class='ocrx_word' id='word_1_239' title='bbox 1121 3749 1178 3814; x_wconf 91' lang='lat' dir='ltr'><strong>sibi</strong></span> <span class='ocrx_word' id='word_1_240' title='bbox 1204 3768 1276 3831; x_wconf 86' lang='lat' dir='ltr'><strong>prae</strong></span> <span class='ocrx_word' id='word_1_241' title='bbox 1296 3751 1407 3815; x_wconf 88' lang='lat' dir='ltr'><strong>ceteris</strong></span> <span class='ocrx_word' id='word_1_242' title='bbox 1434 3750 1593 3815; x_wconf 75' lang='lat' dir='ltr'><strong>rindicmit</strong></span> 
     </span>
     <span class='ocr_line' id='line_1_27' title="bbox 212 3857 1594 3942; baseline -0.002 -16"><span class='ocrx_word' id='word_1_243' title='bbox 212 3861 244 3928; x_wconf 87' lang='lat' dir='ltr'><strong>si</strong></span> <span class='ocrx_word' id='word_1_244' title='bbox 265 3862 344 3924; x_wconf 88' lang='lat' dir='ltr'><strong>enim</strong></span> <span class='ocrx_word' id='word_1_245' title='bbox 365 3879 405 3923; x_wconf 85' lang='lat' dir='ltr'><strong>ex</strong></span> <span class='ocrx_word' id='word_1_246' title='bbox 427 3858 511 3922; x_wconf 85' lang='lat' dir='ltr'><strong>hisce</strong></span> <span class='ocrx_word' id='word_1_247' title='bbox 531 3857 671 3941; x_wconf 85' lang='lat' dir='ltr'><strong>capitibus</strong></span> <span class='ocrx_word' id='word_1_248' title='bbox 690 3859 722 3922; x_wconf 91' lang='lat' dir='ltr'><strong>in</strong></span> <span class='ocrx_word' id='word_1_249' title='bbox 742 3876 830 3922; x_wconf 88' lang='lat' dir='ltr'><strong>anam</strong></span> <span class='ocrx_word' id='word_1_250' title='bbox 851 3857 940 3922; x_wconf 89' lang='lat' dir='ltr'><strong>velati</strong></span> <span class='ocrx_word' id='word_1_251' title='bbox 954 3859 1126 3922; x_wconf 85' lang='lat' dir='ltr'><strong>sententiam</strong></span> <span class='ocrx_word' id='word_1_252' title='bbox 1148 3859 1385 3941; x_wconf 87' lang='lat' dir='ltr'><strong>conspirantibus</strong></span> <span class='ocrx_word' id='word_1_253' title='bbox 1402 3858 1514 3942; x_wconf 89' lang='lat' dir='ltr'><strong>liquido</strong></span> <span class='ocrx_word' id='word_1_254' title='bbox 1536 3860 1594 3925; x_wconf 82' lang='lat' dir='ltr'><strong>evi·</strong></span> 
     </span>
     <span class='ocr_line' id='line_1_28' title="bbox 215 3967 1593 4053; baseline -0.001 -19"><span class='ocrx_word' id='word_1_255' title='bbox 215 3970 377 4053; x_wconf 89' lang='lat' dir='ltr'><strong>deatcrque</strong></span> <span class='ocrx_word' id='word_1_256' title='bbox 391 3970 598 4047; x_wconf 83' lang='lat' dir='ltr'><strong>imaotesceret,</strong></span> <span class='ocrx_word' id='word_1_257' title='bbox 623 3975 736 4031; x_wconf 76' lang='lat' dir='ltr'><strong>eertum</strong></span> <span class='ocrx_word' id='word_1_258' title='bbox 755 3969 911 4049; x_wconf 90' lang='lat' dir='ltr'><strong>quemdam</strong></span> <span class='ocrx_word' id='word_1_259' title='bbox 932 3987 971 4031; x_wconf 84' lang='lat' dir='ltr'><strong>ex</strong></span> <span class='ocrx_word' id='word_1_260' title='bbox 991 3967 1140 4049; x_wconf 87' lang='lat' dir='ltr'><strong>apostolis,</strong></span> <span class='ocrx_word' id='word_1_261' title='bbox 1162 3986 1290 4050; x_wconf 88' lang='lat' dir='ltr'><strong>eumque</strong></span> <span class='ocrx_word' id='word_1_262' title='bbox 1305 3970 1456 4035; x_wconf 88' lang='lat' dir='ltr'><strong>Simonem</strong></span> <span class='ocrx_word' id='word_1_263' title='bbox 1470 3968 1593 4049; x_wconf 65' lang='lat' dir='ltr'><strong>Parum,</strong></span> 
     </span>
     <span class='ocr_line' id='line_1_29' title="bbox 216 4076 1594 4161; baseline -0.002 -18"><span class='ocrx_word' id='word_1_264' title='bbox 216 4080 318 4161; x_wconf 75' lang='lat' dir='ltr'><strong>iadis,</strong></span> <span class='ocrx_word' id='word_1_265' title='bbox 346 4079 489 4160; x_wconf 86' lang='lat' dir='ltr'><strong>dictisque</strong></span> <span class='ocrx_word' id='word_1_266' title='bbox 519 4076 611 4141; x_wconf 84' lang='lat' dir='ltr'><strong>luisse</strong></span> <span class='ocrx_word' id='word_1_267' title='bbox 635 4096 653 4140; x_wconf 88' lang='lat' dir='ltr'><strong>a</strong></span> <span class='ocrx_word' id='word_1_268' title='bbox 675 4076 788 4140; x_wconf 86' lang='lat' dir='ltr'><strong>Christo</strong></span> <span class='ocrx_word' id='word_1_269' title='bbox 816 4095 835 4140; x_wconf 96' lang='lat' dir='ltr'><strong>e</strong></span> <span class='ocrx_word' id='word_1_270' title='bbox 855 4076 1035 4159; x_wconf 89' lang='lat' dir='ltr'><strong>reliquorum</strong></span> <span class='ocrx_word' id='word_1_271' title='bbox 1056 4094 1180 4140; x_wconf 87' lang='lat' dir='ltr'><strong>numero</strong></span> <span class='ocrx_word' id='word_1_272' title='bbox 1203 4086 1367 4160; x_wconf 87' lang='lat' dir='ltr'><strong>secretum,</strong></span> <span class='ocrx_word' id='word_1_273' title='bbox 1397 4079 1594 4161; x_wconf 85' lang='lat' dir='ltr'><strong>apostolisque</strong></span> 
     </span>
    </p>
   </div>
   <div class='ocr_carea' id='block_1_6' title="bbox 206 4275 1594 5099">
    <p class='ocr_par' dir='ltr' id='par_1_7' title="bbox 206 4275 1594 5099">
     <span class='ocr_line' id='line_1_30' title="bbox 280 4275 1592 4355; baseline 0.002 -20"><span class='ocrx_word' id='word_1_274' title='bbox 280 4279 306 4355; x_wconf 89' lang='lat'><strong>¹)</strong></span> <span class='ocrx_word' id='word_1_275' title='bbox 334 4279 413 4348; x_wconf 78' lang='lat' dir='ltr'><strong>Quod</strong></span> <span class='ocrx_word' id='word_1_276' title='bbox 440 4276 511 4334; x_wconf 89' lang='lat' dir='ltr'><strong>enim</strong></span> <span class='ocrx_word' id='word_1_277' title='bbox 537 4275 655 4334; x_wconf 78' lang='lat' dir='ltr'><strong>noanuii</strong></span> <span class='ocrx_word' id='word_1_278' title='bbox 679 4276 800 4350; x_wconf 72' lang='lat' dir='ltr'><strong>theologi</strong></span> <span class='ocrx_word' id='word_1_279' title='bbox 823 4293 880 4334; x_wconf 88' lang='lat' dir='ltr'><strong>ram</strong></span> <span class='ocrx_word' id='word_1_280' title='bbox 929 4277 1038 4352; x_wconf 89' lang='lat' dir='ltr'><strong>probari</strong></span> <span class='ocrx_word' id='word_1_281' title='bbox 1064 4277 1118 4335; x_wconf 89' lang='lat' dir='ltr'><strong>ullo</strong></span> <span class='ocrx_word' id='word_1_282' title='bbox 1144 4278 1227 4337; x_wconf 90' lang='lat' dir='ltr'><strong>modo</strong></span> <span class='ocrx_word' id='word_1_283' title='bbox 1252 4284 1351 4353; x_wconf 83' lang='lat' dir='ltr'><strong>puteat</strong></span> <span class='ocrx_word' id='word_1_284' title='bbox 1398 4279 1442 4337; x_wconf 79' lang='lat' dir='ltr'><strong>Ad</strong></span> <span class='ocrx_word' id='word_1_285' title='bbox 1461 4296 1517 4336; x_wconf 87' lang='lat' dir='ltr'><strong>rem</strong></span> <span class='ocrx_word' id='word_1_286' title='bbox 1543 4295 1592 4337; x_wconf 88' lang='lat' dir='ltr'><strong>nnn</strong></span> 
     </span>
     <span class='ocr_line' id='line_1_31' title="bbox 217 4382 1594 4461; baseline 0.001 -18"><span class='ocrx_word' id='word_1_287' title='bbox 217 4385 343 4461; x_wconf 86' lang='lat' dir='ltr'><strong>pingniaa</strong></span> <span class='ocrx_word' id='word_1_288' title='bbox 367 4384 546 4458; x_wconf 81' lang='lat' dir='ltr'><strong>expendentes</strong></span> <span class='ocrx_word' id='word_1_289' title='bbox 572 4382 727 4457; x_wconf 85' lang='lat' dir='ltr'><strong>opinantur,</strong></span> <span class='ocrx_word' id='word_1_290' title='bbox 753 4383 787 4440; x_wconf 91' lang='lat' dir='ltr'><strong>ad</strong></span> <span class='ocrx_word' id='word_1_291' title='bbox 808 4399 882 4440; x_wconf 89' lang='lat' dir='ltr'><strong>aase-</strong></span> <span class='ocrx_word' id='word_1_292' title='bbox 929 4384 1059 4458; x_wconf 86' lang='lat' dir='ltr'><strong>pertinet,</strong></span> <span class='ocrx_word' id='word_1_293' title='bbox 1085 4400 1164 4456; x_wconf 68' lang='lat' dir='ltr'><strong>maur</strong></span> <span class='ocrx_word' id='word_1_294' title='bbox 1185 4385 1316 4442; x_wconf 88' lang='lat' dir='ltr'><strong>einamodi</strong></span> <span class='ocrx_word' id='word_1_295' title='bbox 1336 4387 1523 4444; x_wconf 63' lang='lat' dir='ltr'><strong>aetum</strong></span> <span class='ocrx_word' id='word_1_296' title='bbox 1541 4386 1594 4443; x_wconf 85' lang='lat' dir='ltr'><strong>dia-</strong></span> 
     </span>
     <span class='ocr_line' id='line_1_32' title="bbox 217 4489 1592 4565; baseline 0.001 -17"><span class='ocrx_word' id='word_1_297' title='bbox 217 4493 327 4550; x_wconf 85' lang='lat' dir='ltr'><strong>rendunt</strong></span> <span class='ocrx_word' id='word_1_298' title='bbox 347 4492 523 4563; x_wconf 88' lang='lat' dir='ltr'><strong>tuendumque</strong></span> <span class='ocrx_word' id='word_1_299' title='bbox 543 4490 683 4564; x_wconf 87' lang='lat' dir='ltr'><strong>primatum</strong></span> <span class='ocrx_word' id='word_1_300' title='bbox 701 4497 747 4546; x_wconf 89' lang='lat' dir='ltr'><strong>aut</strong></span> <span class='ocrx_word' id='word_1_301' title='bbox 765 4507 837 4561; x_wconf 80' lang='lat' dir='ltr'><strong>case,</strong></span> <span class='ocrx_word' id='word_1_302' title='bbox 857 4492 881 4547; x_wconf 90' lang='lat' dir='ltr'><strong>ai</strong></span> <span class='ocrx_word' id='word_1_303' title='bbox 930 4489 1030 4546; x_wconf 77' lang='lat' dir='ltr'><strong>minen</strong></span> <span class='ocrx_word' id='word_1_304' title='bbox 1050 4489 1229 4547; x_wconf 87' lang='lat' dir='ltr'><strong>omnimodam</strong></span> <span class='ocrx_word' id='word_1_305' title='bbox 1250 4491 1321 4548; x_wconf 88' lang='lat' dir='ltr'><strong>inter</strong></span> <span class='ocrx_word' id='word_1_306' title='bbox 1340 4492 1480 4565; x_wconf 86' lang='lat' dir='ltr'><strong>apostolos</strong></span> <span class='ocrx_word' id='word_1_307' title='bbox 1502 4498 1592 4549; x_wconf 86' lang='lat' dir='ltr'><strong>auclo-</strong></span> 
     </span>
     <span class='ocr_line' id='line_1_33' title="bbox 206 4594 1591 4675; baseline 0.002 -21"><span class='ocrx_word' id='word_1_308' title='bbox 206 4614 267 4667; x_wconf 60' lang='lat' dir='ltr'><strong>‚una</strong></span> <span class='ocrx_word' id='word_1_309' title='bbox 288 4597 434 4671; x_wconf 85' lang='lat' dir='ltr'><strong>eademque</strong></span> <span class='ocrx_word' id='word_1_310' title='bbox 453 4601 576 4672; x_wconf 84' lang='lat' dir='ltr'><strong>potestas</strong></span> <span class='ocrx_word' id='word_1_311' title='bbox 602 4595 732 4670; x_wconf 87' lang='lat' dir='ltr'><strong>apostolia</strong></span> <span class='ocrx_word' id='word_1_312' title='bbox 758 4594 880 4652; x_wconf 84' lang='lat' dir='ltr'><strong>omnibus</strong></span> <span class='ocrx_word' id='word_1_313' title='bbox 930 4595 1018 4653; x_wconf 87' lang='lat' dir='ltr'><strong>ritatia</strong></span> <span class='ocrx_word' id='word_1_314' title='bbox 1038 4596 1225 4669; x_wconf 83' lang='lat' dir='ltr'><strong>aequalitatem</strong></span> <span class='ocrx_word' id='word_1_315' title='bbox 1250 4612 1304 4654; x_wconf 90' lang='lat' dir='ltr'><strong>noa</strong></span> <span class='ocrx_word' id='word_1_316' title='bbox 1329 4598 1421 4674; x_wconf 73' lang='lat' dir='ltr'><strong>tollat,</strong></span> <span class='ocrx_word' id='word_1_317' title='bbox 1447 4598 1591 4675; x_wconf 73' lang='lat' dir='ltr'><strong>improbust</strong></span> 
     </span>
     <span class='ocr_line' id='line_1_34' title="bbox 216 4701 1592 4780; baseline 0 -20"><span class='ocrx_word' id='word_1_318' title='bbox 216 4703 373 4778; x_wconf 85' lang='lat' dir='ltr'><strong>communis,</strong></span> <span class='ocrx_word' id='word_1_319' title='bbox 394 4703 472 4760; x_wconf 85' lang='lat' dir='ltr'><strong>Petro</strong></span> <span class='ocrx_word' id='word_1_320' title='bbox 487 4701 592 4778; x_wconf 89' lang='lat' dir='ltr'><strong>quidem</strong></span> <span class='ocrx_word' id='word_1_321' title='bbox 611 4703 675 4759; x_wconf 74' lang='lat' dir='ltr'><strong>iane</strong></span> <span class='ocrx_word' id='word_1_322' title='bbox 694 4701 766 4774; x_wconf 88' lang='lat' dir='ltr'><strong>qaod</strong></span> <span class='ocrx_word' id='word_1_323' title='bbox 782 4707 881 4759; x_wconf 80' lang='lat' dir='ltr'><strong>vocant</strong></span> <span class='ocrx_word' id='word_1_324' title='bbox 930 4706 1019 4757; x_wconf 87' lang='lat' dir='ltr'><strong>antem</strong></span> <span class='ocrx_word' id='word_1_325' title='bbox 1039 4701 1134 4776; x_wconf 84' lang='lat' dir='ltr'><strong>debet,</strong></span> <span class='ocrx_word' id='word_1_326' title='bbox 1159 4703 1219 4775; x_wconf 91' lang='lat' dir='ltr'><strong>quia</strong></span> <span class='ocrx_word' id='word_1_327' title='bbox 1240 4704 1389 4762; x_wconf 76' lang='lat' dir='ltr'><strong>cerbbaima</strong></span> <span class='ocrx_word' id='word_1_328' title='bbox 1409 4711 1527 4780; x_wconf 73' lang='lat' dir='ltr'><strong>comt,</strong></span> <span class='ocrx_word' id='word_1_329' title='bbox 1548 4704 1592 4760; x_wconf 80' lang='lat' dir='ltr'><strong>Pa·</strong></span> 
     </span>
     <span class='ocr_line' id='line_1_35' title="bbox 216 4806 1589 4887; baseline 0.001 -19"><span class='ocrx_word' id='word_1_330' title='bbox 216 4810 372 4882; x_wconf 71' lang='lat' dir='ltr'><strong>mdinuric,</strong></span> <span class='ocrx_word' id='word_1_331' title='bbox 392 4810 488 4867; x_wconf 87' lang='lat' dir='ltr'><strong>ceteris</strong></span> <span class='ocrx_word' id='word_1_332' title='bbox 502 4824 569 4867; x_wconf 79' lang='lat' dir='ltr'><strong>vero</strong></span> <span class='ocrx_word' id='word_1_333' title='bbox 589 4809 694 4867; x_wconf 89' lang='lat' dir='ltr'><strong>nonnisi</strong></span> <span class='ocrx_word' id='word_1_334' title='bbox 714 4808 880 4865; x_wconf 67' lang='lat' dir='ltr'><strong>eoncordi-</strong></span> <span class='ocrx_word' id='word_1_335' title='bbox 929 4813 997 4865; x_wconf 71' lang='lat' dir='ltr'><strong>bum</strong></span> <span class='ocrx_word' id='word_1_336' title='bbox 1018 4806 1113 4863; x_wconf 82' lang='lat' dir='ltr'><strong>maiori</strong></span> <span class='ocrx_word' id='word_1_337' title='bbox 1133 4808 1306 4883; x_wconf 85' lang='lat' dir='ltr'><strong>ampliorique</strong></span> <span class='ocrx_word' id='word_1_338' title='bbox 1325 4812 1492 4887; x_wconf 85' lang='lat' dir='ltr'><strong>anctoritate,</strong></span> <span class='ocrx_word' id='word_1_339' title='bbox 1514 4826 1589 4885; x_wconf 77' lang='lat' dir='ltr'><strong>quan</strong></span> 
     </span>
     <span class='ocr_line' id='line_1_36' title="bbox 215 4913 1589 4992; baseline 0 -17"><span class='ocrx_word' id='word_1_340' title='bbox 215 4918 299 4976; x_wconf 77' lang='lat' dir='ltr'><strong>nocio</strong></span> <span class='ocrx_word' id='word_1_341' title='bbox 318 4916 416 4973; x_wconf 70' lang='lat' dir='ltr'><strong>cibata</strong></span> <span class='ocrx_word' id='word_1_342' title='bbox 437 4931 618 4989; x_wconf 78' lang='lat' dir='ltr'><strong>centenaque</strong></span> <span class='ocrx_word' id='word_1_343' title='bbox 644 4913 826 4985; x_wconf 72' lang='lat' dir='ltr'><strong>existimetur,</strong></span> <span class='ocrx_word' id='word_1_344' title='bbox 852 4914 881 4972; x_wconf 94' lang='lat' dir='ltr'><strong>id</strong></span> <span class='ocrx_word' id='word_1_345' title='bbox 928 4913 1084 4986; x_wconf 80' lang='lat' dir='ltr'><strong>nonmepta</strong></span> <span class='ocrx_word' id='word_1_346' title='bbox 1096 4914 1268 4974; x_wconf 75' lang='lat' dir='ltr'><strong>minutam</strong></span> <span class='ocrx_word' id='word_1_347' title='bbox 1287 4916 1491 4992; x_wconf 80' lang='lat' dir='ltr'><strong>appellabimus,</strong></span> <span class='ocrx_word' id='word_1_348' title='bbox 1510 4916 1589 4975; x_wconf 78' lang='lat' dir='ltr'><strong>nme</strong></span> 
     </span>
     <span class='ocr_line' id='line_1_37' title="bbox 214 5018 1195 5099; baseline -0.006 -17"><span class='ocrx_word' id='word_1_349' title='bbox 214 5041 301 5099; x_wconf 87' lang='lat' dir='ltr'><strong>aequa</strong></span> <span class='ocrx_word' id='word_1_350' title='bbox 327 5022 469 5081; x_wconf 87' lang='lat' dir='ltr'><strong>admodum</strong></span> <span class='ocrx_word' id='word_1_351' title='bbox 497 5023 532 5080; x_wconf 90' lang='lat' dir='ltr'><strong>ad</strong></span> <span class='ocrx_word' id='word_1_352' title='bbox 558 5038 613 5080; x_wconf 86' lang='lat' dir='ltr'><strong>ram</strong></span> <span class='ocrx_word' id='word_1_353' title='bbox 638 5021 769 5095; x_wconf 87' lang='lat' dir='ltr'><strong>pertinet,</strong></span> <span class='ocrx_word' id='word_1_354' title='bbox 797 5035 882 5094; x_wconf 85' lang='lat' dir='ltr'><strong>neque</strong></span> <span class='ocrx_word' id='word_1_355' title='bbox 929 5018 1057 5076; x_wconf 79' lang='lat' dir='ltr'><strong>divinitu</strong></span> <span class='ocrx_word' id='word_1_356' title='bbox 1078 5022 1195 5076; x_wconf 75' lang='lat' dir='ltr'><strong>auctam·</strong></span> 
     </span>
    </p>
   </div>
   <div class='ocr_carea' id='block_1_7' title="bbox 0 0 1662 5402">
    <p class='ocr_par' dir='ltr' id='par_1_8' title="bbox 0 0 1662 5402">
     <span class='ocr_line' id='line_1_38' title="bbox 0 0 1662 5402; baseline 0 0"><span class='ocrx_word' id='word_1_357' title='bbox 0 0 1662 5402; x_wconf 95' lang='lat' dir='ltr'><strong> </strong></span> 
     </span>
    </p>
   </div>
  </div>
 </body>
</html>
