3258 5400
585 275 730 342 CAPUT
771 277 863 342 xlv.
1350 279 1410 338 tua

156 454 211 511 ter.
252 450 372 510 Constat
403 452 500 509 autem
519 448 543 479 '²
566 456 612 508 ex·
629 446 781 527 prooemio
807 442 844 507 ad
864 441 1069 523 Eustochium,
1096 459 1155 505 non
1177 449 1262 506 antea
1283 440 1410 506 infinitae

24 622 26 627 ,
77 558 207 620 eradtionis
226 559 320 620 airum
341 555 377 620 ad
393 554 604 638 explanandam
623 554 702 618 Pauli
724 554 762 617 ad
779 553 893 617 Galatas
916 550 1067 634 epistolam
1085 553 1258 632 accessisse,
1282 570 1368 632 quam
1382 555 1408 585 ¹⁸

76 667 122 729 Caii
136 665 199 729 lad
217 665 356 728 Victorini
385 665 626 743 commentarios,
655 662 794 745 Origenis
818 670 970 741 tractatus,
1000 669 1211 744 excerptaque,
1237 669 1267 724 et
1287 660 1411 744 Didymi,

72 775 205 855 laodiceni,
230 775 406 856 Alexandri,
434 772 554 838 Eusebii
580 773 712 835 emeseni
741 780 771 835 et
797 771 944 835 Theodori
968 770 1145 835 heracleotis
1165 768 1320 852 ἐξηγήσεις
1349 770 1412 832 dili-

66 895 150 965 genter
171 886 388 968 pervolutasset.
432 884 579 966 suspicari
607 899 682 965 ergo
709 880 778 944 licet
806 900 871 944 eam
901 882 993 962 ipsam
1022 882 1099 963 apud
1123 880 1216 944 hosce
1242 860 1346 943 omneb
1367 879 1411 942 le·
1524 954 1527 960 Δ

65 996 167 1057 ctionem
184 965 329 1077 reperisse
343 995 561 1078 Hieronymum,
585 1011 672 1075 quam
686 994 809 1079 ipsemet
823 997 964 1071 sequutus
978 992 1016 1053 ita
1031 999 1085 1072 est,
1106 1000 1138 1055 ut
1157 990 1276 1053 alterius
1297 1010 1335 1053 ne
1358 990 1411 1053 mi·

62 1105 149 1166 nimam
174 1107 287 1186 quidem
311 1106 489 1167 mentionem
511 1102 653 1165 iniecerit.
695 1100 766 1174 duis
788 1117 858 1163 veru
880 1118 940 1163 non
967 1099 1081 1183 plurimi
1104 1100 1190 1163 ducat
1205 1103 1230 1135 ¹’
1255 1100 1411 1162 lectionem

60 1218 121 1275 anta
142 1218 305 1279 auctoritate
325 1208 565 1295 comprobatam?
586 1217 635 1274 aut
653 1213 730 1305 φῇ
740 1216 841 1273 contm
860 1216 953 1272 ratam
976 1228 1057 1291 eam,
1080 1209 1226 1291 fixamque
1246 1218 1342 1293 putet,
1365 1212 1411 1273 cui

61 1328 100 1399 tot,
118 1326 236 1405 tantique
249 1334 343 1389 testes
357 1318 565 1405 refragantur?
587 1322 635 1384 cui
654 1328 685 1382 et
703 1318 859 1401 ἀναλογία
872 1319 1046 1402 refragatur,
1069 1337 1144 1401 quae
1157 1322 1252 1385 ubivis
1273 1326 1302 1387 in
1324 1343 1413 1388 evan-

58 1431 126 1510 geliis
138 1435 174 1514 ²⁰,
193 1454 228 1497 ac
243 1438 276 1498 in
289 1437 359 1517 ipsis
373 1433 452 1497 Pauli
467 1430 596 1513 epistolis
608 1434 634 1464 ²¹
653 1450 686 1494 se
700 1427 818 1512 proditi
840 1428 928 1492 lectio
941 1431 1038 1512 igitur,
1053 1427 1207 1513 Ἰάκωβος
1221 1433 1276 1515 aul
1289 1429 1412 1519 Κηφᾶς

57 1541 98 1602 acl
113 1536 266 1621 Ἰωάννης,
289 1564 306 1608 e
328 1562 384 1627 qua
406 1543 543 1607 illationis
563 1540 657 1603 moles
677 1548 738 1604 tota
758 1539 912 1623 dependet,
934 1539 1000 1603 talis
1020 1559 1080 1603 non
1102 1547 1162 1621 est,
1185 1560 1259 1624 quae
1281 1545 1411 1626 inspecta

56 1653 173 1732 penitius,
194 1663 223 1716 et
244 1652 284 1717 ad
303 1655 419 1717 critices
441 1660 544 1716 exacta
564 1651 649 1734 leges
668 1659 765 1730 certa,
790 1650 966 1732 indubiaque
984 1649 1087 1714 baberi
1107 1669 1197 1734 posse
1218 1654 1358 1716 videatur.

144 1768 206 1826 154.
249 1762 362 1836 Quibus
391 1780 449 1845 ego
477 1761 636 1824 detractam
658 1761 699 1824 illi
719 1761 950 1843 probabilitatem
971 1762 1057 1843 nolo,
1080 1781 1137 1845 qua
1159 1763 1283 1846 gaudet,
1311 1782 1410 1844 quam
1523 1744 1525 1753 Α

57 1888 100 1949 que
117 1873 206 1936 eidem
228 1882 259 1937 et
279 1873 399 1937 codices
417 1872 495 1935 bene
519 1871 613 1952 multi,
642 1878 673 1934 et
697 1872 832 1954 antiquae
846 1874 874 1905 ¹²
898 1873 1067 1953 versiones,
1097 1873 1298 1954 praeclarique
1319 1880 1410 1936 testes

59 1981 193 2045 conciliant.
236 1983 330 2046 lmmo
355 2000 415 2044 non
441 1982 547 2044 invitus
574 1983 753 2063 permittam,
784 1989 814 2045 ut
841 1982 924 2047 alteri
944 1982 1174 2065 praehabeatur,
1198 2002 1234 2046 ac
1255 2002 1293 2047 ex
1315 2002 1351 2046 ea
1373 1983 1411 2047 de

58 2100 140 2173 neate,
160 2095 364 2174 sententiaque
384 2091 463 2154 Pauli
482 2092 619 2155 iudicium
641 2093 857 2173 pronuncietur.
900 2093 1052 2167 Quodnam
1071 2090 1164 2156 acroi
1186 2091 1256 2155 illud
1276 2092 1411 2174 nequod

54 2199 140 2264 ιιιιιιιι
158 2223 175 2266 a
194 2199 424 2287 protestantibus
439 2203 468 2234 ²⁸
490 2199 662 2265 retubmusl
684 2203 802 2265 minime
823 2201 966 2305 prolecto,
989 2202 1232 2286 quemadmodum
1255 2205 1343 2267 certis
1362 2222 1409 2266 ra·

37 2309 142 2389 ,donum
162 2314 321 2378 momentis
341 2331 465 2394 pronum
487 2321 533 2377 est
552 2312 763 2377 demonstrare.

51 2554 333 2643 lrenaens,Gregorius
350 2581 488 2642 nyssenus,
509 2565 697 2623 Cassiodorius
746 2579 830 2636 nuper
856 2579 1009 2636 egressum,
1036 2569 1064 2619 et
1085 2564 1264 2620 Alexandrum
1291 2571 1409 2645 ueterem

51 2670 72 2717 et
87 2665 189 2738 llapnao.
746 2668 924 2725 haereticum:
954 2668 1098 2724 Eusebium
1118 2686 1222 2743 quoque
1243 2686 1406 2745 emesenum,

101 2772 140 2847 ¹⁷)
155 2774 233 2843 Quod
246 2773 345 2845 legitur
360 2776 433 2831 initio
447 2776 697 2832 commentariorum
747 2780 774 2829 et
805 2774 972 2831 Theodorum
1002 2774 1187 2850 heracleoten,
1224 2777 1269 2848 qui
1299 2784 1327 2833 et
1357 2777 1409 2849 ipsi

50 2876 69 2928 in
86 2880 155 2949 epist
177 2881 211 2937 ad
233 2880 352 2936 Galatas.
746 2880 886 2936 nonnullos
912 2896 992 2953 super
1017 2881 1067 2936 hac
1091 2898 1120 2938 re
1142 2858 1347 2937 commentarios
1367 2897 1409 2937 re·

102 2984 140 3059 ¹⁸)
160 2985 290 3042 laudatis
305 2985 361 3041 Caii
376 2985 452 3040 llarii
471 2984 604 3041 Victorini
624 2999 699 3040 cem·
745 2987 886 3059 liquerunt.
927 2986 949 3042 E
970 2951 1065 3059 qiuibus
1089 2988 1113 3042 si
1137 2987 1180 3042 vel
1206 3003 1288 3060 pauca
1316 2988 1408 3043 decer-

50 3092 168 3146 mercariis
190 3095 215 3148 in
237 3092 406 3165 Apostolum,
428 3091 461 3147 de
482 3092 542 3165 ipso
555 3092 696 3148 Victorino
746 3109 851 3167 perem,
883 3095 958 3148 lieret
987 3092 1087 3165 aliquid
1117 3093 1189 3165 quod
1219 3108 1272 3149 non
1302 3093 1407 3167 penitus

48 3193 137 3251 saluit:
175 3198 278 3269 „Quod
304 3204 450 3271 occupatus
477 3198 521 3254 ille
548 3199 698 3255 eruditione
746 3204 970 3256 contemneretur.
1014 3198 1106 3272 ltaque
1132 3206 1161 3254 ut
1187 3194 1343 3272 sinpliciter
1369 3200 1409 3255 la-

48 3301 205 3359 merdarium
226 3303 392 3377 litterarum,
421 3305 566 3378 scripturas
588 3306 697 3361 omnine
746 3311 818 3380 tear,
839 3305 917 3384 legi
932 3304 1018 3361 baec
1038 3302 1182 3361 omnia.“

47 3413 139 3462 uacus
158 3410 337 3480 ignoraverit,
358 3416 386 3465 et
399 3425 478 3466 neme
498 3413 587 3484 possit
606 3428 699 3484 quam-
811 3409 853 3485 ¹')
884 3410 923 3467 Ile
944 3427 994 3483 qua
1015 3414 1051 3467 ita
1073 3410 1178 3468 Grotius
1199 3411 1226 3467 in
1247 3418 1409 3467 commenta-

47 3511 81 3565 tis
98 3513 221 3588 eloquens
248 3516 284 3572 de
310 3531 343 3571 eo
371 3515 438 3571 bene
465 3516 600 3590 disputare
627 3519 697 3591 qaod
747 3517 789 3571 rio
819 3516 952 3572 decernit:
993 3516 1041 3591 „ln
1069 3533 1118 3573 ms.
1146 3518 1191 3573 illo
1223 3519 1406 3592 antiquissimo

25 3619 162 3703 ‘naemu‘
202 3621 269 3677 Tam
289 3623 394 3695 pergit:
419 3623 509 3697 „Quid
528 3625 622 3698 igitur,
645 3640 697 3697 ego
746 3637 799 3677 non
826 3627 868 3677 est
892 3623 1075 3695 interpositum
1099 3626 1168 3680 inter
1191 3624 1294 3682 Jacobi·
1308 3632 1335 3681 et
1353 3625 1407 3682 Jo-

46 3723 126 3781 ataltus
144 3733 189 3783 aut
211 3729 368 3784 temerarius
383 3731 427 3802 qui
441 3730 469 3786 id
481 3731 610 3802 pollicear
626 3730 697 3803 quod
746 3728 846 3785 bonnis
870 3723 979 3785 nomen'
995 3729 1117 3804 deplum-
1144 3731 1216 3803 quod
1242 3734 1339 3787 rectius
1367 3750 1409 3788 ar-

47 3826 84 3882 ile
101 3846 150 3887 non
170 3823 283 3906 potuitl
314 3836 431 3891 minime.
471 3836 541 3904 Quin
561 3838 651 3910 potius
671 3839 697 3892 in
748 3835 842 3890 bitror.
885 3835 957 3892 Satis
978 3837 1047 3892 enim
1068 3838 1117 3893 luit
1137 3839 1315 3911 praecessisse
1335 3837 1409 3893 Petri

46 3949 75 3988 eo
101 3939 161 3994 mibi
190 3940 290 3996 uideor
320 3942 423 3997 cautior
455 3948 533 4014 atque
566 3942 698 4015 timidior,
748 3943 807 3997 sive
839 3941 947 4015 Cepltae
976 3957 1082 3998 nornen.
1131 3943 1221 4016 Neque
1253 3945 1335 4000 moris
1367 3949 1410 3999 est

47 4043 107 4110 qnod
133 4045 343 4102 imbecillitatem
373 4047 468 4103 uirium
495 4064 611 4105 mearum
638 4064 700 4104 seu·
749 4062 807 4102 eam
828 4049 873 4119 qui
893 4050 1014 4121 princeps
1035 4050 1072 4104 sit
1091 4048 1214 4122 collegii,
1236 4050 1324 4106 medio
1344 4050 1406 4106 loco

47 4147 123 4222 tiens,
162 4151 290 4223 Origenis
324 4154 532 4213 commentarios
567 4169 624 4208 sum
656 4169 700 4209 se·
748 4153 895 4226 nominari,
921 4153 970 4209 sed
990 4159 1036 4209 aut
1054 4155 1151 4227 primo,
1173 4162 1202 4211 at
1220 4156 1310 4212 blatth.
1325 4156 1357 4211 ll.
1374 4156 1407 4231 2,

48 4258 137 4321 quutas.
177 4258 295 4331 Scripsit
309 4259 380 4314 enim
395 4233 439 4315 uir
454 4259 498 4314 ille
515 4260 541 4314 ia
558 4257 699 4332 epistolam
750 4266 794 4314 aut
813 4264 961 4332 postremo,
982 4266 1011 4315 ut
1025 4259 1104 4315 blare.
1118 4260 1188 4317 llVl.
1204 4261 1230 4315 t.
1270 4260 1409 4318 Praeterea

48 4354 109 4414 lrali
123 4362 156 4418 ad
169 4362 279 4418 Galatas
294 4346 534 4437 quinque'propria
555 4366 697 4440 volumina,
748 4366 892 4438 scriptores
922 4371 1026 4421 veteres
1052 4365 1087 4422 de
1113 4368 1167 4422 boc
1192 4367 1254 4424 loco
1281 4374 1408 4443 agentes,

48 4468 70 4517 et
81 4464 206 4525 decimum
221 4459 385 4526 Str'omatum
398 4485 506 4526 suorum
519 4470 613 4528 libmm
627 4487 700 4528 com·
748 4470 851 4527 Petrum
872 4473 959 4545 primo
979 4471 1040 4528 loeo
1060 4471 1226 4529 nominant.“

48 4573 134 4629 madeo
163 4591 245 4649 super
273 4575 460 4649 explanatione
490 4579 546 4634 eius
575 4592 700 4636 sermone
811 4577 919 4652 21)ιιιι.
943 4575 1008 4635 116.
1029 4594 1103 4652 seqq.

48 4679 194 4758 compleuit3
224 4688 352 4740 tractatas
372 4678 587 4756 quoque‘varios
608 4692 635 4740 et
654 4701 701 4741 ex·
810 4683 856 4759 ²¹)
876 4701 903 4740 n.
926 4683 990 4740 137.
1011 4700 1085 4758 seqq.

47 4791 141 4860 scrpta,
171 4804 242 4861 quae
266 4789 311 4845 vel
337 4788 395 4845 sela
421 4796 534 4864 possunt
562 4790 698 4867 subicere,
810 4789 855 4865 ²²)
885 4790 956 4858 Quas
986 4792 1055 4846 inter
1081 4790 1211 4863 Vulgata,
1242 4795 1270 4845 et
1298 4791 1408 4862 Syriaca

48 4894 197 4962 composuit.
242 4893 427 4952 Praetermitto
446 4896 587 4969 Didymum
608 4899 700 4955 viden·
749 4896 862 4969 simplex
882 4897 1004 4952 eminent

48 4992 95 5050 tem
124 5013 229 5075 meum,
263 5006 290 5056 et
317 4999 495 5059 laodicenum
524 5002 558 5059 de
587 5002 699 5059 eeclesia
810 4999 856 5074 ³⁸)
875 5016 901 5056 a.
920 4998 985 5056 150.

90 5118 212 5176 sumtu,
228 5124 402 5167 commentarius.
1176 5094 1199 5167 9
