3358 5400
207 207 274 269 ate
727 200 858 267 mult
899 199 1065 266 eamus

214 392 289 451 σας,
310 377 383 456 γένη
403 369 572 453 pausum.-
592 371 638 435 sin
657 377 755 435 autem
777 371 830 435 ille
850 370 923 435 nibil
944 370 1055 451 omittit,
1076 371 1222 453 posterior
1235 369 1339 451 debuit,
1359 369 1390 435 in
1410 387 1468 452 quo
1489 368 1586 434 domum
1638 386 1641 427 i

215 480 377 564 descripsere,
398 480 581 562 χαρίσματα
601 479 759 562 ἰαμάτων,
779 479 971 564 ἀντιλήψεις,
994 478 1201 563 κυβερνήσεις,
1221 485 1295 562 γένη
1314 479 1476 562 γλωσσῶν.
1512 479 1587 544 Unde

215 594 321 676 liquet,
350 598 484 654 neubum
505 590 638 654 adhiberi
659 597 720 654 tuto
741 608 847 673 passe,
874 598 906 654 ut
924 590 1043 655 ordines
1064 608 1183 667 omnes,
1209 590 1377 673 gradusque
1396 589 1531 652 diuinitus
1551 590 1588 653 iu·

216 703 305 766 stitaui
325 707 406 764 certa
426 707 547 782 rataque
570 700 714 763 sententia
734 700 914 764 definiantur.
957 699 1131 765 Praesertim
1153 718 1240 782 quum
1261 700 1291 762 iu
1312 700 1377 763 aliis
1397 697 1553 762 bibhorunr
1565 702 1587 733 ¹⁸

215 812 305 890 locis,
332 809 455 891 aliisque
483 809 615 873 eiusdem
642 808 721 872 Pauli
738 814 763 844 '⁴
788 809 919 892 epistolis
951 809 999 873 alii
1026 817 1225 875 memorentur
1245 809 1353 891 gradm
1380 811 1590 892 episcoporum,

218 919 468 1004 presbyterorum,
490 918 748 1001 diaconorumque,
771 937 893 1001 quorum
913 917 982 982 heic
1001 920 1050 983 vel
1065 920 1153 984 altum
1172 926 1218 983 est
1233 919 1389 999 silentium,
1414 919 1465 982 uel
1488 919 1591 982 meato

215 1031 292 1095 adeo
315 1028 444 1093 obscura
459 1031 498 1109 ¹⁵,
526 1036 558 1092 ut
577 1028 644 1091 luce
666 1026 792 1106 ἔξωθεν
812 1027 914 1092 hausta
936 1028 1090 1092 illuminari
1111 1028 1226 1092 debeat.

324 1144 395 1200 323.
438 1137 486 1201 hd
509 1137 599 1218 haec,
626 1154 716 1219 quum
742 1136 847 1201 Paulus
875 1137 976 1201 scribit
997 1140 1126 1202 omnium
1147 1139 1257 1220 primos
1286 1138 1315 1201 in
1338 1138 1466 1202 ecclesia
1486 1139 1592 1220 positos

218 1268 287 1315 csse
309 1246 470 1330 apostolos,
491 1265 549 1310 suaa
569 1265 609 1309 ne
630 1247 726 1328 docet,
747 1265 801 1310 eos
821 1247 1024 1327 undequaque
1038 1249 1063 1282 ¹⁶
1084 1248 1178 1313 fuisse
1197 1267 1294 1330 pares,
1315 1246 1453 1329 nullaque
1474 1267 1493 1310 a
1515 1246 1591 1310 Chri·

217 1366 264 1423 sto
284 1356 488 1440 inaequalitate
509 1354 665 1421 secretos?
692 1355 763 1419 illud
785 1356 902 1439 quidem
921 1355 1057 1437 affirmat,
1088 1358 1238 1440 inquiens:
1269 1359 1322 1422 aui
1342 1351 1400 1431 οὓς
1419 1356 1480 1438 μὲν
1502 1356 1593 1420 ἔθετο

219 1470 237 1531 d
257 1467 338 1543 θεὸς
362 1472 397 1531 ἐν
414 1469 452 1550 τῇ
470 1466 617 1549 ἐκκλησία
637 1468 762 1547 πρῶτον
783 1463 993 1541 ἀποστόλους,
1021 1473 1052 1529 ut
1072 1469 1189 1549 gemina
1207 1471 1231 1502 ¹⁷
1260 1467 1346 1550 plone
1373 1467 1513 1546 formula,
1544 1467 1593 1530 καὶ

217 1577 355 1661 Χριστὸς
376 1574 475 1641 ἔδωκε
507 1570 581 1652 τούς
608 1576 667 1659 μὲν
694 1574 904 1650 drauscium:
932 1576 1055 1640 altanum
1076 1595 1149 1639 vero
1170 1595 1230 1641 non
1250 1585 1355 1660 negat,
1385 1585 1433 1640 aut
1453 1576 1594 1659 siquidem

218 1696 324 1771 negat,
345 1706 383 1751 ne
403 1693 563 1769 graventur
581 1692 775 1768 protestantes
797 1684 881 1748 nobis
901 1686 1075 1766 ostendere,
1098 1687 1203 1768 quibus
1223 1687 1252 1750 id
1274 1686 1392 1750 undem
1413 1686 1515 1750 verbis
1536 1685 1593 1748 effi·

220 1799 285 1863 ciat
327 1797 419 1860 Porro
441 1795 565 1878 simplex
585 1795 721 1876 nudaque
735 1794 815 1858 Pauli
835 1792 1017 1879 affirmatio,
1043 1797 1204 1878 principem
1221 1796 1395 1860 christianae
1414 1795 1595 1860 hierarchiae
1653 1822 1654 1847 i

218 1908 317 1971 locum
338 1905 477 1989 apostolis
497 1907 673 1984 convenire,
694 1904 770 1968 Petri
792 1900 972 1984 ὑπεροχήν,
993 1905 1185 1989 altioremque
1206 1908 1404 1969 auctoritatem
1424 1906 1526 1987 seque
1547 1923 1595 1988 op

220 2024 331 2101 pugnat
351 2034 449 2098 neque
473 2014 555 2078 tollit
597 2012 645 2076 An
666 2015 733 2095 quia
754 2014 955 2079 ecclesiastica
977 2015 1143 2079 hierarchia
1158 2019 1184 2049 '⁸
1208 2016 1311 2079 dicitur
1332 2015 1521 2097 crediturque
1543 2021 1598 2094 epi·

220 2133 338 2208 scopa‘s,
358 2123 562 2206 presbytero,
584 2130 794 2204 ministrisque
815 2132 967 2206 constare,
989 2125 1068 2188 nullo
1089 2132 1243 2207 propterea
1265 2126 1405 2206 episcopi,
1426 2126 1475 2206 qui
1498 2126 1601 2208 princi

221 2244 319 2320 patum
341 2254 412 2317 prae
433 2233 572 2299 mmiectis
593 2233 733 2314 gradibus
754 2236 900 2316 obtinent,
920 2236 1083 2318 dignitatis,
1105 2236 1341 2317 auctoritatisque
1363 2234 1534 2298 dbuimine
1554 2253 1599 2298 se·

221 2343 379 2441 parantrui
409 2352 477 2408 sunt
503 2345 544 2407 illi
569 2362 642 2407 sane
670 2345 754 2426 primi
780 2364 851 2427 prae
873 2346 1025 2423 missuum,
1053 2345 1307 2427 presbyterisque:
1336 2351 1403 2409 sunt
1420 2344 1511 2407 etiam
1531 2349 1599 2406 siaa

221 2452 346 2536 pitutm
365 2457 468 2536 primi,
496 2454 574 2536 quod
596 2453 690 2517 nullus
712 2456 816 2518 existat
837 2455 945 2537 modus
969 2460 1144 2533 episcopatu
1171 2455 1283 2536 potior3
1316 2454 1370 2519 sod
1396 2454 1599 2535 inquirendum

223 2571 327 2644 restat,
349 2583 386 2627 an
407 2565 527 2645 iuribus,
551 2566 673 2645 eiusque
693 2565 832 2646 principis
853 2565 961 2646 gradus
976 2566 1001 2597 ¹⁰
1025 2563 1166 2645 dignitate
1187 2582 1291 2628 omues
1313 2570 1344 2626 et
1364 2563 1473 2646 singull
1491 2584 1535 2628 ea
1554 2582 1601 2627 ac·

224 2690 283 2755 quo
305 2674 459 2755 potiantur.
504 2673 566 2738 Sint
585 2674 674 2755 igitur
695 2674 818 2754 apostoli
839 2674 940 2756 primi,
968 2673 1105 2756 nullaque
1126 2673 1164 2736 sit
1184 2670 1270 2749 τάξις
1291 2674 1450 2755 apostobea
1470 2673 1601 2757 dignior3
1661 2720 1662 2737 t

226 2801 264 2845 an
295 2782 363 2846 ideo
395 2784 471 2847 inter
503 2784 584 2864 ipsos
614 2784 762 2865 apostolos
795 2782 904 2846 nullum
935 2782 1043 2846 admitti
1078 2784 1185 2864 poterit
1216 2782 1336 2846 honoris
1365 2785 1601 2865 auctoritatisque

227 2889 407 2956 discrimen?
449 2893 485 2956 Ut
519 2893 548 2956 id
582 2902 686 2957 eruant
717 2900 927 2976 protestantes,
964 2910 1089 2956 necesse
1123 2899 1169 2955 est
1199 2890 1390 2956 affirmantem
1421 2893 1501 2956 Pauli
1535 2910 1600 2976 pro

226 3002 401 3089 positionem
431 3003 461 3065 in
490 3012 647 3085 negantem
679 3011 870 3085 convertant,
899 3002 1035 3083 illamque
1061 3002 1128 3081 hoc,
1160 3001 1286 3064 similive
1314 3005 1527 3067 commentario
1553 3021 1602 3065 ex·

227 3111 361 3192 planant:
399 3109 496 3175 ἔθετο
518 3115 536 3176 ὁ
557 3111 639 3193 θεὸς
666 3119 700 3178 da
720 3115 756 3197 τῇ
778 3112 924 3194 ἐκκλησίᾳ
945 3113 1072 3193 πρῶτον
1091 3109 1303 3186 ἀποστόλους,
1331 3112 1359 3175 td
1381 3120 1442 3193 est,
1471 3115 1516 3176 sic
1537 3130 1603 3195 apo

293 3340 336 3413 ¹³)
364 3339 425 3397 hct
445 3339 516 3396 xlv.
536 3340 591 3415 22,
617 3342 676 3399 XV.
697 3343 732 3418 2,
759 3342 817 3400 xx.
837 3342 889 3417 28,
939 3341 1095 3416 duodecim,
1120 3347 1204 3416 prosa
1224 3349 1306 3397 must
1333 3341 1451 3416 apostata
1477 3350 1506 3400 ,ι
1525 3358 1600 3399 ω..

227 3445 323 3503 Jacob.
343 3447 377 3502 V.
401 3444 446 3501 tu
936 3455 1038 3523 parate
1057 3448 1095 3504 ud
1110 3447 1292 3521 apostatatus
1311 3463 1390 3522 pares
1405 3448 1509 3523 luerint,
1531 3447 1601 3521 quod

278 3578 336 3659 aa)
362 3584 473 3658 philipp⁴
494 3585 514 3640 q
538 3584 571 3659 ¹,
598 3585 708 3643 mimo
729 3586 773 3643 ΠΙ.
799 3586 890 3643 2-8
939 3569 1018 3611 uemo
1043 3559 1139 3628 aepat3
1169 3570 1201 3610 ac
1229 3553 1300 3610 aliud
1324 3553 1492 3627 percontari,
1518 3559 1600 3610 utruar

228 3687 329 3763 -12,
360 3690 411 3747 qqq
432 3690 452 3745 p,
473 3692 573 3747 5-7,
939 3660 1120 3735 undequaque
1140 3659 1238 3716 tuerint
1257 3675 1352 3733 pares.
1380 3660 1452 3733 quod
1476 3658 1599 3718 catholici

941 3782 1034 3824 omncs
1053 3781 1197 3839 negamus,
1224 3773 1251 3823 et
1270 3766 1365 3823 falsum
1386 3782 1446 3823 ease
1465 3766 1598 3839 hucusque

295 3828 337 3904 ¹⁵)
365 3829 445 3886 Cuius
471 3831 642 3889 obscuritatis
662 3834 724 3891 inde
742 3834 829 3908 promi
850 3852 892 3891 ar·
941 3871 1182 3945 comprobavimus·

228 3941 380 4007 gumenturn
411 3942 520 4012 potest,
552 3937 624 4010 quod
654 3939 810 4014 interpretas
836 3947 891 3996 tam
1005 3977 1048 4052 Η)
1067 3976 1165 4051 Ephoe·
1185 3977 1232 4034 w·
1254 3976 1300 4034 Μ.

229 4046 334 4098 veteres
368 4059 445 4115 quam
479 4046 642 4100 recentiores
676 4047 702 4101 iu
734 4046 891 4102 deliniendis
1005 4083 1047 4159 rs)
1069 4081 1170 4140 concil·
1185 4083 1301 4140 niden,
1315 4080 1495 4138 sffinxxffl·
1509 4079 1601 4137 ,Mn
1642 4050 1647 4063 ‘

228 4148 343 4219 singulis
373 4149 501 4220 gradibus
530 4166 700 4224 summopere
729 4152 890 4224 discrepent,

230 4255 290 4323 Quo
312 4255 409 4311 lactum
429 4256 553 4329 arbitror,
574 4262 604 4312 ut
618 4256 752 4313 Semlerus
772 4259 800 4314 iu
819 4260 891 4315 notis

230 4361 265 4418 su
284 4360 304 4416 1.
322 4360 384 4417 cor.
399 4361 457 4418 xn
473 4362 521 4418 aa.
541 4363 660 4420 umam
679 4348 733 4420 n'on
752 4364 892 4421 usuratu
941 4409 982 4459 ,a
1002 4393 1050 4459 eh
1069 4400 1098 4458 ὁ,
1118 4390 1213 4469 αὐτοῖς
1231 4394 1344 4473 πρῶτον
1371 4400 1529 4473 mmm„
1548 4413 1601 4454 m,

231 4468 276 4540 'il‘
294 4469 486 4588 emm&
500 4469 644 4588 'mque’
663 4470 735 4527 'W
753 4473 826 4528 Μ
845 4472 892 4529 '²⁶'
942 4515 1058 4584 morant,
1086 4514 1141 4565 tum
1167 4506 1430 4580 metropolitanorum
1456 4503 1601 4576 institutio,

230 4580 335 4631 'm‘
354 4582 521 4649 mmm
539 4585 671 4650 ''mm“
776 4642 786 4657 ι
941 4631 1009 4689 quaa
1030 4615 1063 4671 ad
1083 4603 1195 4689 tempu
1214 4612 1453 4685 auctoritatemque
1472 4610 1544 4684 quod
1564 4613 1601 4666 at·

296 4712 338 4788 ¹⁶)
360 4713 417 4782 Qua
434 4716 562 4789 particula
576 4717 676 4775 idcirco
689 4723 760 4792 utor,
779 4735 814 4775 ue
827 4734 892 4776 con-
941 4722 1022 4795 tiuat,
1054 4719 1088 4776 ad
1118 4722 1192 4794 ipsos
1222 4720 1361 4794 apostolos
1386 4718 1523 4776 reseranda
1551 4720 1598 4773 ort.

229 4820 334 4878 haione
353 4822 463 4879 duarum
483 4825 667 4897 quaestionum
687 4827 787 4882 uerius
813 4826 892 4883 anrit-
941 4828 982 4883 Gi.
1001 4826 1174 4898 beveragium
1195 4827 1222 4884 iu
1243 4826 1343 4883 Codice
1363 4841 1493 4882 canonum
1518 4821 1600 4879 eccla·

230 4932 309 4984 tatur.
349 4928 429 4987 atiud
449 4932 519 4987 enim
539 4938 582 4988 est
600 4932 780 5007 interrogare,
806 4937 891 4990 utrum
940 4932 997 4989 siae
1017 4932 1169 5004 primitivae
1189 4932 1330 5011 illustrato,
1350 4930 1397 4991 tit.
1411 4929 1445 4988 ΙΙ.
1465 4928 1524 5007 c'ap.
1538 4927 1572 4989 v·

1005 4189 1047 4264 ¹⁹)
1069 4188 1147 4258 Quod
1167 4206 1201 4246 ne
1221 4189 1373 4261 credamus,
1401 4188 1513 4260 erigunt
1531 4192 1603 4243 veta·

941 4295 1053 4352 atissimi
1080 4310 1197 4352 canones
1222 4296 1267 4369 qui
1288 4295 1321 4351 de
1342 4294 1477 4367 episcopis
1497 4293 1603 4365 loqueu-
