3324 5382
186 264 250 329 ssa
550 220 554 231 ’
674 256 808 323 nmnn
847 255 1084 326 namucus

190 436 416 511 concurrerent,
452 447 542 510 αιιιιιι
570 422 759 508 plenam
786 434 982 491 onomatis
1009 433 1179 504 trutmnlt,
1216 430 1434 507 wipertum
1461 447 1574 504 omer,

184 561 357 628 pauperque
376 537 515 615 anhieott,
537 559 623 617 onera
637 558 815 618 ιιιριοιιιιιιιι
828 538 958 602 nucea
973 537 1133 613 ordirtonit,
1155 558 1193 602 oo
1205 543 1387 617 principium
1393 535 1577 623 sentennaco

188 653 319 719 reddidit
340 648 507 713 catholicoe
527 654 664 711 remeato.
710 647 844 712 Ecclesia
865 649 961 732 igitur,
983 647 1098 712 Christo
1119 653 1249 727 auctore,
1270 649 1477 729 μοναρχικῶς
1498 649 1574 730 regi,

189 762 442 842 administrarique
464 760 561 823 dehet
604 756 688 822 Unde
709 740 860 821 iohannes
881 757 991 839 Gema,
1017 757 1100 821 cuius
1121 757 1241 820 nimium
1261 773 1315 837 pro
1336 754 1414 819 Petri
1435 755 1576 839 dignitate

190 872 316 936 studium
338 888 427 934 nemo
449 876 584 950 suomet,
619 884 766 952 quemque
795 866 919 949 ipsemet
945 866 1093 949 Philippus
1123 865 1385 930 Metanohthon¹⁵²
1416 868 1495 930 inter
1526 885 1576 931 eos

189 999 315 1045 numero
336 999 409 1045 sane
437 981 631 1063 paucissimos
657 977 823 1056 recensuit,
862 977 912 1058 qni
938 977 1059 1040 saeculo
1086 976 1149 1039 XV.
1175 974 1258 1056 plena·
1285 985 1387 1040 essent
1417 973 1578 1039 comanae

188 1096 335 1170 spiritam
364 1089 564 1155 affirmare¹⁵³
588 1106 648 1152 non
669 1085 822 1150 dubitavit=
843 1086 975 1168 ,Stamm
997 1085 1131 1168 papalem
1152 1087 1310 1150 institutum
1333 1104 1402 1149 esse
1424 1106 1442 1149 a
1464 1086 1578 1151 Christo

188 1201 446 1282 supernaturaliter
469 1209 499 1265 et
519 1198 704 1277 immediate,
739 1204 887 1279 tamquam
912 1202 1081 1275 protinam
1105 1195 1264 1260 habentem
1279 1193 1526 1265 ,monarchum
1550 1205 1579 1260 et
1642 1284 1643 1289 ἵ

189 1308 323 1395 repetem
343 1311 375 1373 in
397 1310 598 1373 ecclesiastica
619 1307 800 1384 hierarchia,
829 1306 992 1370 secundum
1020 1325 1108 1390 quem
1143 1313 1250 1370 statum
1269 1313 1395 1368 αιιίοιιοι
1417 1314 1449 1369 et
1469 1328 1579 1387 supre-

189 1441 272 1483 ιιιιαιι
294 1419 421 1482 eeclesia
443 1419 569 1482 militans
591 1417 698 1480 dicitur
722 1438 787 1479 ono
811 1416 866 1480 suh
893 1416 1024 1481 Christo:
1060 1436 1149 1500 quem
1177 1416 1332 1497 primatum
1363 1417 1498 1499 quisqms
1526 1418 1579 1480 im·
1642 1458 1643 1473 2

189 1548 322 1613 pugnare
345 1528 394 1592 vel
414 1528 590 1608 diminuere,
614 1527 662 1590 vel
683 1525 770 1589 alicui
790 1526 874 1590 statui
894 1525 1097 1590 ecclesiastico
1119 1525 1285 1609 particulari
1307 1544 1475 1608 coaequare
1493 1546 1579 1609 prae·

188 1641 292 1720 sumit,
328 1641 354 1702 si
373 1639 433 1702 hoc
452 1637 641 1721 pertinaciter
660 1635 763 1717 faciat,
796 1632 971 1700 hamaticae
999 1645 1061 1718 est,
1085 1634 1322 1718 autumatione,
1348 1642 1461 1715 impiata
1484 1645 1579 1717 otone

192 1748 383 1834 uaniloquo.-
418 1748 495 1812 cadit
525 1748 603 1811 enim
633 1746 664 1809 in
691 1745 840 1809 haeresim
861 1746 948 1810 toties
971 1765 1114 1830 expresse
1136 1745 1302 1811 damnatam
1323 1765 1340 1809 a
1361 1746 1505 1830 principio
1527 1765 1579 1811 na·

194 1861 305 1924 scentis
336 1858 483 1923 ecclesiae
513 1876 608 1940 nsque
639 1855 747 1937 hodie,
783 1863 841 1920 tum
871 1877 927 1938 per
955 1862 1175 1921 maturationem
1202 1857 1308 1921 Christi
1339 1857 1377 1920 de
1402 1863 1580 1937 proacipnto

190 1968 283 2034 Petra·
304 1991 398 2051 anper
419 1968 497 2033 ultor
519 1967 688 2049 apostolos,
723 1986 810 2050 quam
839 1985 894 2049 per
920 1967 1106 2030 traditionem
1135 1969 1224 2031 totius
1248 1966 1396 2031 ecclesiae
1427 1967 1458 2029 in
1486 1966 1578 2030 sacris

189 2079 314 2163 eloquiis
335 2081 398 2144 suis
421 2086 452 2143 et
471 2077 660 2163 generalibus
682 2076 845 2140 conciliis.“

587 2305 992 2382 cunonLAltJuM
1032 2307 1186 2383 XVIII.

303 2464 369 2520 tot.
413 2459 496 2533 Quae
518 2458 587 2522 dnm
608 2478 725 2522 mecum
745 2461 843 2523 animo
863 2466 979 2543 reputo,
1000 2458 1105 2524 videor
1125 2458 1197 2523 mdri
1218 2457 1321 2524 videre
1342 2478 1410 2523 eam
1432 2458 1579 2523 aChriso
1602 2501 1604 2504 ⁴

192 2569 270 2634 inter
286 2567 436 2649 apostolos
458 2574 565 2646 σχέσιν
588 2567 680 2633 luisse
700 2572 909 2652 praestitutam,
932 2587 1008 2652 quae
1030 2568 1066 2632 ab
1087 2568 1135 2632 illa
1155 2586 1214 2632 non
1229 2568 1385 2632 admodum
1400 2568 1578 2647 dhoederet,

192 2697 250 2761 qua
276 2677 451 2761 hypostases
481 2679 597 2743 divinae
625 2680 758 2742 trinitatis
786 2680 824 2743 ad
850 2680 978 2744 invicem
1007 2678 1183 2744 referuntur.
1226 2677 1479 2752 Quemadmodum
1502 2680 1579 2743 enim

191 2787 306 2851 divinae
327 2785 504 2870 hypostases
531 2789 763 2873 dtsttnqnootnr
789 2789 857 2853 illae
885 2790 1019 2873 quidem,
1055 2806 1153 2870 neque
1178 2795 1275 2851 umen
1303 2795 1509 2867 soporamur,-
1544 2789 1582 2851 ita

189 2897 315 2979 apostoli
341 2915 517 2979 quamquam
547 2899 696 2981 distincti,
733 2899 896 2963 nullatenus
927 2906 1026 2961 umen
1055 2903 1270 2980 annopontor.
1327 2896 1579 2970 Quemadmodum

187 3006 345 3089 montedo
372 3008 543 3071 divinitatio
578 3009 609 3071 in
638 3008 722 3073 Patre
746 3014 894 3087 palmum,
929 3028 966 3071 ae
994 3009 1025 3070 in
1045 3007 1118 3070 Filio
1145 3007 1254 3070 dende
1278 3014 1443 3089 sanctoque
1475 3008 1581 3090 Spiritu

192 3115 380 3200 intoffigttur3
416 3118 454 3180 ita
479 3116 639 3199 plenitudo
662 3125 827 3198 potestatis
847 3116 934 3181 Petro
959 3123 1094 3198 ριίιινιιιι
1113 3117 1258 3199 promissa
1278 3123 1364 3197 atque
1386 3115 1509 3197 collata,
1545 3117 1579 3181 ad

192 3228 342 3309 apostolos
371 3227 480 3291 ἀιτάάι
505 3228 636 3311 reliquos
666 3246 733 3290 cum
762 3245 799 3291 eo
824 3227 1019 3291 cohaerentes
1045 3233 1233 3310 propagatur.
1276 3224 1579 3301 Quemadmodumin

157 3414 160 3423 ,
191 3336 278 3399 Patre
305 3337 473 3418 οἰκονομία
506 3337 667 3400 αἰνίττονται
698 3354 891 3420 personarum
923 3333 1235 3420 ἀνακεφαλαιοῦται,
1271 3342 1301 3398 et
1330 3335 1368 3399 ad
1397 3336 1578 3419 μοναρχίαν
1642 3398 1643 3419 ,

191 3453 366 3529 revocatum
389 3448 428 3510 ita
449 3446 579 3511 inPetro
599 3467 721 3510 ιιινιιιιο
742 3445 924 3510 contrahitur
943 3446 1164 3512 ecclesiasticae
1184 3446 1346 3530 potestatis,
1368 3463 1445 3527 quae
1461 3453 1579 3528 propter

192 3556 428 3619 coniunctionem
450 3574 517 3619 cum
538 3557 603 3638 ipso
624 3578 688 3619 ooo
709 3557 806 3621 estin
828 3557 979 3636 omnibus,
1014 3557 1091 3621 sicut
1116 3576 1181 3618 aaa
1204 3563 1251 3620 est
1279 3555 1407 3619 ecclesia
1434 3573 1472 3618 ac
1497 3577 1578 3618 αιιιιι

192 3666 387 3748 episcopatus.
431 3664 683 3740 Quemadmodum
713 3666 839 3749 denique
874 3662 1002 3749 ἀξίωμα
1034 3675 1081 3731 est
1099 3665 1207 3747 Patris,
1242 3673 1274 3729 ut
1301 3662 1506 3747 παράδειγμα
1535 3667 1579 3747 sit,

190 3771 289 3857 αρχή,
311 3767 393 3855 πηγὴ
414 3775 468 3838 καὶ
488 3774 563 3858 ῥίζα
583 3783 712 3841 umato
734 3782 766 3840 tn
786 3782 941 3853 triattoto,·
961 3778 1001 3840 ita
1022 3772 1150 3858 ἀξίωμα
1170 3783 1217 3840 est
1235 3774 1322 3855 Petri,
1343 3782 1376 3837 ut
1394 3772 1579 3858 archetypus
1642 3870 1643 3885 χ

190 3886 238 3965 sit,
255 3890 448 3964 principium,
467 3882 546 3968 fona
567 3904 603 3948 ac
624 3886 721 3949 rodis
743 3893 872 3949 unttotir
894 3892 927 3948 to
946 3905 1041 3970 rayno
1062 3884 1131 3963 net,
1153 3885 1231 3967 quod
1253 3891 1299 3948 cst
1319 3883 1456 3947 ecclesia

304 3998 372 4055 tos.
415 3994 461 4057 Ac
482 4014 520 4058 ne
542 3997 589 4058 cui
611 3997 764 4060 audentius
786 4014 873 4078 qnam
894 3994 1059 4078 perforet,
1089 3993 1233 4059 eiusmodi
1253 3995 1432 4077 comparatio
1453 3997 1581 4059 iantitnta

197 4101 346 4186 videatur,
382 4120 490 4187 operae
512 4108 637 4187 pretium
659 4105 724 4170 iore
746 4105 872 4170 arbitror
891 4106 982 4171 verba
1003 4104 1135 4185 referre,
1171 4104 1276 4187 quihus
1304 4123 1387 4169 suam
1406 4105 1445 4168 ad
1466 4104 1579 4170 Patrem

194 4214 357 4277 orationem
378 4232 433 4295 pro
453 4215 592 4297 apostolis
613 4217 754 4299 primum,
790 4233 826 4279 ac
855 4233 909 4298 pro
938 4214 1073 4281 fidelihus
1094 4232 1165 4279 mox
1183 4214 1330 4279 universis
1356 4213 1489 4279 Christus
1512 4233 1579 4279 con

195 4325 283 4405 cepit
326 4323 381 4387 Pro
402 4326 542 4406 apostolis
563 4327 653 4409 igitur
673 4325 719 4389 his
741 4327 860 4390 omnino
882 4325 981 4391 verbis
1002 4325 1116 4391 Patrem
1130 4327 1172 4359 ¹⁵⁴
1197 4329 1345 4389 exoravit:
1367 4322 1479 4405 Πάτερ
1502 4322 1579 4406 ἅγιε,

194 4433 327 4516 τήρησον
346 4431 462 4509 αὐτούς
483 4439 517 4498 ἐν
537 4437 583 4519 τῷ
602 4433 735 4518 ὀνόματί
754 4454 829 4513 σον,
856 4427 940 4520 olm
963 4433 1106 4511 δέδοικάς
1126 4457 1197 4518 μοι,
1230 4438 1284 4498 ἵνα
1304 4425 1383 4499 ὦσιν
1403 4436 1439 4498 ἓν
1461 4434 1578 4510 καθώς

260 4671 321 4748 ¹⁶²)
341 4671 370 4728 ln
391 4671 519 4747 apologia
535 4687 586 4746 pro
600 4668 715 4729 lathem
734 4672 863 4730 adversus
979 4674 1039 4751 ¹⁵⁸)
1058 4673 1099 4735 oa
1118 4674 1189 4733 Stat.
1208 4672 1313 4732 nato.
1334 4672 1484 4731 Comidl

196 4779 325 4836 lariorum
346 4780 533 4852 parisiensium
555 4778 798 4850 theologastroron
816 4780 864 4838 de·

196 4891 305 4942 cretum
346 4886 394 4941 Sic
414 4886 467 4959 ille,
490 4884 590 4944 orhana
609 4886 732 4961 protecto
752 4904 785 4944 ac
805 4902 862 4945 no·

196 4990 282 5047 desta.
319 5046 322 5051 ⁴
974 4992 1034 5069 ¹⁸⁵)
1053 4993 1201 5068 vulgatus,
1223 5008 1309 5069 quoa,
1328 4981 1386 5058 αιἰς.

978 4835 1037 4910 ¹⁵⁴)
1059 4833 1120 4892 roa.
1141 4803 1224 4891 ivn.
1246 4831 1292 4889 ιι.
