3258 5400
601 283 747 353 CAPUT
788 286 831 353 X.
1347 285 1408 349 105

56 453 123 539 quod
138 475 265 540 nepam
285 460 385 519 marn
402 462 527 536 pastor,
556 456 635 538 quod
658 463 767 537 pastor
798 462 829 519 et
848 460 1006 537 eptscopus
1028 459 1203 519 massonam
1222 460 1408 533 postremas,

55 565 169 647 quodque
188 571 332 647 pruseeps
355 571 516 646 postorrms
542 573 733 648 nuncupetur.
775 567 867 629 lmmo
889 565 1074 629 iudicandum
1096 571 1191 646 esset,
1217 571 1295 627 tanta
1315 565 1408 628 nomi·

52 693 123 756 nun,
141 675 340 758 titulmumque
362 677 537 758 praestantia
557 684 607 740 ant
626 676 734 741 nullam
754 677 883 759 penitus,
911 684 961 739 aut
981 675 1165 740 umbratilem
1186 675 1334 739 dumtaxat
1354 674 1408 737 ho·

50 786 134 866 noris,
154 785 321 867 ordinisque
343 785 514 868 dignitatem
535 784 702 868 significari.
745 784 882 867 Aequum
904 787 1065 869 animast,
1094 805 1132 849 no
1153 786 1237 850 aliter
1258 784 1295 847 de
1317 783 1407 865 fonte,

47 893 167 959 realiter
186 895 224 958 de
245 903 409 978 propagato
432 915 472 959 ex
489 913 526 959 eo
547 895 665 959 flumine
683 901 838 958 statuatur:
859 913 937 959 neve
955 895 1011 959 alia
1032 896 1071 960 de
1090 894 1164 977 solo,
1185 893 1282 976 dequo
1295 894 1408 957 emuao

48 1022 80 1067 aa
98 1022 132 1066 ec
150 1005 231 1068 radio
253 1008 399 1070 sententia
418 1005 635 1089 pronuncietur.

139 1118 203 1177 114.
247 1114 333 1190 Quod
357 1116 501 1198 quamsit
521 1122 622 1197 suapte
643 1120 746 1176 nataua
764 1112 957 1198 manifestum,
979 1113 1152 1178 luculentius
1166 1113 1251 1178 reddi
1273 1113 1409 1197 exemplo

44 1228 133 1303 potest
174 1223 355 1288 denotantur
377 1226 456 1288 enim
475 1224 524 1287 illa
537 1227 564 1258 ⁴²
596 1224 632 1285 ad
653 1222 801 1306 apostolos
822 1223 929 1287 verba:
957 1222 1058 1302 ἐδόθη
1083 1246 1141 1307 μοι
1168 1226 1256 1288 πᾶσα
1282 1221 1409 1302 ἐξουσία

42 1335 71 1392 ἐν
92 1330 213 1416 οὐρανῷ
242 1335 297 1397 καὶ
324 1335 382 1397 tert-
395 1336 467 1417 γῆς·
495 1330 748 1413 πορευθέντεψ·
769 1330 991 1416 μαθητεύσατε
1012 1330 1116 1399 πάντα
1140 1327 1179 1399 sci
1200 1332 1301 1410 t‘cm:
1328 1352 1364 1396 ac
1378 1335 1406 1366 ⁴⁹
1468 1370 1471 1377 ·

41 1441 86 1504 aa
110 1460 240 1506 rursum:
272 1441 389 1520 καθώς
414 1443 589 1510 &elmodad
609 1464 650 1527 pe
677 1444 696 1506 ὀ
724 1440 842 1526 πατήρ,
871 1441 961 1527 κάγώ
985 1449 1097 1527 πέμπω
1125 1440 1216 1527 ὑμᾶς.
1263 1443 1355 1524 Peto,
1383 1443 1410 1507 si

39 1550 106 1614 nulla
125 1552 267 1634 apostolis
287 1553 392 1617 luisset
412 1552 610 1636 praecipiendi
631 1554 803 1634 auctoritas,
830 1555 875 1617 ius
896 1554 1022 1636 nudum,
1045 1572 1104 1637 quo
1124 1555 1210 1637 leges
1230 1552 1356 1633 ferrent,
1379 1558 1410 1615 et

40 1656 224 1737 aidemxaie
248 1661 406 1727 docerent:
434 1666 460 1727 si
480 1682 584 1727 eorum
605 1663 728 1727 facultas
749 1665 844 1727 omnis
870 1681 907 1727 eo
932 1663 1081 1747 redisset,
1109 1673 1141 1727 ut
1165 1679 1343 1746 praeconum
1364 1663 1408 1725 in·

41 1775 91 1831 star
107 1770 229 1834 verbum
250 1772 401 1854 evangelii
422 1773 662 1854 disseminarent,
689 1775 759 1855 quid
787 1774 824 1837 de
844 1782 988 1857 potestate
1009 1772 1151 1839 Christis
1171 1772 1256 1836 Patro
1277 1778 1407 1853 accepta,

43 1877 121 1961 teque
142 1881 304 1964 missione,
332 1900 419 1964 mam
439 1880 532 1945 Patris
552 1883 672 1946 nomine
693 1882 815 1965 obierit,
842 1884 1053 1948 assumendum
1074 1878 1170 1947 lereti
1195 1882 1343 1946 aestimari
1364 1881 1408 1944 ni-

43 1987 127 2052 ninn
147 1998 313 2072 oporteret,
334 1990 477 2070 umbram,
498 1993 688 2074 speciemque
701 1993 863 2075 potestatis,
885 1974 944 2057 non
959 2000 1133 2077 potestatem
1154 1994 1246 2076 ipsam
1267 1992 1296 2055 ei
1317 1991 1408 2057 luisse

41 2096 160 2163 denum:
183 2102 215 2164 in
237 2101 378 2197 mundum
401 2108 499 2165 autem
520 2121 588 2166 cum
610 2104 738 2186 vennae,
759 2122 820 2168 non
840 2112 872 2167 ut
891 2106 1037 2189 principis,
1059 2105 1199 2187 regisquo
1219 2120 1325 2186 regum
1345 2104 1409 2167 iura

41 2218 197 2294 caecaret,
221 2211 282 2275 sed
301 2219 333 2274 ut
352 2210 462 2274 nudum
482 2214 654 2294 praeconis,
675 2212 825 2297 legatique
847 2212 975 2277 officium
996 2213 1172 2278 absolveret.

129 2320 212 2394 Quae
236 2338 328 2403 quum
349 2321 422 2384 salsa
443 2323 516 2403 siut,
545 2330 753 2404 praepostera,
774 2323 914 2406 absurda,
936 2324 1017 2388 etin
1038 2322 1143 2387 Christi
1164 2322 1253 2405 ipsius
1275 2322 1409 2386 iniuriam

40 2428 179 2494 mulene
207 2430 335 2511 cedant,
359 2449 485 2514 pronum
514 2441 561 2496 est
584 2434 733 2515 mutuari,
763 2451 823 2497 non
849 2433 907 2498 alio
932 2453 968 2498 ea
988 2451 1112 2498 numero
1132 2431 1236 2496 haberi
1260 2451 1364 2516 posse,
1392 2452 1410 2497 e

39 2538 130 2619 pum
151 2549 383 2623 consequuntur.
426 2536 496 2604 lude
517 2549 614 2606 autem
637 2550 873 2625 consequuntur,
896 2544 974 2626 quod
994 2543 1096 2623 Petro,
1119 2561 1207 2625 quem
1229 2542 1359 2607 cuman
1381 2544 1411 2607 in

37 2651 203 2714 consortium
216 2654 247 2687 ⁵⁰
280 2652 343 2714 eius
370 2649 517 2733 dignitatis
546 2652 682 2734 adscivit,
712 2671 768 2735 qua
795 2655 920 2736 ipsemet
940 2661 1000 2736 est,
1029 2671 1065 2717 ac
1087 2660 1251 2735 pastorum
1269 2660 1410 2735 particeps

40 2768 225 2843 nuncupatur,
256 2762 396 2844 primatus
417 2762 537 2843 potioris
558 2762 643 2843 iuris,
672 2763 904 2853 universalisque
925 2765 1076 2846 potestatis
1097 2762 1289 2847 denegatam·
1312 2761 1343 2829 si
1362 2762 1412 2844 qui

37 2886 100 2950 ergo
125 2872 201 2936 haec
230 2872 321 2935 Patro
349 2869 506 2933 deuehere
534 2879 676 2954 pergant,
702 2892 800 2954 neque
829 2875 982 2938 ventatem
1011 2871 1126 2953 colere,
1159 2889 1257 2953 neque
1284 2871 1410 2935 dunum

38 2978 129 3045 tund
150 2983 338 3046 maiestatem
361 2981 468 3059 vereri,
490 2997 551 3042 non
571 2982 716 3046 immerito
736 2982 918 3065 putabantur.
962 2983 1053 3046 Tanta
1074 2980 1188 3045 scilicet
1207 2989 1253 3045 est
1266 2981 1411 3045 Christum

39 3086 104 3151 inter
121 3109 156 3153 sc
176 3090 299 3154 Petrum
321 3090 466 3171 muneris,
495 3093 731 3175 auctoritatisque
753 3093 933 3172 coniunctio,
961 3098 993 3155 ut
1012 3090 1098 3154 huius
1119 3108 1218 3171 neqm
1239 3097 1411 3155 ornamenta

37 3196 163 3282 lapriam,
192 3218 295 3282 neque
324 3202 486 3284 oppugnari
512 3201 575 3264 iura
602 3203 728 3284 possint,
758 3204 828 3285 quin
855 3201 931 3265 illius
958 3201 1087 3264 vicissim
1115 3198 1215 3281 dotes,
1247 3207 1278 3263 ot
1304 3201 1410 3263 summi

36 3309 168 3374 ecclesiae
190 3310 333 3393 principis
353 3311 491 3375 maestas
512 3311 627 3395 impeti,
649 3313 736 3376 acin
757 3319 888 3394 apertum
911 3311 1069 3374 discrimen
1089 3309 1195 3374 adduci
1215 3309 1375 3374 adeantur.

91 3568 134 3644 Η)
153 3569 251 3626 llattlr.
271 3568 392 3627 xxvut
414 3568 554 3626 10-19.
744 3570 839 3645 Petro,
867 3571 927 3628 rice
954 3586 1002 3628 sua
1028 3552 1057 3628 ut
1080 3577 1217 3647 pasceret,
1244 3572 1279 3629 sd
1305 3571 1409 3628 coelun

89 3675 133 3750 ⁴⁸)
152 3676 290 3747 vulgatus
315 3676 395 3751 legit,
425 3675 606 3753 πορευθέντος
631 3664 694 3746 oio,
744 3684 906 3735 remeaturus
934 3673 1133 3735 commendat.“
1173 3677 1275 3746 Quibus
1294 3678 1346 3734 iata
1366 3694 1409 3735 re·

37 3788 120 3838 testes
137 3799 214 3857 erpo.
744 3784 905 3856 spondente
919 3785 1128 3841 sacramentario
1143 3784 1275 3857 gallicano
1289 3785 1324 3840 sd
1337 3785 1410 3841 diem

90 3887 133 3963 ⁴⁹)
153 3888 216 3945 lob.
239 3884 299 3942 xx.
320 3883 368 3941 21.
744 3889 842 3946 fmtum
873 3890 1014 3947 cathedrae
1044 3906 1067 3947 s.
1097 3890 1186 3964 Petri,
1219 3890 1247 3945 ln
1274 3888 1409 3947 collecta:

90 3993 134 4068 ”)
153 3993 235 4061 Quod
249 3992 343 4048 Petras
356 3990 537 4064 Chrysologus
552 3992 637 4049 Serm.
649 3992 694 4050 tlt
745 3996 851 4071 φουρ,
880 3996 925 4068 qui
952 3996 1080 4052 hodierna
1108 3996 1154 4052 die
1178 3994 1285 4052 beatum
1304 3995 1409 4052 Petrum

38 4095 163 4168 tlogsmm
182 4099 335 4172 expressit,
356 4097 493 4171 iaqalens:
521 4098 613 4174 „Ores
633 4115 696 4156 suas
746 4108 810 4174 post
830 4107 857 4158 te
876 4101 977 4159 dedisti
996 4107 1076 4175 caput
1095 4101 1226 4158 ecclesiae
1246 4099 1311 4157 ...“
