3266 5416
169 308 208 368 ld
650 302 982 370 Pnouuuontunn

166 472 237 535 bant
256 491 295 536 ex
314 472 362 535 bis
382 471 471 537 locis:
497 470 547 535 To
568 495 601 536 ea
624 470 754 551 Petrus,
784 482 823 555 et,
846 472 1003 556 Confirmn
1018 471 1144 556 fratrea
1166 480 1250 548 tuos,
1272 479 1314 553 et,
1338 468 1442 534 Pasce
1468 491 1546 534 om

168 603 273 658 menn
302 583 339 644 ita
367 581 406 644 illi
436 600 554 645 suarum
576 602 644 646 esse
664 587 787 665 partium
810 592 933 647 censent
952 582 1024 645 nibil
1044 601 1104 644 non
1128 583 1240 662 moliri,
1270 581 1348 663 quod
1368 581 1436 644 huie
1458 581 1546 644 labe-
1620 644 1621 667 ,

168 691 319 755 iactandas
339 691 502 773 probationi
523 693 691 757 conducere
711 711 800 775 posse
822 694 1004 756 arbitrentur.
1043 692 1191 755 Notissimi
1212 698 1280 755 sunt
1300 692 1547 775 presbyteriano-

167 818 232 863 rum
255 808 383 882 conatus,
406 809 437 865 et
456 802 553 884 paullo
575 803 747 867 eruditiores
770 822 829 867 non
850 806 986 885 ignorant
999 803 1093 866 studia
1108 801 1215 863 eodem
1229 802 1410 883 pertinentia,
1434 801 1548 882 quibus
1616 780 1621 791 ¹

167 910 328 990 lutherani,
350 909 511 993 anglicani,
533 913 714 995 zwingliani,
737 915 901 993 arminiani,
930 931 965 975 ao
986 920 1086 976 sectae
1109 913 1227 974 omnino
1250 929 1352 974 omnes
1374 911 1410 975 ab
1431 913 1548 975 unitate

169 1020 311 1084 catholica
342 1021 491 1083 seiunctae
523 1038 642 1102 operam
672 1022 829 1104 dederunt,
861 1032 893 1087 ut
925 1024 1090 1087 testimonia
1123 1021 1294 1104 evangelica
1323 1022 1360 1084 ad
1388 1041 1451 1084 rem
1481 1040 1548 1083 non

169 1130 277 1209 iacere,
299 1138 329 1192 et
350 1130 434 1192 aliter
452 1149 573 1212 prorsus
595 1149 630 1193 ac
652 1130 806 1194 orthodoxi
827 1134 1008 1211 existiment,
1038 1132 1205 1214 accipienda
1228 1150 1296 1194 esse
1317 1130 1545 1210 persuaderent.

168 1239 293 1302 Abunde
320 1239 406 1303 luerit
421 1242 446 1272 ¹⁰
476 1240 523 1302 vel
552 1260 590 1303 ex
617 1240 653 1302 iis
679 1240 816 1302 nonnulla
845 1241 972 1323 legisse,
1001 1261 1076 1323 quae
1106 1242 1302 1321 Chamierius,
1335 1241 1544 1321 Spanbemius,

169 1349 366 1429 Turrettinus,
395 1347 569 1430 Salmasius,
591 1348 788 1431 ligbtlootns,
810 1349 999 1432 Episcopius,
1022 1349 1140 1414 Rivetus
1162 1360 1248 1433 atque
1270 1349 1471 1412 linborchius
1496 1351 1544 1413 lit-

168 1460 239 1521 teris
269 1459 493 1540 consignarunt:
524 1461 567 1521 sic
595 1460 673 1522 enirn
702 1467 868 1541 comparata
895 1468 976 1539 sunt,
1010 1467 1040 1521 ut
1060 1459 1136 1523 hanc
1156 1458 1381 1541 protestantibus
1406 1459 1546 1522 omnibus

169 1568 312 1631 insedisse
334 1576 461 1631 mentem
482 1571 635 1651 perspicue
657 1570 825 1649 ostendant,
857 1570 1007 1635 victoriam
1029 1589 1120 1650 panes
1143 1588 1196 1632 eos
1216 1569 1356 1649 loturam,
1386 1573 1434 1650 qui
1456 1587 1543 1631 suam

169 1677 406 1761 evangelicorum
434 1687 563 1743 textuum
591 1682 857 1760 interpretationem
895 1681 1000 1761 aptius,
1037 1679 1217 1761 validiusque
1251 1678 1454 1741 confirmarint.
1506 1679 1546 1741 Ut

169 1789 247 1851 enim
271 1788 385 1851 Marcus
413 1789 555 1852 Antonius
588 1788 625 1852 de
647 1786 778 1851 Dominis
801 1797 902 1852 auctor
923 1797 968 1852 est
985 1793 1027 1869 ¹¹,
1057 1792 1170 1870 sperari
1192 1807 1251 1851 non
1270 1797 1382 1870 potest,
1410 1797 1440 1851 ut
1466 1788 1543 1851 Tra-
1620 1796 1625 1843 :

169 1899 276 1962 ditione
297 1902 430 1977 vincant,
461 1900 509 1980 qui
538 1898 691 1961 bibliorum
713 1900 882 1961 auctoritate
905 1908 1093 1981 superentur:
1115 1919 1213 1981 neque
1235 1900 1346 1981 sperari
1368 1905 1479 1981 potest,
1513 1908 1545 1962 ut

169 2009 342 2072 Traditionis
363 2009 494 2071 doctrina
516 2010 574 2069 vim
594 2025 677 2070 suam
698 2015 807 2087 teneat,
831 2007 1051 2090 firmitatemque
1072 2017 1201 2091 tueatur,
1224 2012 1249 2072 si
1271 2008 1425 2071 bibliorum
1447 2010 1543 2091 signi·
1621 2038 1625 2047 ·

168 2118 274 2197 ficatio,
297 2137 314 2180 e
336 2136 392 2199 qua
412 2118 529 2199 pendet,
551 2117 598 2180 vel
622 2116 736 2197 dissita,
758 2117 805 2179 vel
827 2118 866 2180 illi
887 2120 1018 2200 opposita
1040 2122 1128 2182 certis
1150 2122 1348 2202 argumentis,
1372 2119 1409 2182 de
1433 2110 1542 2200 quibus
1621 2198 1626 2215 ι

169 2228 225 2291 sibi
243 2234 438 2310 protestantes
459 2226 651 2305 blandiuntur,
674 2226 852 2290 conficiatur.
1625 2214 1628 2229 '¹

279 2395 327 2452 at.
358 2389 431 2451 Hinc
460 2388 483 2451 si
514 2388 563 2469 qui
591 2389 798 2453 catholicorum
824 2389 957 2453 licentius
978 2391 1033 2453 sibi
1055 2391 1129 2453 sorte
1151 2393 1353 2470 permiserint,
1388 2390 1436 2453 vel
1459 2390 1541 2455 Scri-

169 2509 316 2583 pturarum
329 2502 493 2563 testimonia
507 2519 593 2563 secus
610 2519 644 2562 ao
663 2518 716 2581 par
735 2500 819 2579 loret,
838 2488 1029 2580 interpretari,
1052 2500 1100 2562 vel
1116 2518 1174 2562 non
1190 2502 1224 2562 iis
1238 2503 1419 2581 potissimum
1437 2500 1541 2581 lidere,

171 2617 256 2691 atque
276 2612 305 2671 in
326 2611 361 2672 iis
379 2611 514 2691 princeps
534 2628 657 2672 caussae
678 2617 855 2672 momentum
884 2608 1046 2690 collocare,
1074 2613 1104 2672 in
1131 2609 1273 2671 bonorum
1297 2611 1425 2673 omniurn
1447 2608 1543 2672 cilen-

171 2721 284 2782 sionem
306 2727 458 2799 venerunt,
480 2739 497 2781 a
519 2738 576 2800 qua
597 2727 629 2782 ut
649 2721 823 2801 semetipsos
846 2720 1024 2799 eximerent,
1053 2739 1111 2781 uon
1133 2721 1202 2781 satis
1225 2719 1280 2781 illis
1302 2718 1353 2781 luit
1375 2722 1543 2800 contestari,

171 2829 343 2893 indubitatas
370 2829 424 2893 sibi
451 2848 518 2892 esse
539 2829 615 2892 Petri
638 2829 737 2906 dotes,
771 2829 893 2910 illasque
922 2847 955 2891 se
983 2828 1129 2891 uberrima
1153 2828 1320 2891 Traditione
1351 2829 1543 2890 communire.

173 2938 255 3012 cuod
277 2939 410 3019 Launoii,
435 2939 563 3021 Dupinii,
585 2938 757 3019 Febbronii,
785 2938 977 3019 lambnrinii,
1006 2938 1186 3020 aliorumque
1208 2939 1338 3000 eiusdem
1362 2945 1448 3001 iratae
1471 2939 1541 3001 sori·
1627 2938 1628 2951 ¹

172 3057 285 3131 ptorum
308 3048 449 3130 exemplis
471 3049 652 3129 apertissime
674 3048 886 3128 comprobatur.
921 3047 1092 3130 Pugnabant
1114 3049 1153 3110 illi
1175 3050 1316 3111 adversus
1337 3055 1544 3128 protestantes,

172 3160 216 3221 ius
242 3158 318 3221 Petri
344 3158 506 3239 singulare,
536 3177 571 3219 ac
598 3157 727 3220 eiusdem
756 3157 864 3221 deeora
889 3158 1058 3239 tuebantur,
1088 3158 1256 3239 nullumque
1284 3155 1428 3219 iaciebant
1454 3156 1545 3218 finem

173 3268 354 3349 congerendi
382 3268 554 3331 Traditionis
582 3267 742 3349 suffragia,
782 3267 885 3348 quibus
912 3269 1039 3330 veritatis
1064 3267 1165 3332 hostes
1191 3274 1359 3350 premerent
1385 3274 1472 3348 atque
1507 3265 1545 3328 ad

238 3538 280 3611 ¹⁰)
302 3536 457 3594 moredibile
477 3538 548 3595 dictu
568 3542 623 3611 est,
645 3553 695 3609 qna
716 3553 746 3592 se
766 3536 833 3592 iaci·
947 3536 989 3609 ¹¹)
1008 3537 1048 3593 De
1067 3536 1175 3608 Republ.
1196 3537 1291 3595 Christ.
1313 3537 1359 3594 lib.
1381 3536 1402 3591 l.
1423 3537 1544 3608 capvt.

174 3642 247 3698 litate
280 3658 295 3697 a
327 3643 487 3699 testimoniis
519 3623 622 3699 latrum
655 3643 689 3700 de
719 3644 833 3715 primatu
882 3641 917 3697 Et
943 3658 972 3697 re
999 3659 1063 3699 sane
1082 3660 1159 3718 aera,
1185 3646 1268 3715 inquit
1289 3644 1450 3699 Tumettinus
1471 3644 1545 3700 Loco

174 3747 245 3803 Petri
274 3754 328 3803 tum
358 3754 535 3820 protestantes
568 3749 723 3822 expediant,
755 3764 833 3820 quum
886 3747 981 3804 xvllt.
1007 3766 1032 3820 q.
1057 3748 1139 3805 xvtt.
1168 3748 1195 3821 S.
1220 3749 1318 3821 xxtll,
1353 3753 1375 3805 si
1401 3751 1485 3805 semel
1513 3768 1545 3806 ea
1627 3720 1628 3739 Χ

176 3853 228 3909 sibi
249 3853 447 3912 demonstrasse
466 3856 519 3911 uisi
539 3861 606 3928 sunt,
627 3854 690 3910 nibil
705 3856 732 3909 in
742 3854 833 3909 bibliis
882 3852 1023 3910 bibliorum
1057 3856 1237 3926 interpretatio
1272 3856 1427 3929 obtinuerit,
1464 3874 1544 3929 quam
1627 3922 1628 3935 χ

176 3963 320 4036 contineri,
345 3962 416 4034 quod
443 3961 476 4016 nd
500 3977 558 4016 eum
581 3960 749 4016 asserendum
770 3975 833 4015 oon·
882 3962 957 4015 unice
976 3976 1076 4035 ueram,
1097 3977 1301 4033 germanamque
1318 3977 1378 4017 esse
1393 3969 1545 4034 pmtestan-

177 4067 264 4124 ducat.
304 4067 402 4124 Natant
430 4068 499 4123 enim
525 4083 703 4141 quaecumque
727 4066 832 4122 tandem
884 4073 923 4122 tes
944 4066 1101 4136 defendunt,
1126 4067 1154 4122 id
1173 4069 1224 4123 erit
1243 4083 1421 4140 consequens,
1448 4071 1546 4143 „testi-
1627 4106 1628 4143 ,

178 4175 211 4231 de
230 4174 307 4230 l'etro
334 4175 474 4245 insigniter
498 4174 567 4230 dicta
595 4173 662 4246 apud
683 4173 773 4229 latres
794 4189 834 4228 re·
884 4175 970 4227 monia
1002 4172 1119 4246 latrum,
1158 4173 1252 4245 quibus
1285 4175 1414 4231 intemurn
1445 4180 1546 4231 vocatu
1627 4154 1628 4175 ³

177 4284 324 4355 penantur,
358 4296 410 4337 non
441 4280 494 4336 alio
525 4281 609 4352 accipi
640 4297 719 4336 sensu
743 4295 832 4354 posse,
883 4279 985 4335 Petrum
1010 4286 1088 4352 caput
1117 4286 1144 4335 et
1175 4282 1318 4354 principem
1351 4280 1544 4353 apostoloram,

179 4405 255 4460 quana
275 4390 319 4462 qni
339 4403 397 4443 cum
410 4386 551 4443 bibliomnn
563 4386 682 4443 doctrina
694 4364 844 4459 conspiret⁰
884 4401 936 4443 non
953 4387 1063 4458 intelligi
1076 4387 1179 4441 ratione
1193 4389 1354 4442 oecumenici
1365 4388 1545 4459 pontificatus,

178 4494 222 4551 dd
241 4495 309 4551 bane
328 4494 418 4550 Patres
440 4495 701 4567 iugimrpmvooare,
723 4493 756 4549 ad
769 4494 836 4549 banc
884 4493 926 4548 vei
948 4493 1129 4567 monarchiae,
1155 4494 1204 4549 sed
1228 4496 1332 4549 ratione
1351 4495 1479 4566 primatus
1502 4509 1548 4549 or·
1627 4488 1628 4495 '

179 4606 264 4657 semet
283 4602 415 4675 recipere,
437 4599 498 4655 hnic
518 4602 650 4675 insistere,
671 4608 748 4672 atque
769 4600 836 4655 hanc
885 4600 954 4654 dinis
985 4607 1012 4656 et
1038 4599 1190 4673 diguitatis,
1225 4602 1283 4656 sive
1316 4606 1425 4672 propter
1459 4599 1547 4673 dotes,
1627 4628 1628 4637 κ

179 4722 288 4763 normae
308 4708 398 4780 instar,
418 4723 496 4779 mann
516 4714 666 4781 sequantur,
686 4680 834 4778 complecti.
884 4706 980 4778 qulbus
999 4720 1063 4778 prae
1083 4706 1196 4760 caeteris
1216 4706 1363 4779 eminebat,
1392 4721 1445 4777 quo
1464 4722 1548 4762 sensu
1627 4732 1628 4747 ³

178 4812 316 4885 Equlbus
326 4812 422 4886 liquet,
442 4830 518 4887 quae,
538 4821 686 4887 quantaque
698 4814 734 4869 sit
744 4829 835 4868 neces-
885 4811 917 4867 ll.
955 4811 1015 4867 Cor.
1045 4811 1092 4868 Xl.
1122 4811 1268 4885 Apostolus
1305 4818 1385 4869 vocat
1416 4812 1548 4884 quosdam
1627 4844 1628 4849 κ

179 4921 316 4976 sitasenm
331 4919 419 4977 mendi
432 4919 572 4977 bibliorum
581 4920 836 4995 interpretationem,
885 4906 949 4985 τοῦς
988 4910 1057 4991 ὑπὲρ
1096 4915 1158 4973 λίαν
1197 4907 1381 4985 ἀποστόλους,
1423 4924 1451 4974 et
1480 4918 1548 4974 alibi

180 5043 247 5103 quae
267 5027 476 5085 concatholica
496 5029 607 5085 vennae
622 5028 762 5086 conseant.
891 5026 948 5085 Gal.
969 5025 1002 5083 ll.
1022 5012 1163 5090 ondlona.“
