3258 5400
604 302 750 372 CAPUT
791 302 899 369 xvn.
970 326 980 347 ·
1350 310 1412 371 tot

74 491 142 555 nen,
173 489 331 553 mumque
366 472 629 553 consequutionem
651 492 727 555 quae
753 473 897 556 promissa
924 480 1007 551 sunt,
1043 491 1110 534 cum
1136 471 1209 554 lide,
1236 472 1413 555 salutarique

79 582 204 663 ougddonc
222 582 373 657 devinciri,
395 598 454 661 quo
470 580 544 644 fides
563 583 636 662 ipsa,
658 580 850 663 salutarisque
865 583 995 664 cognitio
1010 600 1076 645 cum
1090 580 1225 666 qlortosc
1239 579 1300 645 Det
1311 592 1413 663 poten·

78 699 108 754 tu
121 693 212 773 signis,
234 691 435 772 portentisque
458 689 605 753 declarata
628 690 778 756 cohaeret

144 800 233 874 Quare
257 800 387 865 Christus
408 799 458 880 qui
480 799 517 862 de
539 801 651 863 iudaeis
668 803 692 834 '⁴
718 800 845 877 dixerat,
866 802 894 862 rt
914 797 957 881 μα’
979 791 1102 876 ἦλθον,
1125 802 1179 864 καὶ
1200 800 1337 877 ἐλάλησα
1356 799 1414 865 αὑ-

70 912 124 986 τοίς,
147 910 302 992 ἁμαρτίαν
330 907 388 972 οὐκ
418 905 523 986 εἶχον·
549 911 606 972 νῦν
634 907 670 973 δὲ
691 911 851 992 πρόφασιν
871 906 931 973 οὐκ
952 910 1064 987 ίχουσε
1089 910 1234 989 περὶτῆς
1255 907 1412 993 ἁμαρτίας

65 1019 156 1097 σίτου,
182 1023 239 1084 nisi
259 1021 407 1083 venissem
436 1020 465 1081 in
486 1018 640 1097 mundum,
667 1035 779 1099 eosque
802 1025 951 1081 auctorem
973 1018 1031 1080 mei
1052 1015 1194 1081 adventus
1216 1020 1410 1101 edocuissem,

62 1146 105 1190 ror
126 1137 279 1211 peccarent
304 1132 329 1192 si
357 1149 405 1192 mc
432 1129 606 1208 reiicercnt3
634 1144 713 1189 nunc
740 1134 837 1190 autem
864 1126 936 1189 nihil
956 1126 1066 1190 habent
1088 1126 1166 1208 quod
1187 1137 1358 1210 praetexant
1374 1134 1412 1212 ¹⁵,

61 1245 110 1300 utu
131 1257 180 1302 suo
207 1259 243 1304 se
264 1246 388 1321 peccato
414 1244 555 1319 pingent:
584 1216 655 1300 mox
671 1239 696 1270 ¹⁶
720 1235 859 1318 mutent,
886 1239 915 1299 εὶ
937 1232 975 1300 τοί
994 1238 1073 1319 ἔργα
1093 1229 1136 1319 μὴ
1156 1237 1286 1315 ἐποίησα
1305 1243 1340 1302 ἐν
1357 1236 1415 1304 αὐ-

59 1350 125 1423 τοῖς,
148 1344 172 1411 d'
190 1347 297 1424 οὐδεὶς
317 1346 415 1424 σίλλος
437 1348 616 1424 πεποίηκεν,
644 1342 802 1429 ἁμαρτίαν
821 1344 880 1410 οὐκ
898 1342 1005 1423 ellos·
1034 1349 1093 1410 νῦν
1113 1345 1149 1410 ot
1170 1348 1223 1411 καὶ
1243 1347 1413 1431 ἑωράκασι,

57 1456 96 1519 rol
112 1455 294 1539 μεμισήκασι
320 1460 373 1521 καλ
393 1459 449 1538 ἐμὲ
471 1458 524 1521 καὶ
543 1456 599 1520 τὸν
616 1462 735 1537 πατέρα
753 1475 835 1537 μου,
863 1457 920 1520 nisi
939 1455 1073 1538 prodigia
1089 1459 1113 1489 '⁷
1139 1474 1239 1520 coram
1259 1459 1304 1521 eis
1320 1461 1347 1493 ¹⁸
1371 1458 1413 1522 le·

56 1566 155 1647 clasem
182 1588 261 1650 quae
288 1585 377 1631 nemo
404 1567 477 1630 alius
504 1566 610 1646 edidit,
639 1583 699 1628 non
723 1574 896 1647 peccarent3
923 1582 1002 1628 nuno
1028 1573 1126 1629 autem
1156 1573 1186 1630 et
1206 1586 1242 1630 ea
1267 1568 1411 1651 viderunt,

55 1676 152 1757 umque
166 1656 260 1741 oculis
280 1685 465 1759 usurparunt,
488 1685 518 1740 et
538 1695 586 1740 me
602 1684 710 1756 umen,
731 1675 904 1755 Patremque
919 1693 1017 1736 nucum
1038 1674 1172 1738 oderunt
1214 1676 1316 1742 Nullus
1337 1697 1413 1761 ergo

55 1785 88 1845 cis
110 1793 151 1848 est
176 1787 393 1869 tergiversandi
420 1787 518 1864 locus,
546 1804 634 1867 quum
663 1801 723 1848 non
752 1785 931 1866 ignorantia,
966 1782 1022 1846 sed
1048 1785 1137 1848 animi
1163 1787 1328 1867 pervicacia
1358 1787 1414 1851 illis

54 1891 127 1957 trrudi
152 1898 198 1959 sit.
243 1897 326 1970 Quae
352 1872 461 1960 idcirco
485 1893 622 1973 subiecit,
653 1901 685 1955 ut
710 1893 895 1973 ostenderet,
923 1892 1011 1955 fidem
1038 1912 1056 1956 c
1080 1894 1297 1975 praedicatione
1325 1904 1413 1980 atque

54 2008 204 2086 magisterio
232 2011 272 2070 ita
301 2006 447 2087 pendere,
475 2013 506 2067 ut
532 2002 711 2086 praedicatio
739 2004 802 2083 ipsa
829 2021 864 2065 ac
892 2002 1092 2083 magisterium
1112 2002 1253 2083 meatu·
1273 2006 1413 2090 indigeat,

6 2094 7 2129 ³
55 2130 112 2192 dure
131 2116 171 2179 illi
190 2117 331 2197 pretium,
354 2116 614 2195 auctoritatemque
636 2110 801 2175 concilient.

138 2216 217 2288 Hinc'
235 2243 324 2307 ρυυισ
346 2223 501 2287 duodecim
522 2239 596 2304 quos
617 2222 765 2304 elegerat,
793 2223 917 2305 primum
938 2223 975 2286 ad
994 2224 1220 2306 praedicandum
1241 2227 1333 2306 misit,
1354 2244 1415 2293 non

49 2337 220 2417 assmpsit
251 2334 339 2396 modo
356 2335 381 2367 '⁹
406 2332 484 2415 quod
511 2333 737 2412 annunciarent,
765 2332 914 2413 inquiensr
944 2336 1149 2416 πορευόμενοι
1172 2331 1209 2398 dl
1236 2332 1414 2418 κηρύσσετε,

50 2439 191 2522 tirone·
221 2440 270 2506 ὅτι
297 2440 424 2524 ἤγγικεν
446 2438 466 2518 ἡ
490 2439 633 2525 βασιλεία
659 2442 725 2504 τῶν
751 2437 913 2523 οὐρανῶν,
940 2451 1044 2508 euntes
1065 2453 1162 2508 autem
1182 2445 1350 2527 praedicate
1372 2445 1415 2509 di·

51 2561 152 2635 centes,
180 2554 261 2636 qnod
288 2552 567 2635 appropinquavit⁹⁰
597 2568 723 2632 regnum
749 2549 918 2634 coelorum3
948 2553 1001 2616 sed
1028 2554 1234 2637 amplissimam
1261 2562 1415 2636 practerea

49 2661 186 2742 uguomm
206 2668 383 2744 potestatem
396 2663 422 2694 ²¹
450 2659 579 2739 contulit,
601 2659 745 2723 subdens:
768 2654 987 2738 ἀσθενοῦντας
1007 2662 1202 2745 θεραπεύετε
1216 2667 1258 2740 ²²,
1280 2662 1416 2748 λεπρούς

49 2770 240 2854 καθαρίζετε,
263 2771 411 2853 δαιμόνια
430 2767 613 2853 ἐκβάλλετε,
635 2768 765 2833 infirmos
790 2779 904 2852 curule,
923 2772 1058 2854 leprosos
1078 2774 1231 2856 mundate,
1254 2773 1415 2836 daemones

48 2881 140 2944 elicito.
181 2881 218 2945 Et
242 2900 330 2963 quum
353 2878 474 2943 eosdem
496 2878 656 2943 solemnius
678 2881 756 2943 misit
781 2898 840 2944 non
867 2881 904 2945 ad
929 2899 1018 2945 unum
1038 2882 1153 2947 Israelis
1181 2884 1335 2965 populum,
1362 2881 1416 2947 sed

47 2989 77 3050 ad
94 2999 197 3072 gentes
219 2993 388 3071 uniuersas,
410 2990 480 3052 dixit
493 2992 521 3023 ²⁸
546 2989 678 3070 quidem:
700 2988 909 3070 πορευθέντες
929 2995 973 3067 είς
993 2991 1047 3056 τὸν
1068 2996 1186 3076 κόσμον
1205 2989 1342 3068 ἅπαντα,
1364 3012 1416 3068 κη·

48 3099 149 3179 ρύξατε
168 3103 204 3167 τὸ
227 3098 410 3182 εὐαγγέλιον
429 3097 514 3182 πείσῃ
536 3101 574 3181 τῇ
593 3098 705 3174 κτίσει,
727 3106 831 3163 euntes
851 3102 881 3163 in
903 3101 1042 3165 muudum
1062 3103 1229 3167 universum
1250 3103 1416 3184 praedicate

47 3214 223 3295 evangelium
249 3212 328 3275 omni
350 3217 520 3289 creaturac3
542 3208 595 3271 sed
619 3210 756 3272 contiuuo
777 3213 864 3274 etiam
878 3214 905 3244 ²⁴
930 3211 1049 3277 adiecit:
1084 3216 1196 3296 σημεῖα
1217 3212 1253 3277 dl
1274 3218 1341 3288 τοῖς
1366 3237 1415 3276 m-

47 3322 180 3386 στεύσασι
193 3324 294 3386 ταῦτα
307 3315 602 3403 παρακολουθήσει·
617 3323 651 3382 ἐν
671 3320 717 3401 τῷ
731 3320 860 3403 ὀνόματί
874 3341 938 3402 μου
952 3318 1100 3404 δαιμόνια
1113 3322 1295 3408 ἐκβαλοῦσι·
1313 3321 1415 3407 γλώσ·

46 3445 104 3505 ναις
124 3431 299 3509 λαλήλουσε
314 3437 453 3503 καιναῖς·
476 3428 566 3510 ὄφεις
586 3426 716 3510 αἱροῦσι·
738 3452 766 3493 κ.
789 3452 813 3492 τ.
835 3431 863 3494 λ.
907 3431 989 3494 Unde
1011 3430 1056 3495 luis
1071 3432 1169 3497 verbis
1183 3436 1212 3468 ²³
1235 3434 1417 3517 euangelista

47 3544 233 3605 mundonem
256 3541 396 3604 absolvit:
426 3543 541 3602 ἐκεῖνον
569 3535 605 3601 δὲ
631 3534 815 3615 ἐξελθόντες
836 3537 990 3621 ἐκήρυξαν
1019 3547 1200 3623 πανταχοῦ,
1228 3547 1285 3609 τοῦ
1306 3546 1416 3626 κυρίου

45 3652 275 3733 συνεργοῦντος,
297 3651 425 3714 καὶτὸν
445 3649 541 3731 λόγου
560 3645 763 3731 βεβαιοῦντος
784 3642 838 3712 dccl
859 3651 925 3713 coir
944 3651 1251 3719 ἐπακολουθούντων
1270 3654 1414 3736 σημείων.

104 3862 145 3936 ¹⁴)
164 3861 228 3919 uon.
249 3860 308 3917 xv.
330 3860 377 3917 νυ.
818 3859 860 3936 ¹⁹)
879 3860 971 3918 utin.
992 3862 1024 3920 x.
1048 3864 1074 3921 r.
1126 3910 1129 3915 .

103 3984 144 4058 ¹⁵)
173 3983 223 4039 Est
243 3985 313 4039 enim
338 3999 419 4055 saepe
442 3974 630 4059 πρόφασις
650 3999 703 4037 ox·
814 3982 859 4057 ²⁰)
879 3982 957 4051 Quod
978 3986 1033 4041 iarn
1059 3987 1180 4044 imminet
1206 3988 1271 4044 novi
1297 3987 1415 4043 foederis

49 4092 157 4163 msrtio,
179 4096 349 4163 praetentus,
372 4104 466 4144 caussa
488 4104 566 4160 quam
586 4089 645 4160 quis
666 4088 705 4143 al·
752 4087 893 4146 iustituu'o.

48 4191 98 4268 lert,
117 4188 271 4269 siw'vm,
295 4196 354 4252 siue
375 4194 440 4250 talsa
461 4195 505 4250 sit.
547 4193 702 4267 Hesychius,
813 4212 859 4287 τι)
880 4212 971 4269 Marah,
991 4212 1025 4270 x,
1046 4213 1074 4269 g,

47 4290 193 4374 ’θάψας’
214 4299 298 4358 “²²⁶⁰‘'
814 4334 860 4409 ²²)
881 4334 1011 4407 Vulgatus
1025 4336 1173 4411 interserit,
1193 4290 1313 4396 mortuos
1325 4339 1417 4396 ναυσί·

103 4423 144 4498 ⁸⁸)
165 4424 230 4481 ³⁰¹¹·
250 4424 309 4480 XV·
331 4421 379 4479 ²4·
470 4488 474 4496 .
753 4446 818 4511 tute,
840 4445 919 4513 atquc
934 4440 1002 4496 adeo
1016 4448 1087 4517 ουλε,
1107 4435 1225 4533 λεπροῦς
1244 4439 1418 4519 καθαρίζετε,

106 4544 147 4619 ¹²)
169 4545 226 4601 lloc
247 4562 326 4602 scnsn
346 4537 379 4602 cd
399 4538 485 4620 loyor,
505 4550 534 4600 ot
551 4543 703 4601 hebraicum
752 4546 831 4620 legit,
857 4538 968 4623 νεκροίς
988 4545 1107 4624 ἐγείρετε.
1154 4549 1209 4605 Sed
1227 4549 1293 4605 haec
1314 4550 1417 4607 additio

49 4641 157 4742 litigii,
179 4651 329 4725 frequenter
347 4652 490 4726 accipitur,
510 4650 601 4707 llattlr.
615 4650 660 4707 lll.
675 4649 702 4725 2,
752 4653 849 4709 idoneo
871 4653 1030 4710 auctoritate
1050 4654 1176 4710 destituto
1196 4655 1281 4711 videri
1301 4662 1399 4729 potest.

48 4762 108 4840 ‚lum⁴
121 4776 155 4832 V.
176 4777 228 4849 ³6,
257 4777 302 4834 lX.
323 4776 425 4852 3-4,
451 4776 513 4834 Luc.
533 4776 628 4834 xxiv.
651 4776 703 4832 19:
814 4774 1124 4850 Ν)λ1ετυ.)λλί1.15.

48 4872 155 4946 θνατᾶς
173 4882 202 4939 ἐν
220 4875 300 4961 ίαν·
816 4895 862 4970 ²⁴)
882 4896 950 4954 turc
970 4914 998 4953 v.
1020 4896 1067 4983 ιτ.

108 5020 151 5095 ¹⁸)
172 5020 211 5080 lte
227 5022 312 5097 Syrus
331 5018 419 5077 reddit
436 5036 534 5093 graeca
554 5019 584 5081 dr
602 5009 705 5089 αὐτοῖς.
816 5016 861 5094 ²⁶)
882 5016 951 5075 ibid.
972 5032 999 5075 r.
1020 5017 1068 5075 λυ.
