3324 5382
612 318 765 389 CAPUT·
799 318 888 388 xttt.
1378 310 1441 380 tlt

165 490 381 556 nasamonw
411 491 526 572 ltaque,
562 489 808 575 ltaclnspanius⁸,
839 490 1008 571 Wolllns⁴,
1047 487 1226 568 Stocltiw,
1259 484 1397 552 Pricaem
1416 485 1440 565 ⁶,

64 598 284 681 minonem,
312 619 348 663 ac
368 620 409 664 ne
430 620 534 664 omnes
556 618 802 681 commemorem,
825 599 1005 682 Theophilus
1024 599 1176 664 liuinoel⁸
1202 604 1338 662 auctores
1359 602 1440 659 sunt:

5 752 7 777 r
63 708 82 771 l
101 710 282 792 participium
295 714 487 795 ἐπιστριιμις
508 711 545 775 ad
561 712 689 793 culpam,
708 713 958 794 negationemque
971 710 1048 774 Petri
1066 710 1222 791 perspicue
1237 707 1307 771 satis
1319 706 1441 770 referri:

62 817 242 901 proindeque
264 820 297 882 tl.
319 838 380 884 non
400 822 550 884 minimum
572 838 626 884 cos
645 821 717 901 lulli,
740 823 789 904 qui
811 820 942 885 adverbii
962 826 1136 903 potestatem
1158 817 1257 882 eidem
1278 814 1442 895 subiiciunt,

64 933 92 990 et
118 926 212 991 πάλιν
238 930 292 991 καὶ
316 927 494 1012 ἀμοιβαιως
517 932 751 1012 interpretantur.
799 930 883 1004 Quod
912 930 1058 1011 posterius
1086 935 1118 992 nt
1142 926 1294 991 Wolllus’
1321 924 1442 1004 eliciat,

62 1034 105 1098 bis
131 1038 222 1101 utitur
249 1040 445 1121 argumentis:
489 1039 622 1117 „Novam
651 1041 735 1103 istam
764 1041 1033 1123 interpretationem
1056 1056 1116 1101 non
1137 1039 1243 1120 putitiu·
1263 1043 1329 1100 tum
1349 1035 1444 1099 series

63 1149 216 1227 sermoms,
238 1150 269 1212 in
291 1166 350 1230 quo
372 1147 513 1231 delapsu
535 1148 631 1212 laturo
653 1149 762 1214 diserte
785 1151 889 1232 agitem,
912 1156 977 1211 tura
997 1166 1070 1211 uero
1092 1154 1215 1211 euentus
1236 1147 1289 1221 rei,
1313 1143 1444 1227 quando·

64 1256 178 1336 minem
201 1256 304 1321 Petrus
331 1265 362 1321 et
389 1257 475 1340 paulo
504 1266 569 1340 post
590 1258 689 1340 lapsus
711 1266 771 1339 est,
800 1265 831 1321 et
852 1258 965 1323 eliicaci
987 1256 1102 1322 Domini
1124 1257 1265 1340 adspectu
1283 1255 1320 1319 ad
1340 1256 1445 1337 poeni·

64 1367 177 1429 untiam
207 1366 384 1449 perductus,
417 1375 446 1429 et
473 1375 659 1430 commentor
679 1376 762 1431 netto
782 1367 865 1432 uerbi
892 1371 1105 1450 ἐπιστρέφειν,
1137 1367 1243 1449 quippe
1269 1364 1347 1448 quod
1372 1363 1445 1427 alias

65 1490 127 1536 cnm
147 1480 313 1556 μετανοεῖν
332 1477 520 1558 coniungitur
539 1496 556 1539 a
574 1477 667 1555 Luem
690 1478 756 1540 Act.
771 1478 817 1541 lli
836 1484 887 1557 tu,
910 1484 938 1539 et
960 1498 1053 1556 saepe
1072 1476 1213 1539 πιπιᾰπιι
1232 1472 1445 1559 atqntlieutnn

64 1582 136 1664 apud
157 1585 235 1661 τούς
256 1586 343 1650 lxx.
366 1585 492 1665 obtinet,
521 1593 551 1649 ut
572 1586 632 1649 les.
652 1586 698 1649 Vl.
723 1592 775 1666 10,
798 1594 827 1650 et
848 1586 869 1650 l.
884 1587 959 1670 lteg.
983 1586 1055 1650 Vlll.
1079 1588 1151 1649 ee.“
1192 1583 1236 1647 lic
1259 1584 1349 1666 priori
1370 1601 1444 1647 sero

65 1695 154 1775 cupite
176 1698 221 1760 sic
242 1697 333 1760 babet
351 1696 506 1760 Pricaeus:
543 1694 685 1775 „Accede
706 1697 742 1759 iis
763 1698 812 1778 qui
833 1700 1023 1784 ἐπιστρέψας
1043 1696 1111 1760 heic
1133 1701 1298 1778 exponunt,
1320 1713 1444 1756 conuer-

65 1820 132 1879 sus,
158 1823 269 1887 uernpc
292 1806 329 1869 ad
349 1806 575 1887 poeniteutiam:
606 1807 649 1868 sic
678 1805 742 1869 lere
769 1824 857 1888 supra
884 1807 1025 1870 xviia.
1073 1806 1129 1881 tini
1149 1804 1265 1869 Petrum
1287 1811 1346 1867 um
1366 1804 1444 1885 peri·

67 1911 162 1977 culose
177 1914 328 1997 lapsurum
342 1915 422 1996 vidit,
446 1914 582 1979 eumdem
602 1915 700 1979 itidem
721 1916 864 1997 praevidit
884 1934 1045 1997 congruam
1066 1916 1275 1998 poenitentiam
1296 1921 1444 1977 centrum:

65 2020 102 2082 nil
126 2040 198 2105 opns
232 2026 332 2106 itaque
362 2043 429 2088 cum
462 2024 582 2088 cruditis
610 2025 782 2107 quibusdam
807 2028 866 2091 hoc
891 2027 959 2089 loco
984 2026 1022 2089 ad
1051 2025 1250 2089 hebraismum
1277 2041 1443 2087 recurrere.

71 2124 130 2208 Tu,
157 2134 252 2216 inquit
271 2134 418 2212 Christus,
443 2140 715 2214 comtempseris,
741 2134 866 2219 fratrea
886 2143 973 2212 tum,
1001 2153 1108 2218 nempe
1128 2133 1260 2216 reliquos
1279 2132 1445 2215 apostolos,

68 2246 111 2302 ant
131 2245 251 2322 quosvis
273 2243 346 2306 alios
368 2245 417 2325 qui
438 2243 487 2307 rel
507 2262 562 2325 per
582 2251 612 2306 te
632 2243 681 2306 uel
694 2262 749 2325 per
762 2245 828 2308 illos
849 2244 937 2308 fidem
958 2244 1120 2327 amplernui
1141 2243 1264 2323 iruerint,
1286 2240 1444 2324 confimo,

67 2365 103 2410 ne
122 2353 226 2418 cadant
254 2372 377 2435 nempe,
406 2360 455 2417 aut
476 2354 580 2417 saltem
602 2370 668 2417 cum
691 2353 866 2433 ceciderint,
896 2362 948 2417 tuo
969 2353 1105 2435 exemplo
1127 2353 1203 2417 dccc
1224 2369 1278 2416 cos
1300 2352 1338 2416 de
1360 2353 1446 2416 veuls

68 2474 123 2521 non
143 2462 313 2546 desperare.
358 2463 436 2528 Sane
456 2462 599 2547 Eulogius
618 2463 694 2545 apud
713 2462 845 2527 Pbotiurn
867 2464 935 2528 ideo
957 2464 1057 2528 clares
1077 2470 1159 2546 putet
1176 2463 1257 2526 dates
1279 2464 1307 2526 ei
1329 2469 1447 2545 practer

5 2626 6 2639 .
69 2576 177 2636 ceteros
197 2572 362 2656 apostolos,
388 2580 420 2636 nt
440 2581 506 2655 post
524 2574 690 2656 negationis
713 2572 818 2635 vulnus
836 2580 866 2637 et
884 2573 1030 2637 medelam
1052 2574 1264 2656 poenitentiae,
1297 2574 1344 2656 aqi
1365 2570 1446 2636 καθ’

5 2722 7 2785 2
69 2680 174 2745 ἑαυτὸν
193 2679 404 2766 ὑποδείγματι
424 2681 504 2767 πρὸς
524 2678 598 2758 τούς
618 2680 891 2766 ἐξαμαρτάνοντας
916 2682 1224 2767 φιλανθρωπότερον
1250 2680 1446 2747 dtutldmro·

6 2790 7 2793 ’
69 2788 96 2849 oi
121 2785 183 2875 peip
211 2788 304 2859 ἄλλοι
329 2791 515 2876 deciperetur
543 2795 765 2875 μεμενηκότες,
798 2790 884 2870 τάχα
909 2786 952 2857 ἄν
978 2790 1227 2876 ἀποτομώτιρον
1247 2789 1358 2866 αὐτοῖς
1379 2787 1445 2854 δια·

72 2902 247 2981 κέχρηνταί(

168 3012 254 3077 Unde
274 3011 400 3075 Kuinoel
417 3012 509 3076 relata
530 3012 636 3091 Grotii,
658 3011 808 3094 Bengelii,
836 3012 1005 3077 'lbalemani
1027 3019 1057 3075 et
1077 3030 1134 3075 van
1154 3011 1251 3094 llcgel
1272 3013 1446 3092 interpreta-

71 3114 153 3199 tione,
175 3141 234 3205 qua
255 3127 445 3206 ἀποτρέψας
465 3122 591 3185 reddunt
611 3142 737 3184 rursum
752 3141 787 3185 ac
801 3128 946 3199 cidarim,
968 3120 1080 3185 subdit:
1103 3121 1206 3201 „Hanc
1219 3123 1364 3184 rationem
1383 3120 1447 3203 ipse
1575 3118 1579 3126 '

70 3222 134 3289 uim
155 3232 308 3315 amplexus
329 3251 403 3311 sum,
426 3231 480 3295 sed
498 3233 600 3294 iterata
621 3232 679 3294 loci
700 3234 927 3314 pertractatione
947 3234 977 3294 in
998 3230 1112 3313 vulgari
1133 3230 1291 3295 verborum
1311 3234 1448 3310 decerpe

69 3346 132 3413 'dits
160 3338 305 3421 στήριξον
332 3342 572 3423 interpretatione
599 3342 847 3422 acquiescendum
876 3360 945 3405 esse
972 3339 1113 3404 intellexi.
1161 3340 1235 3407 Nam
1256 3341 1361 3422 negari
1383 3339 1448 3422 qui·

71 3438 133 3506 dem
153 3451 263 3532 nequit,
283 3449 407 3513 verbnm
428 3449 599 3513 hebraicum
621 3447 695 3526 2th
718 3451 782 3515 aliis
803 3450 903 3514 verbis
920 3455 945 3485 ¹·
970 3453 1009 3513 ita
1028 3450 1123 3532 iungi,
1144 3457 1176 3512 ut
1195 3456 1295 3532 partes
1316 3448 1448 3513 adverbii

71 3562 148 3635 titt,
177 3567 207 3623 et
235 3562 265 3623 in
294 3563 432 3623 versione
459 3560 648 3623 alexandrina
664 3563 688 3594 ¹¹
719 3565 918 3647 ἐπιστρέφειν
939 3560 995 3623 vim
1024 3560 1160 3623 obtinere
1189 3558 1321 3623 adverbii
1343 3554 1446 3621 πάλιν.

73 3656 127 3724 Sed
142 3670 190 3747 qui
213 3689 230 3732 e
252 3669 334 3733 libris
355 3669 390 3733 N.
413 3670 446 3732 Τ.
469 3669 545 3733 banc
567 3670 596 3732 in
616 3688 681 3733 rem
703 3669 863 3735 afferuntur
882 3670 949 3751 loci,
972 3669 1105 3733 Actllll.
1119 3676 1169 3750 42,
1190 3669 1252 3732 XV.
1265 3675 1315 3749 36,
1335 3668 1446 3731 diversi

73 3778 184 3846 ueneris
201 3787 276 3843 sunt.
319 3778 424 3862 Neque
444 3779 502 3843 hoc
523 3779 590 3843 loco
613 3779 689 3843 hace
710 3781 909 3863 interpretatio
930 3781 1100 3845 necessaria
1122 3786 1183 3860 est,
1212 3778 1266 3842 sed
1290 3776 1448 3840 commode

73 3880 156 3946 verba
174 3889 258 3952 reddi
279 3896 418 3971 possunt:
453 3897 484 3952 ct
504 3897 539 3952 tu
561 3888 728 3970 aliquando
754 3911 932 3968 conuersus,
960 3912 1017 3954 acu
1037 3887 1091 3953 obt
1110 3894 1294 3968 resipueris,
1321 3884 1448 3970 fratrea

75 3991 138 4051 tum
158 3996 318 4079 confirma.
361 3998 541 4063 obiecerunt
562 4000 680 4081 quidem
700 4001 738 4064 de
754 4000 832 4064 Petri
849 4001 1047 4083 abnegatione
1068 3998 1306 4081 insequentibus
1327 3995 1447 4060 demum

74 4110 232 4170 termonem
256 4126 339 4184 esse,
361 4126 487 4191 eamque
508 4111 654 4174 Christum
675 4128 942 4192 commemorasse,
963 4119 1117 4193 postquam
1138 4109 1242 4172 Petrus
1263 4106 1446 4185 affirmasset,

75 4218 105 4264 ³⁰
122 4226 186 4277 tum
206 4218 346 4300 magistro
368 4236 519 4283 carcerem
542 4230 573 4284 et
593 4222 685 4303 ipsam
708 4240 812 4285 necem
834 4221 917 4285 adire
939 4228 1069 4303 paratum
1092 4237 1179 4300 esse3
1209 4218 1279 4299 sed,
1311 4225 1343 4280 ut
1364 4222 1447 4279 recte

74 4316 267 4390 animadvertit
287 4326 498 4411 Olsbausenns,
518 4331 596 4394 Petri
617 4331 705 4395 fidem
727 4330 923 4396 vacillaturam
947 4350 1030 4409 esse,
1052 4329 1233 4412 significatur
1251 4327 1351 4392 uerbis
1371 4344 1448 4409 quae

75 4436 308 4517 inaccessorum,
331 4437 382 4501 lucr
402 4439 446 4521 pal
467 4440 591 4525 ἐκλείπῃ
613 4437 632 4517 ἠ
654 4442 755 4517 πίστις
776 4448 869 4505 σου.“

130 4630 156 4705 ²)
169 4634 336 4694 lnExercttt
346 4638 581 4700 intrumentum
590 4659 654 4717 pag.
663 4641 730 4700 640.
839 4642 868 4718 ⁷)
888 4642 917 4699 ln
936 4642 1026 4699 lexico
1046 4641 1078 4699 tt.
1099 4640 1130 4698 Τ.
1152 4640 1186 4698 ad
1206 4656 1233 4696 v.
1254 4634 1416 4716 temptem.

130 4734 141 4766 ⁸
177 4737 297 4799 innotis
316 4760 380 4818 pag.
401 4747 468 4859 370.
840 4748 868 4824 ⁸)
889 4748 918 4805 ln
938 4762 1035 4805 comm
1055 4747 1091 4805 ad
1111 4747 1137 4804 b.
1158 4747 1175 4802 l.

131 4841 139 4872 ‘
840 4856 868 4931 ο)
889 4855 907 4911 t.
929 4872 953 4911 ι.

145 4736 158 4810 )

131 4842 278 5022 ⁵}
175 4953 204 5013 lu
224 4955 371 5014 obseruatt.
392 4958 439 5016 sd
446 4958 477 5016 u.
498 4958 528 5016 t.
763 4934 771 4948 ⁶
845 4962 889 5037 ¹⁹)
908 4962 978 5018 Vide
992 4960 1099 5018 Gcaenlt
1111 4956 1176 5016 Iex.
1191 4954 1271 5014 ltebr.
1285 4956 1319 5012 ad
1332 4955 1444 5019 r.:tt⁹f.

132 5052 158 5130 ⁸)
176 5061 204 5121 ln
223 5063 298 5121 uotis
317 5063 352 5121 ad
372 5063 398 5120 b
416 5064 436 5120 l.
845 5066 889 5146 Η)
909 5068 952 5126 Pa.
966 5064 1095 5126 lxxxv.
1110 5062 1202 5139 t-s,
1222 5060 1323 5136 tum.
1337 5060 1384 5122 tx.
1397 5061 1425 5124 d.
