3266 5416
183 322 224 381 aa
702 290 1034 385 dnouuoouuux

128 507 132 515 ·
182 503 243 553 non
267 484 458 563 coordinata,
486 484 540 549 sed
566 482 773 550 subordinate
794 489 899 552 merito
926 489 1134 553 existimantem.
1176 488 1314 553 Emisere
1334 489 1410 554 intar
1431 507 1468 553 eo
1486 506 1560 572 pro·

182 596 271 660 bandi
296 596 500 678 perspicuitate
525 602 612 677 atque
633 594 745 660 robore
765 615 841 679 quae
862 597 993 661 referunt
1012 597 1173 662 Matthaeus
1193 601 1217 681 ⁶,
1239 599 1334 663 Lucas
1354 604 1377 681 ¹,
1399 607 1430 663 et
1448 598 1561 663 lohan-

185 724 239 771 nes
260 710 283 788 ⁸3
305 712 404 769 cetera
424 703 565 787 subsequi
585 705 673 769 veluti
694 713 771 770 asma
791 707 913 789 minora,
936 726 1012 790 quae
1035 707 1192 791 splendore
1212 707 1328 789 qrddem
1349 726 1409 772 non
1430 715 1561 789 aucant,

184 835 242 881 nec
261 824 359 879 tamen
377 816 421 880 sic
440 815 574 895 luceant,
601 823 634 878 ut
655 835 694 879 ex
719 818 755 880 iis
776 835 911 881 seorsum
931 824 1018 900 atque
1037 817 1150 882 dirisim
1172 815 1349 880 meridianus
1369 816 1469 900 fulgor
1489 818 1563 881 emi·

186 944 254 990 care
278 925 384 1007 possit:
411 924 484 1006 illis,
510 931 542 987 ut
567 925 652 1006 periti
676 927 747 990 iuris
768 926 937 1008 loquantum,
963 926 1157 1008 probamen
1178 926 1336 1007 contineri,
1363 945 1402 990 ex
1421 926 1468 991 his
1489 944 1563 991 vero

186 1036 384 1115 coniecttuas,
411 1032 605 1116 praeiudicia,
632 1037 837 1117 exceptiones,
867 1035 982 1119 aliaque
1007 1036 1093 1100 huius
1120 1036 1240 1119 generis
1262 1034 1435 1099 commiade
1455 1036 1562 1118 repeti,

186 1146 289 1228 quibus
311 1162 435 1210 caussae
456 1143 669 1207 defensionen
689 1145 877 1209 mediocriter
897 1147 1017 1211 ioman.

291 1292 340 1349 30.
382 1285 476 1359 Ouum
504 1287 593 1368 igitur
618 1288 683 1381 talis
704 1291 741 1353 sit
761 1297 876 1353 mutuus
897 1295 1028 1353 textuum
1045 1287 1174 1372 habitus,
1202 1296 1233 1353 el
1252 1281 1378 1368 σχετικὴ
1399 1284 1561 1366 ὑπόταξις,

187 1397 305 1462 minime
327 1394 440 1477 dubito,
463 1396 533 1477 quin
555 1416 659 1462 omnes
680 1400 850 1463 concessuri
871 1399 943 1479 sint,
965 1398 1127 1462 cavendum
1148 1400 1261 1463 naviter
1282 1417 1364 1481 esse,
1386 1417 1425 1462 ne
1449 1402 1562 1481 potiora

185 1506 413 1592 posthaberetur
425 1504 639 1589 infirmioribus,
662 1516 710 1572 aut
730 1510 817 1572 etiam
832 1509 946 1591 penitus
962 1507 1157 1591 negligantur.
1200 1508 1232 1571 ld
1253 1510 1330 1572 enim
1346 1508 1417 1571 citra
1438 1527 1563 1572 caussae

186 1618 356 1698 discrimen,
384 1634 609 1700 supremamque
636 1618 811 1699 perniciem,
839 1617 889 1679 vix
915 1624 964 1680 aut
990 1636 1028 1681 ne
1055 1619 1104 1680 vix
1132 1618 1248 1700 quidem
1275 1619 1448 1700 contingere
1473 1635 1564 1699 posse

187 1728 308 1793 videtur.
349 1726 464 1791 Etenim
485 1728 532 1791 sin
551 1730 647 1792 minus
668 1727 698 1789 in
719 1745 753 1790 se
774 1734 861 1808 atque
883 1718 992 1803 ὅπως,
1014 1725 1051 1791 ad
1071 1726 1207 1790 iudicium
1229 1727 1332 1791 saltem
1354 1726 1433 1809 quod
1452 1734 1564 1809 spectat

186 1846 331 1919 nostrum,
359 1838 649 1919 aestimationemque
672 1836 833 1918 legentium
861 1853 965 1901 caussa
991 1835 1181 1918 periclitatur,
1210 1838 1236 1901 si
1263 1837 1442 1920 argumentis
1468 1837 1562 1900 solum

186 1947 349 2027 imbecillis,
371 1946 420 2010 vel
440 1952 631 2028 praepostere
645 1945 776 2028 delectis,
799 1964 897 2027 neque
918 1952 984 2026 apte
999 1944 1156 2009 distributis
1178 1952 1208 2009 et
1229 1941 1369 2028 ἀκριβῶς
1391 1947 1531 2027 expensis
1550 1946 1561 1979 ⁹

187 2056 388 2120 communitur.
430 2050 539 2116 Nescio
565 2054 643 2116 enim
672 2071 730 2135 quo
756 2062 842 2137 pacto
868 2053 993 2132 accidat,
1022 2054 1100 2136 quod
1123 2055 1258 2119 accidere
1280 2062 1378 2118 manen
1399 2056 1562 2119 certissime

184 2166 268 2245 novi,
295 2172 327 2227 ut
354 2163 392 2226 de
416 2179 540 2226 caussae
567 2163 704 2244 qualitate
732 2185 772 2229 ex
796 2167 832 2229 iis
858 2164 949 2248 vtdgo
970 2164 1159 2246 arbitremur,
1187 2183 1263 2246 quae
1284 2165 1321 2228 ad
1346 2164 1423 2227 illius
1445 2164 1562 2228 tutelam

186 2279 371 2357 promuntur;
393 2270 469 2334 adeo
490 2278 521 2334 ut
540 2272 647 2336 bonam
669 2292 704 2337 ac
722 2276 810 2338 etiam
830 2276 966 2357 optimam
987 2292 1052 2337 eam
1075 2273 1244 2356 habeamus,
1266 2293 1354 2357 quam
1373 2274 1470 2355 bonis,
1490 2274 1561 2355 opti·

186 2383 300 2463 misque
321 2382 501 2463 argumentis
522 2382 687 2447 confirmari
711 2385 868 2465 cernimus,
889 2383 995 2446 malam
1009 2389 1110 2445 eonha
1132 2382 1180 2446 vel
1199 2384 1286 2447 etiam
1304 2384 1464 2466 pessimam
1485 2384 1561 2447 illam

186 2493 357 2574 iudicemus,
381 2509 467 2574 quam
489 2492 579 2571 tricis,
603 2494 766 2576 ineptisque
784 2494 963 2575 argumentis
978 2491 1133 2574 adprobari
1146 2492 1321 2574 experimur.
1363 2492 1447 2557 Unde
1466 2494 1562 2557 tritum

187 2601 258 2667 illud
278 2602 384 2666 extitilz
407 2621 523 2665 causac
538 2609 708 2683 patrocinio
727 2625 788 2668 non
809 2602 888 2669 horta
905 2607 991 2681 peior
1012 2606 1080 2662 erit.

297 2753 346 2811 31.
390 2745 483 2820 Quem
505 2746 656 2830 scopulum
678 2765 738 2810 non
762 2766 865 2812 omnes
886 2746 1010 2811 feliciter
1024 2746 1197 2829 declinasse,
1220 2764 1323 2810 eorum
1344 2763 1420 2829 quae
1438 2747 1564 2830 legimus

188 2875 294 2942 opera,
325 2864 356 2920 et
382 2857 622 2939 gravissimorum
657 2857 863 2940 theologorum
895 2856 1035 2940 querelae
1070 2856 1185 2920 abunde
1213 2855 1395 2937 patefaciunt
1437 2855 1564 2939 Legatur

188 2986 260 3037 saue
287 2974 389 3049 quarta
413 2964 530 3049 Dupinii
556 2965 593 3030 de
620 2966 746 3049 Antiqua
773 2966 926 3031 Ecclesiae
951 2966 1108 3051 Disciphna
1136 2966 1315 3047 dissertatio,
1344 2973 1375 3029 et
1395 2984 1483 3048 quem
1502 2965 1563 3048 ipse
1627 2998 1628 3053 p

189 3078 324 3142 habuerit
343 3076 544 3158 probationum
568 3076 729 3158 delectum,
752 3096 824 3159 quas
845 3076 1029 3159 praetulerit,
1052 3094 1162 3158 quasve
1181 3075 1364 3158 neglexerit,
1385 3074 1483 3157 paullo
1503 3074 1565 3137 inti·

193 3190 267 3252 mins
289 3185 499 3250 consideretur.
541 3185 710 3269 Apparebit,
732 3205 799 3250 eum
818 3186 874 3251 illis
895 3188 945 3249 vix
963 3186 1065 3267 fidere,
1088 3204 1163 3269 quae
1185 3204 1201 3248 a
1222 3184 1367 3250 blatthaeo
1383 3189 1420 3267 ¹⁰,
1441 3185 1521 3248 Luca
1536 3186 1559 3217 ¹¹

188 3306 219 3362 et
238 3297 372 3361 iohanne
392 3299 418 3330 ¹²
441 3304 613 3379 narrantur3
634 3294 688 3360 sed
702 3303 792 3359 totum
806 3296 837 3358 in
851 3314 887 3359 eo
903 3315 982 3377 esse,
1003 3304 1035 3360 ut
1050 3296 1215 3359 testimonia
1230 3295 1366 3376 inculcet,
1394 3293 1497 3376 quibus
1518 3291 1565 3357 val

187 3409 316 3499 omnium
336 3406 446 3489 primus
469 3413 647 3469 memoratur
666 3405 781 3485 Petrus,
810 3404 859 3468 vel
877 3405 1023 3487 absolute,
1050 3405 1278 3488 simpliciterque
1298 3406 1425 3488 agnitae
1452 3421 1561 3466 nuncu·

188 3525 288 3600 patur:
310 3517 340 3577 in
359 3513 406 3577 his
428 3517 607 3591 consistere,
630 3523 717 3597 atque
742 3534 781 3577 ex
801 3515 847 3579 his
868 3533 991 3578 caussae
1013 3513 1149 3578 iudicium
1170 3515 1361 3596 repetendum
1382 3512 1563 3577 confirmare.
1627 3576 1628 3613 ,

190 3628 291 3708 inepte
313 3626 431 3686 omnino
456 3644 492 3687 ae
510 3624 691 3707 periculose,
715 3642 801 3706 quum
824 3627 952 3706 ineptum
970 3626 1020 3706 sit,
1042 3625 1125 3689 hasta
1146 3626 1287 3708 seposita,
1308 3624 1424 3707 pugnis,
1447 3622 1564 3685 baculo

191 3755 249 3819 que
271 3732 432 3817 congredi;
449 3734 580 3814 periculo
602 3742 779 3797 autemnon
801 3741 902 3814 vacet,
922 3735 1029 3798 summi
1048 3733 1186 3816 ponderis
1211 3736 1380 3813 veritatem,
1402 3740 1432 3796 et
1452 3733 1564 3815 genis
1627 3738 1628 3745 ’

190 3848 296 3913 simum
317 3842 477 3907 catholicae
498 3842 691 3925 professionis
713 3844 864 3908 articulum
884 3846 919 3908 iis
943 3844 1031 3907 armis
1050 3851 1221 3927 protegere,
1242 3862 1260 3906 a
1282 3842 1386 3925 quibus
1407 3842 1564 3907 adversarii

190 3953 327 4021 nonsibi
355 3951 510 4018 admodum
532 3954 660 4016 timeant.
703 3953 799 4027 Quare
821 3954 923 4017 Petrus
943 3953 1116 4017 Ballerinius
1134 3954 1159 3986 ¹⁸
1184 3951 1214 4016 id
1233 3950 1357 4034 Dupinio
1378 3953 1447 4015 vitio
1470 3954 1562 4033 vertit,

192 4068 329 4147 serioque
345 4064 464 4146 monrdt,
486 4062 630 4128 eiusmodi
644 4061 818 4149 σφάλματα
832 4062 921 4126 multo
939 4080 1007 4127 esse
1020 4061 1240 4143 periculosiora,
1263 4079 1350 4143 quam
1364 4063 1458 4144 prima
1471 4061 1564 4126 frome

192 4176 351 4239 videantur.
394 4173 479 4249 Quod
499 4192 538 4238 ne
558 4173 614 4237 sibi
629 4174 775 4237 excidisse
789 4176 893 4255 potius,
917 4189 1004 4254 qtlam
1024 4190 1058 4235 re
1072 4173 1186 4253 penitus
1200 4172 1365 4252 inspectae
1386 4189 1420 4235 se
1440 4171 1564 4236 alhrma·
1627 4178 1628 4191 ¹

191 4295 252 4351 bum
274 4283 459 4365 crederetur,
482 4283 619 4347 continuo
638 4282 848 4366 animadvertit,
871 4282 1081 4364 descriptisque
1096 4279 1211 4364 Dupinii
1229 4280 1327 4344 verbis
1348 4279 1563 4364 demonstravit,

253 4521 281 4598 ο)
302 4522 393 4578 unuh.
414 4518 485 4577 xli.
508 4518 646 4576 15-20.
966 4517 1010 4592 ¹⁰)
1029 4516 1119 4573 llatth.
1141 4515 1212 4571 xvl.
1235 4514 1280 4572 15.
1301 4530 1375 4588 seqq.

254 4626 458 4809 ῚΞῙΜΧΧΠ
384 4626 570 4685 mm*
579 4626 627 4684 33
851 4642 853 4647 ¹
918 4656 920 4659 ’
967 4655 1010 4731 ¹¹)
1029 4616 1097 4713 Luc,
1112 4655 1195 4713 xxu.
1216 4654 1264 4711 31.
1285 4670 1360 4728 seqq.

302 4732 355 4790 ioh
384 4731 455 4789 xxl.
478 4731 616 4789 15-18.

254 4838 355 4916 ⁰)Qui
378 4839 448 4895 caim
475 4838 513 4894 ita
540 4853 571 4894 sa
594 4842 705 4911 gerunt,
736 4836 764 4893 hi
788 4850 853 4893 sana
966 4796 1011 4873 Η)
1030 4797 1092 4854 3οὴ
1112 4795 1182 4854 XXI·
1205 4796 1252 4853 ¹⁵·
1271 4811 1346 4868 seqq.

193 4948 304 5023 probam
323 4961 377 5003 uon
397 4945 500 5003 faciunt
518 4959 639 5001 memsam
659 4943 757 5019 iudici,
777 4949 855 5016 atqm
968 4936 1012 5011 ¹³)
1030 4935 1072 4994 ua
1091 4934 1121 4992 vi
1140 4939 1168 4991 ct
1186 4935 1290 4991 muana
1302 4933 1439 5009 immotus,
1460 4950 1519 5009 cap.
1530 4935 1560 4991 v.

195 5053 265 5112 adeo
283 5070 318 5113 ac
336 5052 452 5129 probant
471 5051 587 5126 quidam
902 5060 947 5102 aa.
966 5040 1067 5099 4-6.
