3324 5382
174 290 236 352 auo
652 280 784 348 hinnit
836 278 1071 349 snctJNttth

175 478 269 535 eoque
287 427 355 520 ιοίο
377 453 578 539 accipiendum
600 461 646 519 est
667 453 746 535 quod
767 453 887 517 dieitur:
918 473 974 536 epo
993 460 1098 515 autera
1116 471 1174 531 pro
1195 458 1226 514 te
1245 456 1346 530 araai,
1376 471 1418 516 aa
1437 449 1563 534 deficiat

170 565 254 649 fider
277 574 341 629 tua.

282 674 329 738 Aa
350 675 388 738 da
408 674 494 737 Petro
515 691 641 754 ιιιιειιιιι,
664 693 758 752 eoque
775 671 843 737 ιοίο
862 670 1033 754 accipienda
1055 678 1131 750 sunt,
1156 689 1234 753 quaa
1257 671 1391 736 eundern
1411 672 1564 739 eontinua·

175 786 257 849 tione
278 785 441 848 sententiaa
463 782 621 847 Christus¹
653 782 748 846 addit:
771 782 825 846 καὶ
847 781 886 845 ori
907 803 982 845 ποτε
1002 785 1192 862 ἐπιστρέψας
1214 778 1358 860 στήριξον
1376 774 1452 856 τούς
1470 777 1565 844 ἀδελ-

176 893 260 979 φούς
282 911 350 957 σον.
393 893 471 957 Sane
493 894 548 956 vix·
562 892 638 957 haee
659 891 818 974 protulerat
838 892 942 973 lesus,
978 908 1067 973 quunr
1089 890 1137 954 ille
1159 908 1248 971 quem
1270 890 1487 973 alloquebatur,
1515 910 1565 955 re-

176 1002 348 1085 spondit¹⁰t
385 999 505 1080 Κύριε,
526 997 607 1083 μετά
629 1003 689 1066 σοῦ
708 1003 833 1083 ίτοιμιίς
858 1005 922 1082 εἰμι
948 1002 1003 1065 καὶ
1029 1003 1075 1075 είς
1098 997 1244 1087 φνλοικήν
1270 1000 1324 1065 κοιλ
1350 1004 1396 1077 είς
1418 1000 1566 1066 θάνατον

177 1109 386 1193 πορεύεσθαι.
428 1110 502 1174 Eum
529 1118 627 1175 autern
653 1110 746 1175 lunae
766 1111 899 1191 Petrum,
936 1112 1121 1192 insequentia
1137 1114 1160 1143 ¹¹
1186 1110 1292 1174 Christi
1320 1110 1412 1174 verba
1440 1111 1566 1175 demon·

176 1229 284 1287 auant:
304 1220 386 1302 λέγω
408 1238 469 1295 σοι,
490 1219 602 1301 Πέτρε.
644 1221 748 1284 Petrus
767 1222 857 1303 igitar
879 1222 904 1284 is
924 1227 979 1301 ost,
1001 1218 1039 1284 ad
1060 1239 1149 1302 quem
1170 1221 1278 1284 Christi
1296 1238 1406 1302 sermo,
1429 1239 1566 1303 quaeque

177 1331 282 1396 Christi
300 1347 441 1395 sermone
463 1331 657 1411 eontinentur,
680 1339 770 1395 antee
789 1330 966 1395 reserantur.

288 1445 356 1502 184.
380 1438 542 1521 Displicent
560 1442 614 1504 ista
628 1441 730 1505 Grotio
743 1443 781 1519 ¹²,
804 1438 959 1521 ffirpttoen
979 1446 1010 1502 et
1030 1438 1095 1503 aliia
1107 1442 1132 1475 ¹¹
1157 1459 1175 1504 a
1196 1440 1416 1521 protestantium
1431 1458 1567 1519 numero,

178 1551 228 1631 qui
249 1556 406 1632 propterea
426 1556 564 1629 statuum,
585 1569 755 1615 sennonem
770 1549 877 1614 Christi
897 1548 934 1613 aul
947 1548 1065 1612 Petrum
1087 1557 1133 1614 tta
1151 1550 1310 1631 pertinere,
1333 1556 1366 1611 ut
1383 1547 1421 1611 ari
1433 1548 1569 1630 reliquos

176 1660 247 1722 item
278 1659 428 1740 apostolos
455 1680 515 1722 noa
543 1665 655 1722 minora·
675 1667 744 1723 tore
764 1660 918 1742 pertineat
961 1657 1071 1721 Verum
1097 1660 1124 1723 si
1151 1658 1217 1723 talis
1242 1659 1317 1723 ratio
1345 1665 1392 1723 est
1419 1658 1525 1739 prolati
1551 1677 1569 1722 a

177 1768 292 1834 Christo
320 1771 483 1851 sermonis,
521 1769 600 1833 unde
626 1769 647 1833 l
677 1769 785 1833 laetum
813 1767 1019 1832 anniualrinrur
1048 1776 1079 1832 ut
1101 1768 1234 1832 Christus
1260 1769 1310 1849 qui
1337 1775 1434 1830 antea
1461 1786 1569 1831 omnes

177 1886 346 1942 aataeratm
370 1879 564 1962 compellabat
585 1879 751 1962 apostolos,
785 1896 822 1942 ae
847 1875 965 1957 plurali
982 1876 1095 1960 fornia
1122 1884 1290 1941 consuanter
1319 1894 1390 1940 usus
1411 1877 1570 1941 aiebat¹⁴:

179 1987 270 2071 ὑμεῖς
292 1986 328 2052 δὲ
349 1986 415 2066 etp
434 1986 535 2065 οὕτως
542 2035 553 2065 ,
585 1983 649 2069 ἐμοί
673 1986 710 2053 δέ
727 1990 792 2069 είμι
809 1991 843 2051 ἐν
862 1994 948 2070 μέσῳ
968 1984 1076 2067 ὑμῶν,
1106 1985 1197 2070 ὑμεῖς
1220 1986 1259 2049 δέ
1275 1990 1344 2049 ἐστε
1365 1987 1395 2049 οἱ
1418 1984 1572 2069 διομεμε·
1645 1972 1646 1983 ¹

179 2100 304 2175 νήκότις
323 2098 389 2181 μετ’
410 2101 504 2179 ἐμοῦ,
540 2092 631 2180 κάμοί
654 2096 837 2180 διατίθεμαι
858 2095 935 2180 ὑμῖν
955 2096 1134 2181 βασιλείαν,
1155 2094 1208 2159 irat
1227 2093 1356 2172 ἐσθίητε
1376 2095 1431 2159 κοιλ
1452 2097 1571 2172 πίνητε,

178 2208 231 2271 καὶ
258 2198 459 2284 καθίσησθει
493 2208 573 2271 idern
605 2225 676 2271 mox
705 2225 813 2270 novant
845 2225 938 2290 prope
968 2209 1132 2270 orationem
1163 2206 1330 2288 auspicatus
1355 2204 1517 2269 subiecerit
1530 2209 1569 2286 ¹¹,

177 2313 315 2397 Σίμων,
338 2314 474 2398 Σίμων,
507 2323 538 2379 et
557 2334 611 2398 pro
629 2316 733 2400 plurali
754 2317 849 2381 iorma
868 2316 1059 2403 stupratorem
1080 2315 1276 2395 substituerit,
1308 2316 1461 2396 inquiens:
1496 2316 1570 2396 περὶ

178 2426 256 2501 σοῦ,
292 2421 312 2501 ή
341 2425 442 2501 πίστις
463 2445 538 2504 σου,
574 2427 628 2491 nai
648 2426 709 2491 σήί
742 2427 905 2507 ortlucas,
935 2426 1090 2491 interiecto
1111 2425 1224 2503 ἰιιοίεο,
1261 2418 1329 2487 ελπε
1349 2421 1385 2487 δὲ
1406 2425 1425 2486 ὁ
1447 2422 1570 2506 κύριος,

181 2535 344 2597 orationem
364 2537 522 2617 temperari
541 2536 709 2619 inflectique
731 2533 914 2600 ostendenti
956 2534 1038 2599 llaec
1065 2535 1163 2598 omnia
1183 2539 1379 2616 protestantes
1402 2532 1571 2616 negligunt,
1626 2570 1631 2577 ·

65 2674 73 2687 =
179 2641 321 2724 nulloque
342 2644 517 2707 innumero
538 2645 657 2726 habent,
677 2654 709 2711 ut
729 2664 805 2728 quae
823 2652 951 2726 propria
966 2653 1034 2710 sunt
1047 2646 1133 2725 Petri,
1155 2643 1261 2707 eadent
1275 2642 1416 2726 apostolis
1431 2644 1571 2707 omnibus

182 2751 275 2816 luisse
297 2760 470 2821 σοπιοιιιιιίσ
489 2752 602 2817 facilius
623 2755 827 2838 persuadeant.

286 2861 334 2925 Ad
354 2862 431 2926 lraee
452 2863 487 2926 11.
507 2863 578 2927 nihil
597 2864 762 2929 evidentius
783 2883 871 2948 qrrarn
891 2866 948 2929 isto
970 2866 1000 2928 in
1027 2871 1173 2928 commate
1186 2866 1230 2924 ¹¹:
1262 2860 1349 2946 Ἐμοί
1373 2862 1409 2928 δέ
1429 2861 1573 2940 ἐδεήθην

180 2973 251 3052 περὶ
277 2973 354 3047 σοῦ,
391 2971 444 3035 ίνοι
471 2965 513 3053 μή
535 2973 659 3057 ἐκλείπῃ
681 2971 701 3050 ή
723 2975 824 3049 πίστις
844 2991 921 3037 ooo·
958 2974 1011 3038 καὶ
1040 2971 1080 3037 σιί
1106 2995 1182 3037 ποτε
1203 2978 1397 3059 ἐπιοτρέήκις
1425 2970 1574 3053 στήριξον

178 3081 253 3158 τούς
274 3080 437 3168 ἀδελφούς
458 3100 533 3159 σον,
555 3083 706 3148 Simonem
721 3100 809 3165 quem
824 3081 955 3146 Christus
969 3082 1133 3164 alloquitur,
1156 3090 1186 3147 et
1205 3101 1260 3166 pro
1282 3084 1365 3146 cuius
1378 3083 1436 3146 tide
1449 3083 1572 3147 Patrem

180 3192 370 3273 depreeatur,
393 3214 413 3254 a
428 3190 587 3275 fratribus
608 3194 727 3256 secerni
748 3211 823 3275 quos
845 3191 885 3254 illi
909 3190 1113 3272 stabiliendos,
1142 3192 1386 3274 roborandosque
1408 3196 1574 3258 commitit

179 3299 312 3363 Fratrum
335 3308 432 3364 auten
456 3302 506 3382 qui
525 3300 567 3364 illi
587 3303 804 3365 committuntur
830 3303 965 3382 nornine,
1001 3307 1141 3381 taprtmta
1154 3304 1180 3335 ¹¹
1205 3303 1325 3365 veniunt
1356 3302 1490 3384 apostoli
1536 3303 1574 3367 lii

181 3427 256 3491 ergo
277 3410 431 3475 aSirnone
452 3410 677 3493 distinguuntur,
701 3429 799 3493 neque
821 3410 858 3474 ad
879 3427 934 3474 eoa
957 3410 1052 3492 magis
1073 3416 1207 3492 spectant
1221 3410 1327 3474 Christi
1349 3410 1447 3491 verba,
1470 3410 1575 3476 lusae·

183 3536 241 3600 que
264 3537 380 3601 preces,
403 3537 490 3602 quam
510 3520 567 3584 illis
589 3520 779 3585 confirmandi
801 3538 906 3585 munus
927 3519 1078 3583 tribuatur.

286 3628 442 3694 Praeterea
463 3630 509 3694 lli
532 3632 671 3696 orationis
691 3628 876 3696 ἀκολουθία
895 3630 1020 3713 flagitat,
1054 3636 1086 3692 ut
1117 3630 1155 3693 de
1181 3650 1243 3693 aaa
1269 3630 1433 3710 eademque
1460 3634 1574 3716 aoaipi·

182 3746 269 3803 antur
291 3758 379 3822 quum
393 3744 419 3775 ¹⁸
444 3741 551 3823 verba,
576 3739 640 3823 ἐγοί
662 3740 698 3806 δέ
718 3738 856 3818 ἐδεήθην
877 3739 949 3820 περὶ
968 3740 1042 3814 σοῦ,
1066 3745 1126 3802 turn
1149 3758 1225 3821 quae
1239 3742 1265 3774 ¹⁹
1287 3748 1463 3822 sequuntur,
1487 3741 1574 3824 λέγω

181 3866 248 3926 σοι,
284 3848 399 3932 Πέτρε·
435 3846 475 3914 οὐ
494 3850 537 3933 μή
557 3849 697 3936 φωνήσει
718 3849 857 3933 σήμερον
876 3847 1034 3929 ἀλέκτωρ,
1058 3849 1133 3929 πρὶν
1153 3843 1172 3925 ή
1192 3850 1258 3932 τρίς
1277 3849 1441 3935 ἀπαρνήσῃ
1461 3850 1505 3932 μή
1528 3857 1575 3916 εί-

182 3957 268 4023 δίνοι
287 3981 335 4042 με.
365 3960 438 4031 ,Sed
468 3963 631 4043 posteriora
657 3963 732 4026 haee
761 3963 805 4026 αά
821 3982 919 4025 onam
939 3957 1072 4023 Petraea
1091 3959 1196 4023 referri
1204 3955 1219 4036 ,’
1246 3968 1306 4023 tant
1337 3961 1456 4025 diaeta
1477 3958 1574 4025 Petri

180 4074 279 4147 ίριὶιιι
299 4066 514 4149 appellatione,
550 4090 638 4154 quana
659 4094 694 4134 ea
715 4071 797 4152 ρνοά
816 4072 855 4134 de
877 4068 975 4133 Petro
994 4069 1200 4150 praedicitur,
1236 4070 1374 4153 quodque
1402 4071 1479 4135 illius
1496 4093 1572 4151 pro

179 4183 283 4257 priam
306 4185 396 4240 antee
415 4178 476 4257 fuit,
496 4179 660 4246 luculenter
678 4180 868 4264 significatur.

288 4286 422 4369 Denique
443 4289 490 4352 lV.
507 4292 643 4374 pergiv·
660 4290 857 4373 evangelista:
881 4285 953 4353 Καὶ
971 4284 1057 4353 εἶπεν
1075 4286 1201 4364 αὐτοῖς·
1223 4287 1274 4353 δίε
1296 4288 1461 4356 ἀπέστειλα
1483 4288 1574 4374 ὑμᾶς

244 4486 272 4563 ¹)
293 4486 362 4545 ibid.
964 4488 1007 4565 ¹¹)
1027 4488 1096 4546 tait.
1116 4507 1143 4547 r.
1163 4488 1212 4547 33.

249 4593 292 4669 ¹¹)
311 4592 378 4651 ibid.
399 4610 426 4650 r.
445 4594 494 4652 33.
963 4594 1007 4669 ¹¹)
1028 4595 1098 4653 lhtd.

249 4701 292 4777 ¹¹)
312 4700 381 4758 nu.
402 4718 428 4757 v.
449 4700 497 4758 aa
965 4701 1008 4774 Ιι)
1028 4702 1058 4758 ιι
1077 4680 1168 4775 piato
1187 4704 1298 4761 oraru
1319 4704 1557 4763 annonariam.

251 4807 292 4881 ¹¹)
314 4806 343 4863 lu
363 4822 459 4864 οοιιιιιι.
481 4806 515 4862 ad
536 4806 563 4862 λι.
582 4807 601 4863 l.
966 4809 1008 4882 ¹¹)
1028 4806 1091 4864 Lac.
1110 4808 1193 4865 xxti.
1214 4808 1262 4866 32.

249 4912 292 4988 ¹⁸)
313 4912 353 4969 ct.
373 4912 468 4969 Wolli
489 4912 572 4968 Caras
595 4910 629 4969 ad
648 4912 675 4968 Ιι.
695 4913 714 4971 Ι.
963 4912 1006 4990 ¹¹)
1026 4912 1095 4970 lhid.
1115 4929 1142 4969 v.
1160 4913 1208 4970 34.

249 5018 292 5094 ¹⁴)
312 5016 373 5076 Lao.
396 5018 479 5077 xittt
499 5016 641 5078 at-tt.
962 5020 1007 5098 ¹¹)
1028 5018 1098 5078 tnta.
1116 5035 1144 5078 r.
1160 5019 1208 5079 35.
