3266 5416
617 319 763 386 CAPUT
803 322 828 383 1.
1157 318 1161 331 '
1390 320 1409 381 5

55 481 176 560 στόσεοις
197 484 341 567 defendit,
369 487 493 570 egregia
520 495 586 551 sunt
613 487 854 574 παραδείγματα
879 488 955 551 illius
981 486 1193 569 Scripturarum
1211 503 1295 567 usus,
1322 504 1409 568 quem

53 595 287 658 commendamus.
329 596 445 659 Tacitus
480 605 637 679 praetereo
670 618 788 663 auream
814 600 872 661 τοῦ
897 595 1066 680 ιὶνωυύμου
1093 596 1245 681 epistolam
1273 595 1310 659 ad
1339 594 1408 657 Dio-

50 712 171 787 gnetum,
192 705 284 767 libros
302 705 455 788 Theophili
477 707 642 770 antiocheni
664 708 701 771 ad
721 708 911 791 Autolycum,
933 706 1089 769 Clementis
1111 705 1290 769 alexandrini
1311 702 1409 785 στρό-

50 833 125 895 ματα
141 816 191 877 καί
213 812 321 898 βιβλία
341 819 399 879 τοῦ
419 815 634 899 παιδαγωγοῦ,
658 817 796 900 Origenis
817 814 950 899 τόμους,
979 816 1107 896 lrenaei,
1136 814 1319 895 Tertulliani,
1346 813 1409 877 hle-

11 976 12 979 ,
51 924 139 1005 tlodii,
167 944 201 987 ac
227 925 423 1006 reliquorum,
454 927 502 1007 qui
531 928 674 990 innumeri
701 934 783 1006 sunt,
805 944 895 1008 opera
910 924 952 989 ad
973 942 1027 988 nos
1048 942 1141 1005 usque
1161 925 1346 1005 transmissa,
1374 942 1409 986 ac

49 1033 225 1113 moterlo,
254 1035 334 1115 quod
353 1053 404 1097 res
426 1043 485 1115 est,
515 1036 651 1117 quodque
674 1037 854 1118 exploratum
882 1035 985 1098 merito
1007 1032 1144 1112 habetur,
1169 1031 1326 1096 confirmo:
1355 1050 1408 1096 eos

11 1158 12 1163 ’
47 1144 95 1206 sili
118 1143 153 1206 de
173 1143 291 1206 Patrum
319 1145 478 1207 imitatione
501 1144 607 1208 frustra
627 1144 763 1225 blandiri,
791 1146 839 1226 qui
867 1144 1033 1221 versandis,
1062 1143 1301 1224 excudendisque
1330 1142 1408 1207 Scri-

11 1188 13 1321 !
45 1255 124 1337 pturis
142 1272 201 1317 nou
222 1272 258 1316 se
277 1260 355 1316 totos
377 1253 519 1335 dederint,
542 1262 571 1317 et
592 1272 715 1337 quorum
737 1255 826 1318 libelli
848 1254 883 1317 ad
904 1272 1022 1317 omnem
1042 1254 1178 1336 paginam
1195 1253 1407 1335 Scripturarum

11 1364 13 1455 l
46 1364 202 1443 doctrinam,
225 1363 480 1445 eruditionemque
500 1382 559 1427 non
581 1364 718 1427 reserant.
1217 1431 1220 1441 ,

11 1550 12 1555 ¹
140 1480 166 1535 o.
199 1472 295 1547 Quam
316 1475 342 1536 si
363 1476 412 1556 qui
433 1473 628 1557 neglexerint,
650 1472 680 1534 hi
695 1492 791 1555 neque
805 1473 966 1556 legentium
980 1471 1156 1551 utilitatibus,
1177 1490 1274 1553 neque
1287 1489 1407 1554 operum

11 1590 13 1673 t
46 1600 111 1664 quae
138 1583 225 1645 edunt
253 1587 367 1666 pretio,
400 1584 555 1647 admodum
586 1583 767 1647 consuluisse
794 1581 977 1647 existimandi
1003 1588 1077 1643 sunt.
1124 1580 1237 1644 Etenim
1265 1600 1407 1662 quaenam

11 1696 13 1717 ¹
44 1692 148 1755 tandem
170 1700 251 1772 sont,
279 1693 424 1774 aquilius
444 1701 597 1775 utrumque
620 1711 678 1756 non
699 1694 802 1757 iniuria
826 1688 983 1775 speretur?
1011 1690 1156 1773 doctrina,
1185 1692 1301 1772 opinor,
1332 1707 1407 1772 quac

11 1860 13 1893 ,
46 1801 111 1864 nulla
130 1801 195 1864 labe
216 1803 383 1883 taminetur,
406 1802 500 1866 valida
522 1821 655 1866 errorum
675 1803 877 1885 reprehensio,
900 1802 1045 1865 luculenta
1067 1801 1194 1864 veritatis
1217 1800 1406 1882 confirmatio,

11 1920 13 1977 ἱ
46 1918 71 1973 et
93 1911 246 1974 verborum
277 1913 386 1975 sanitas
414 1931 480 1975 oum
507 1914 614 1993 pietate
642 1914 803 1976 coniuncta.
848 1913 936 1994 Atqui
958 1912 1042 1975 dotes
1063 1913 1136 1975 istae
1157 1919 1223 1975 suot
1245 1911 1405 1993 Scriptura-

45 2040 107 2103 mm,
127 2040 223 2104 neque
239 2023 272 2086 in
288 2020 496 2105 theologorum
517 2022 608 2086 libros
631 2022 756 2103 aliunde,
779 2040 864 2103 ρυειυ
888 2041 926 2084 εει
944 2022 1113 2086 earumdem
1127 2022 1207 2086 tonte
1222 2040 1404 2104 permanare,

11 2146 12 2149 ’
45 2131 201 2213 retundique
222 2138 358 2213 possunt.

11 2316 12 2329 φ
138 2248 164 2303 t.
195 2240 342 2323 Apposite
363 2240 477 2323 Paulus,
501 2244 550 2322 qui
566 2243 591 2275 '³
615 2243 764 2324 scripturis
787 2242 895 2323 antiqui
917 2241 1055 2325 loedoria,
1078 2261 1150 2325 quas
1163 2240 1204 2308 τοί
1218 2241 1288 2327 ἱεροί
1303 2240 1405 2325 γραμ-

45 2370 117 2431 ματα
135 2371 244 2414 cocras
272 2348 393 2412 litterae
416 2358 509 2431 vocat,
532 2352 672 2433 principio
694 2352 807 2433 tribuit,
834 2360 864 2415 ut
884 2354 941 2415 sint
962 2350 1124 2434 δυνάμενα
1149 2371 1184 2416 σε
1208 2353 1404 2438 nominaretq

11 2436 14 2455 ’
47 2461 183 2543 σωτηρίαν
203 2457 267 2524 deod
288 2460 420 2535 πίστεως
441 2461 493 2537 τῆς
512 2465 546 2524 ἐν
566 2460 697 2545 Χριστῷ
716 2458 834 2543 Ἰησοῦ,
860 2481 895 2525 ea
917 2464 1021 2527 virtute
1042 2463 1186 2547 praedita,
1217 2482 1273 2546 qua
1294 2465 1406 2548 possint

48 2590 101 2634 eam
120 2571 243 2635 edocere
271 2577 301 2633 et
323 2577 554 2634 commonstrare
570 2574 595 2604 ¹⁴
619 2571 751 2652 salutem,
775 2590 850 2654 quae
871 2571 928 2635 lide
950 2574 979 2635 in
994 2571 1107 2636 Christo
1119 2573 1191 2637 lesu
1209 2580 1402 2655 comparatur.

49 2680 109 2742 'lum
132 2701 164 2744 ea
189 2682 332 2745 continuo
353 2681 468 2744 subiicit
484 2685 527 2763 ¹⁸,
557 2681 661 2764 quicum
683 2682 789 2745 eximia
810 2682 895 2764 plane
916 2684 990 2746 ratio
1013 2684 1190 2764 continetur,
1218 2701 1275 2764 qua
1297 2682 1403 2749 lactum

53 2796 98 2868 est,
113 2798 140 2854 ut
151 2793 261 2873 antiqui
283 2789 412 2854 foederis
434 2793 604 2873 scripturam
627 2791 736 2873 ellogio
758 2793 823 2854 τοῖν
841 2792 935 2871 ίεροίν
954 2791 1152 2874 γραμμάτων
1172 2794 1296 2874 ipsemet
1317 2810 1403 2855 orna-

55 2898 99 2975 rit,
122 2901 269 2983 eidemque
297 2900 444 2982 insignem
473 2900 548 2964 adeo
577 2896 726 2982 δύναμιν,
757 2902 920 2989 cuiusmodi
947 2909 993 2964 est
1020 2901 1151 2985 σοφίσαι
1172 2905 1217 2975 είς
1238 2901 1402 2981 σωτηρίαν,

54 3006 225 3075 incunctanter
253 3011 424 3074 asseruerit.
467 3009 609 3073 Videlicet
636 3030 672 3073 ea
700 3010 738 3073 de
767 3029 871 3075 caussa
898 3013 1006 3094 antiqui
1032 3010 1160 3074 foederis
1180 3012 1341 3093 scripturae
1362 3002 1402 3074 τοὶ

50 3110 105 3197 ἱεροί
120 3119 292 3204 γράμματα
314 3127 516 3201 nuncupantur
538 3127 567 3182 et
588 3127 663 3199 sunt,
686 3121 764 3202 qnod
785 3123 870 3184 πᾶσα
890 3119 999 3204 γραφη
1021 3117 1234 3194 θεόπνευστος
1255 3119 1402 3203 Scriptura

49 3230 127 3291 omnis
146 3232 285 3314 inspirata
306 3230 441 3292 divinitus
463 3236 523 3312 est,
551 3229 643 3291 acab
665 3230 699 3291 iis
720 3230 867 3311 prolecta,
896 3231 946 3312 qui
970 3247 1030 3292 non
1053 3248 1092 3293 ex
1111 3228 1237 3291 humana
1259 3233 1401 3294 sententia

47 3339 214 3423 scripserunt,
235 3338 293 3404 sed
313 3346 345 3401 ut
365 3346 467 3401 auctor
488 3346 533 3402 est
553 3338 654 3402 Petrus
673 3340 710 3419 ¹⁶,
742 3339 880 3402 coelestia
908 3338 1026 3402 oracula
1054 3338 1198 3401 ediderint
1223 3336 1284 3401 ὑπο
1312 3339 1402 3402 naed-

46 3467 129 3524 ματος
152 3446 246 3532 όγίου
275 3448 445 3534 φερόμενοι
465 3457 567 3512 sancto
590 3449 696 3532 Spiritu
716 3450 772 3512 acti
794 3457 881 3530 atque
902 3450 1045 3512 hostincti:
1068 3449 1157 3529 idest,
1189 3447 1350 3531 'lheophilo
1372 3451 1400 3513 in

46 3556 122 3621 altero
142 3560 178 3623 ad
198 3558 377 3642 Autolycum
397 3559 472 3621 libro
494 3560 661 3640 interprete,
683 3557 954 3643 πυευματόφοροι,
975 3558 1023 3622 uel
1044 3567 1076 3621 ut
1097 3560 1125 3621 in
1147 3559 1251 3621 maiori
1266 3559 1401 3641 apologia

46 3665 157 3731 lustinus
190 3669 337 3751 loquitur,
376 3666 636 3755 θεοφορούμενοι
673 3670 717 3751 τῷ
746 3665 899 3750 πνεύματι
926 3670 1117 3754 προφητικῷ.
1172 3667 1272 3732 Omnis
1304 3677 1401 3731 autem

46 3776 189 3861 Scriptura,
217 3779 318 3861 pergit
337 3777 512 3860 Apostolus,
543 3796 618 3860 quae
640 3775 853 3853 θεόπνευστος
874 3787 919 3843 est
933 3782 975 3859 ¹⁷,
1005 3778 1110 3842 eadem
1131 3780 1168 3843 ad
1189 3778 1400 3862 designandam

44 3886 129 3950 adutis
156 3891 234 3951 viam
266 3888 391 3969 egregie
421 3876 531 3951 idcirco
556 3886 685 3969 confert,
716 3886 793 3968 quod
822 3888 875 3951 καὶ
897 3885 1058 3972 όφίληιος
1080 3883 1160 3971 πρός
1183 3887 1399 3964 διδασκαλίαν,

45 3992 112 4075 πρός
132 3998 274 4080 liemon,
293 3990 373 4080 πρός
388 3996 623 4079 ἐπανόρθωσιν,
644 3995 723 4078 πρὸς
737 3996 883 4061 παιδείαν
899 3996 954 4076 την
965 4004 998 4063 dv
1014 3997 1207 4082 domunculam·
1229 3997 1279 4062 ίνα
1291 3995 1400 4078 ἄρτιος

96 4182 136 4257 ¹²)
165 4185 198 4240 ll.
220 4184 287 4241 Tim.
308 4183 353 4240 lIl.
376 4183 422 4242 15.
802 4186 845 4261 ¹⁶)
869 4185 937 4242 ibid.
961 4203 1006 4241 τε.
1030 4184 1163 4243 lii-ll.

96 4289 136 4365 ¹⁴)
175 4286 322 4366 Σοφίσαι,
357 4294 433 4366 quasi
466 4281 620 4367 όδηρῖσαι,
652 4296 689 4350 uti
740 4324 746 4331 =
804 4291 846 4367 ¹⁶)
878 4291 911 4347 11.
932 4292 999 4349 l’etr.
1020 4291 1040 4346 l.
1062 4291 1109 4347 21.

43 4396 148 4454 subiecta
169 4399 293 4454 materies
313 4398 439 4473 postulat,
461 4399 584 4471 analogia
604 4388 691 4473 erigii
803 4397 845 4473 ¹⁷)
877 4398 960 4454 Erunt
977 4401 1021 4472 qui
1035 4399 1194 4474 existiment,
1215 4388 1399 4466 θεόπνευστος

43 4502 165 4561 doctrinae
186 4504 359 4577 apostolicae,
381 4521 413 4559 ac
432 4508 561 4562 sententia
582 4524 689 4580 prorsus
738 4505 887 4562 subiectum
906 4521 974 4578 esse,
995 4511 1024 4560 ut
1042 4504 1139 4576 logicis
1161 4521 1218 4560 mos
1238 4512 1280 4561 est
1299 4506 1397 4579 dicere,

45 4614 136 4677 gemina
158 4611 191 4668 ad
213 4611 267 4667 Gal.
288 4609 332 4665 Ill.
354 4609 401 4665 24.
422 4625 497 4685 seqq,
518 4614 648 4689 ostendit,
675 4633 689 4671 a
739 4629 791 4668 non
818 4618 904 4667 antem
922 4611 1126 4685 praedicatum,
1152 4619 1229 4684 atque
1250 4613 1318 4670 adeo
1339 4630 1398 4668 ver·

46 4730 86 4783 qua
104 4716 285 4790 intelligimus,
304 4683 433 4772 librorum
453 4721 552 4776 veteris
573 4720 689 4777 loedoria
738 4718 800 4773 bom
826 4715 882 4774 ίστί
909 4721 976 4775 inter
995 4707 1180 4783 θεόπνευστος
1203 4725 1231 4775 ot
1250 4717 1295 4774 καί
1317 4720 1396 4775 inseri

45 4816 101 4874 lanc
118 4837 177 4876 essa
196 4823 385 4894 proprietatem
406 4839 438 4878 ac
457 4823 539 4881 ferme
559 4833 687 4900 naturam,
739 4825 844 4881 debere.
886 4824 929 4881 Ab
943 4825 984 4881 luis
1001 4839 1054 4894 ego
1066 4841 1119 4880 uon
1133 4825 1219 4879 acrius
1231 4825 1395 4897 dissentiam,

47 4928 159 4982 maiam
185 4927 386 5000 consequendae
417 4930 510 4989 solutis
535 4950 583 5005 per
610 4934 687 4990 iidem
736 4933 891 5005 praesertim
905 4930 1086 5004 qunmSprus,
1102 4931 1241 4998 vulgatus,
1254 4928 1396 4995 Patresqoo

47 5026 177 5090 taetrum
199 5033 329 5091 edoceant
350 5042 426 5108 atque
446 5045 666 5109 praemonstrent.
735 5038 804 5096 hene
823 5036 897 5095 multi
915 5035 985 5093 houd
1003 5033 1081 5089 aliter
1100 5032 1234 5089 censuisse
1247 5028 1392 5083 videantur·
