3258 5400
222 352 283 419 idi
741 344 873 417 LIBER
913 343 1078 420 atinus

223 520 322 588 πάτει.
364 517 435 586 Καὶ
460 518 584 595 εὐθέως
611 524 732 603 ἐγένετο
751 517 842 604 dymin
868 523 886 585 d
934 519 1040 598 Ἰησοῦ
1059 519 1202 603 Χριστοῦ
1227 522 1286 591 τοῦ
1300 517 1492 602 Ναζωραίου
1510 522 1577 602 lyst-

225 625 419 712 ἄνθρωπος·
453 631 506 694 καὶ
541 618 596 710 ἦρε
625 627 681 693 τὸν
706 626 888 713 κράββατον
936 651 990 716 ραι
1019 632 1072 695 καὶ
1101 627 1275 712 περιπάτει.
1329 625 1399 695 Καὶ
1429 628 1534 704 πιάσας
1549 632 1574 664 ”

223 741 338 819 αὐτοῦ,
359 741 413 806 καλ
434 735 620 824 περιεπάτει.
935 739 1032 807 αὐτὸν
1058 741 1110 818 τῆς
1130 737 1235 818 δεξιοῖς
1253 742 1363 819 χειρὸς
1387 732 1497 823 ἤγειρε.
1529 760 1580 804 πα-

934 853 1087 935 ραχρῆμα
1118 847 1155 941 δέ
1187 849 1462 933 ἐστερεώθησαν*4
1496 846 1580 914 αὐτοῦ

935 963 970 1027 αλ
989 960 1095 1046 βάσεις
1116 959 1171 1023 καὶ
1191 958 1229 1025 τά
1251 958 1376 1047 σφυρά,
1405 961 1456 1026 καὶ
1474 957 1580 1039 aaut

935 1092 1029 1155 μενος
1051 1072 1138 1147 ἔστη,
1160 1070 1213 1133 καὶ
1232 1069 1411 1152 περιεπάτει

267 1177 397 1242 1.ιιο.11ί.
413 1183 462 1241 to.
494 1175 655 1252 Δύνοντος
667 1174 704 1241 dl
717 1179 774 1241 τοῦ
786 1173 887 1254 ἡλίου,
977 1179 1043 1244 Act.
1069 1179 1104 1242 V.
1135 1184 1279 1244 15-17,
1316 1179 1407 1256 Ὥςτε
1434 1175 1510 1247 κατά
1533 1173 1580 1255 τάς

227 1288 341 1362 πάντες
362 1286 432 1352 ditos
447 1283 538 1367 ελγον
551 1285 770 1362 ἀσθενοῦντας
785 1287 889 1361 νόσοις
938 1289 1085 1365 πλατείας
1105 1292 1247 1370 ἐκφέρειν
1265 1288 1341 1368 τούς
1360 1290 1520 1367 ἀσθενεῖς,
1538 1290 1583 1354 καὶ

227 1397 399 1474 ποικίλαις,
431 1389 552 1481 ἤγαγον
579 1393 696 1473 αὐτοῦς
728 1396 808 1478 πρὸς
833 1392 889 1460 atai-
938 1398 1066 1463 τιθέναι
1095 1398 1146 1462 ἐπὶ
1168 1400 1284 1466 κλινοῦν
1310 1403 1364 1467 καί
1392 1398 1582 1485 κραββάτιιν,

226 1511 295 1573 τόν*
318 1511 336 1572 d
357 1506 394 1571 δὲ
415 1509 461 1571 ἐνὶ
482 1505 604 1592 ἑκάστῳ
618 1505 723 1573 αὐτῶν
744 1500 802 1582 τάς
824 1506 890 1586 χεῖ·
938 1507 990 1574 ἵνα
1026 1514 1200 1591 ἐρχομένου
1233 1509 1370 1593 Πέτρου.
1391 1508 1450 1576 κάν
1480 1508 1499 1588 ι)
1524 1501 1585 1572 σκιά

227 1642 287 1706 ρας
306 1618 446 1697 ἐπιθείς,
465 1617 682 1703 ἐθεράπευσεν
701 1613 825 1690 αὐτούς.
938 1615 1105 1703 ἐπισκιάσῃ
1125 1620 1183 1682 τινὶ
1203 1617 1320 1684 αὐτοῖν.
1355 1619 1539 1703 Συνήρχετο
1556 1614 1586 1679 di

939 1729 994 1793 καὶ
1018 1727 1054 1792 τὸ
1077 1728 1204 1806 πλῆθος
1224 1731 1288 1795 τοῖν
1307 1729 1396 1812 πέριξ
1416 1731 1531 1795 πόλεων
1549 1730 1586 1800 εὶς

938 1835 1161 1921 Ἰερουσαλήμ,
1196 1844 1344 1923 φέροντες
1374 1838 1523 1915 ἀσθενεῖς
1542 1835 1586 1901 καλ

940 1947 1155 2030 ὀχλουμένους
1173 1944 1236 2011 ἀπὸ
1250 1948 1440 2038 πνευμάτων
1453 1944 1588 2030 ἀκαθάρ-

941 2077 1018 2121 των·
1040 2057 1150 2133 οἵτινες
1170 2058 1407 2141 ἐθεραπεύοντο
1427 2058 1562 2133 ἀπαντες.

337 2171 407 2229 20¹.
450 2164 583 2229 Alterum
616 2163 730 2227 accedit
763 2161 954 2229 similitudinis
988 2175 1088 2248 caput,
1119 2169 1198 2250 quod
1227 2173 1465 2251 praetermissum
1497 2167 1591 2244 nolim,

231 2278 368 2360 quodque
390 2275 458 2339 inde
480 2276 574 2357 repeti
596 2273 699 2353 debet,
720 2271 843 2354 populos
865 2293 900 2337 ac
921 2274 1020 2339 turbas
1040 2294 1099 2341 non
1121 2278 1204 2342 aliter
1224 2279 1341 2344 Petrum
1361 2284 1439 2347 inter
1458 2276 1592 2363 apostolos

230 2387 444 2465 considerasse,
467 2404 553 2466 quam
574 2391 659 2448 antea
674 2383 818 2447 Christum
839 2385 916 2447 inter
929 2386 1051 2454 eosdem
1072 2391 1276 2470 spectaverint.
1319 2391 1497 2456 sicutenim
1516 2388 1592 2451 unIoe

230 2497 278 2561 vei
298 2497 479 2579 potissimum
502 2494 539 2557 ad
559 2493 702 2556 Christum
723 2512 757 2557 se
780 2493 974 2578 recipiebant,
1001 2504 1088 2578 atque
1109 2499 1147 2561 ad
1168 2517 1234 2562 eum
1259 2501 1446 2566 confluebant
1464 2509 1495 2563 ut
1513 2500 1593 2562 bena·

230 2608 305 2687 tacta
327 2608 485 2688 omntgena
506 2611 774 2686 consequerentu13
795 2605 833 2666 ita
854 2604 975 2686 reiquis
990 2606 1128 2688 apostolis
1142 2608 1274 2673 secundo
1292 2609 1358 2674 loco
1379 2611 1593 2692 babtismum

231 2717 410 2801 quaerebant
429 2715 559 2796 Petrum,
581 2713 618 2777 ad
639 2731 706 2776 eum
727 2712 929 2796 convolabant,
951 2713 1099 2798 iilumque,
1120 2724 1151 2779 ut
1170 2727 1286 2800 praesto
1307 2720 1363 2785 sibi
1385 2728 1480 2800 esset,
1501 2718 1593 2798 depre

230 2830 378 2893 dabantur.
423 2826 604 2907 Quapropter
631 2823 724 2886 Lucas
751 2823 883 2887 indicatis
896 2826 925 2858 ⁸⁸
953 2823 1128 2890 brevissime
1149 2828 1308 2911 mbaculis,
1343 2849 1421 2911 quae
1446 2830 1524 2894 Deus
1550 2840 1595 2908 pet

230 2940 379 3022 apostolos
401 2935 548 3019 patrabat,
572 2934 609 2998 ad
629 2933 745 2996 Petrum
767 2949 836 2996 mox
855 2934 1051 3017 progreditur,
1073 2935 1217 3019 editisque
1238 2937 1274 3001 ab
1296 2957 1333 3002 eo
1354 2941 1488 3024 signIs³⁶
1510 2939 1594 3000 more·

231 3030 328 3114 menta
356 3047 483 3111 tidelium
508 3046 677 3109 nominatim
709 3042 860 3124 adscribit,
888 3061 983 3126 eaque
1009 3048 1144 3108 narrat¹⁷
1175 3049 1246 3110 mtra
1274 3067 1396 3131 prorsus
1424 3057 1455 3113 et
1482 3043 1596 3112 inaudta

231 3179 306 3242 quae
330 3157 524 3223 antecedente
544 3153 729 3239 paragrapho
750 3153 915 3236 posteriore
934 3153 1001 3216 Ioco
1022 3154 1182 3219 retulimus.

296 3381 342 3458 ³³)
363 3382 483 3438 Christus
504 3381 594 3456 etiam,
621 3379 707 3452 inquit
725 3378 838 3436 lorinus
859 3379 893 3435 ad
944 3380 1058 3437 scribit:
1098 3381 1211 3455 „Petrus
1238 3388 1321 3457 petra‘
1342 3391 1403 3460 est,
1433 3400 1512 3458 super
1529 3392 1596 3452 quau

233 3488 295 3545 het.
306 3488 351 3544 llI.
367 3490 394 3564 t,
414 3488 518 3561 puellae
539 3504 554 3543 ι
574 3502 605 3542 se
624 3489 769 3543 suscitatae
790 3503 895 3543 manum
945 3484 1131 3558 (tramittit
1144 3486 1205 3563 18.)
1219 3489 1374 3546 aedificatur
1387 3491 1517 3562 ecetesia3
1531 3485 1598 3541 ideo·

233 3592 337 3668 (liatth.
358 3593 429 3651 vui.
450 3591 603 3667 23—25.)
630 3596 727 3650 teamt:
755 3599 782 3650 et
802 3594 896 3650 ocutos
946 3608 997 3663 que
1026 3594 1095 3649 sicut
1124 3594 1152 3650 iu
1178 3593 1290 3650 eeclesia
1321 3595 1383 3654 tidei
1414 3596 1598 3652 iaudameutuu

233 3713 376 3755 coecorum
390 3696 495 3770 (biatth.
506 3698 551 3754 IX.
566 3698 614 3772 29,
636 3699 698 3755 Iob.
713 3698 758 3754 IX.
774 3699 816 3773 6.)
835 3701 898 3756 teti·
946 3699 1079 3774 contlaet,
1110 3698 1147 3754 ita
1178 3705 1207 3755 et
1235 3700 1262 3756 Iu
1292 3700 1401 3758 bomine
1433 3699 1597 3757 membrorum

234 3807 289 3880 git,
318 3811 346 3861 et
370 3804 474 3860 Petrum
498 3804 699 3875 accingentem
724 3804 898 3878 apprehendit
946 3802 1117 3860 iaadameuta
1137 3798 1308 3862 coniirmat“

235 3911 340 3984 (iiattb.
352 3908 497 3984 1111131.)
518 3926 596 3965 manu
615 3917 742 3967 extensa:
762 3919 790 3968 et
809 3911 897 3985 iepro·
1009 3909 1054 3985 Η)
1085 3908 1146 3966 λοι.
1166 3911 1200 3967 V.
1223 3910 1275 3967 12:
1305 3903 1364 3967 Διά
1382 3909 1413 3967 di
1433 3905 1489 3969 τάν
1513 3899 1600 3986 χειροῖν

233 4033 292 4073 sum
319 4031 416 4072 sanans
443 4013 547 4088 (hiatth
567 4015 637 4073 VIII.
658 4016 701 4091 3.)
728 4017 836 4088 tetigit:
869 4025 897 4075 et
945 4008 1002 4072 reia
1021 4004 1184 4072 ἀποστόλων
1202 4015 1301 4092 ἐγίνετο
1321 4026 1424 4093 σημεῖα
1444 4016 1491 4075 καί
1509 4014 1601 4092 τέρατα

234 4140 339 4179 manum
359 4121 464 4194 (Itatth.
479 4122 549 4178 viu.
569 4120 631 4197 15.)
651 4137 746 4179 socrus
766 4122 837 4179 Petri
857 4124 897 4180 ie·
946 4119 975 4177 a
993 4115 1036 4194 aqi
1055 4116 1118 4194 tagi
1136 4112 1238 4178 πολλά.

233 4230 398 4286 briaitautis:
420 4235 447 4284 et
467 4227 599 4283 auriculas
617 4244 650 4284 aa
666 4228 783 4300 linguam
802 4228 896 4302 (biara.
1009 4225 1054 4302 ³⁶)
1075 4226 1208 4284 ibidum.
1232 4227 1277 4285 14.
1298 4243 1372 4300 seqq.

234 4336 292 4392 vu.
314 4335 377 4410 33.)
403 4334 476 4390 surdi
504 4339 532 4390 et
557 4334 638 4389 muti:
664 4340 693 4391 et
717 4335 830 4391 virtutes
849 4352 898 4410 par
1009 4332 1055 4407 ³¹)
1089 4333 1152 4390 Cum
1182 4348 1267 4407 vero,
1301 4334 1387 4407 iuquit
1416 4331 1545 4389 baronias
1572 4325 1604 4384 ad

234 4454 326 4496 nauus
356 4443 413 4496 eius
445 4440 538 4513 (hiare.
559 4439 604 4496 vt.
625 4439 669 4514 2.)
699 4439 896 4497 efficiebantur:
947 4456 989 4495 au.
1010 4438 1130 4495 XXXIV.
1151 4439 1178 4512 §-
1199 4439 1338 4514 1111111111,
1366 4453 1420 4495 nou
1442 4439 1533 4494 Petrus
1552 4443 1604 4492 tau·

234 4554 261 4603 et
281 4548 400 4604 Intirmos
421 4547 553 4619 impositis
567 4545 689 4601 manibus
702 4544 853 4619 (tincti.
868 4549 896 4620 5,
945 4551 1017 4619 tum,
1045 4545 1094 4603 sad
1121 4550 1149 4601 et
1175 4547 1258 4602 ceteri
1286 4545 1402 4619 apostoli
1430 4541 1604 4616 lerosoiyuit

189 4632 196 4650 ⁹
233 4650 572 4725 tuc.1v.40‚xut.it.)
593 4651 718 4711 amabat:
738 4651 896 4724 promittens
947 4657 1052 4729 maeat3
1079 4651 1203 4726 quidm
1230 4657 1273 4709 eat
1298 4651 1371 4724 quod
1394 4652 1469 4708 ocuti
1495 4651 1603 4709 omnium

233 4757 395 4832 (iterati
419 4756 480 4832 18.)
515 4758 660 4832 dispralos
691 4758 786 4816 eodan
817 4758 897 4816 modo
947 4763 1133 4815 couvenuumr
1152 4759 1179 4815 iu
1199 4747 1324 4816 ioanni
1351 4757 1414 4831 quid
1435 4759 1489 4814 ista
1509 4759 1536 4814 iu
1554 4754 1605 4828 pta·

234 4880 294 4922 esse
315 4869 462 4920 curaturos.
947 4866 999 4923 tais
1025 4865 1222 4938 aegrotantium
1252 4864 1398 4936 exhibitio,
1430 4870 1462 4923 ut
1487 4862 1603 4919 vanieutt

295 4971 341 5045 ³⁴)
362 4970 419 5027 ituc
438 4969 539 5027 iacqut
559 4968 696 5027 ambrosii
716 4970 813 5046 rerba,
839 4971 898 5043 qui·
946 4970 1043 5047 Pauo,
1083 4972 1176 5029 umbra
1206 4972 1300 5029 salum
1331 4970 1402 5029 uitas
1439 4967 1605 5027 obumbraret

233 5077 283 5134 bus
302 5077 379 5135 butus
393 5078 537 5136 occasione
551 5077 671 5136 miraculi
684 5077 770 5138 Serra.
781 5076 896 5137 LXVIII.
946 5093 1102 5153 quemquam
1126 5078 1246 5155 dioran,
1272 5084 1301 5137 et
1318 5077 1498 5137 liberarentur
1517 5082 1603 5132 οιιιιι
