3358 5400
620 255 765 323 CAPUT
806 255 916 323 XXV.
1395 260 1457 320 257

13 398 15 409 7
96 431 163 504 pata
176 424 616 505 manopampartictpaatus.
659 424 701 488 lta
715 425 803 506 igituir
815 425 910 488 malms
926 422 1071 487 ecclesiae
1086 429 1208 487 externa
1221 423 1363 487 intemam
1378 424 1455 489 illam

94 532 362 616 intellectualemque
383 535 556 616 praestitura
577 541 632 614 est,
653 535 679 597 si
694 553 760 597 eam
782 552 867 616 mam
889 534 1106 596 accuratissime
1120 539 1150 596 et
1163 532 1201 596 ad
1214 551 1316 596 verum
1335 551 1456 616 expres-

93 644 166 721 serit,
185 643 265 723 idest,
285 644 309 707 si
330 645 425 708 unitas
448 651 551 727 ectypa
571 643 749 726 respondeat
769 642 954 726 archetppae.
997 640 1091 705 Aliter
1111 642 1160 707 bct
1179 650 1211 706 ut
1230 662 1269 705 no
1289 642 1369 706 Deus
1393 646 1456 727 ipse

91 752 274 835 obstringatur
291 753 329 817 ad
349 753 554 836 praestandam
570 753 797 818 intellectualem
817 751 904 829 illam,
927 769 1003 833 quae
1025 753 1142 816 maximi
1162 752 1295 816 iacienda
1316 760 1370 834 est,
1391 757 1455 818 uni-

89 868 177 924 tatem.
217 861 391 927 Praesertim
413 881 479 926 cum
498 864 572 926 baec
594 870 841 928 sacramentorum
856 861 989 946 symbola
1009 861 1078 925 ideo
1097 862 1223 925 instituta
1247 865 1304 926 sint
1324 871 1354 926 ut
1371 872 1455 942 pacta

90 973 176 1033 vicem
196 971 369 1037 obtinerent
410 972 475 1036 lam
497 973 575 1035 enim
596 978 750 1053 sequetur,
778 980 809 1036 ut
837 990 916 1065 eam·
927 979 1077 1054 praestare
1098 973 1252 1052 unitatem,
1281 972 1307 1035 si
1329 989 1387 1034 non
1406 992 1454 1036 re-

11 1050 13 1191 Ξ
87 1090 296 1163 praesentetur,
318 1101 357 1145 ne
377 1089 479 1163 pactus
501 1081 618 1164 quidem
637 1080 717 1145 Deus
738 1081 946 1163 inlelligatvu.“

11 1200 12 1203 ’
185 1198 255 1255 334.
297 1192 345 1255 nd
359 1191 434 1255 baec
447 1196 475 1227 ²⁸
500 1191 605 1271 subdit,
627 1191 768 1272 „athaes
785 1188 986 1253 intellectualis
1002 1192 1096 1254 vnaius
1113 1191 1150 1254 ad
1166 1193 1263 1255 vivum
1280 1208 1454 1271 repraesen-

85 1305 171 1380 tetur,
200 1301 332 1365 eiusdem
360 1303 479 1385 generis
506 1303 644 1365 unitatem
674 1318 742 1364 esse
764 1298 874 1363 debere
893 1300 923 1362 in
946 1299 1072 1364 ecclesia
1094 1308 1213 1384 ectypa,
1246 1301 1339 1383 qualis
1359 1301 1455 1365 luerat
1527 1358 1531 1383 ι

10 1396 12 1425 '
84 1408 295 1495 inarobetppa.
338 1413 408 1475 Cum
437 1413 525 1495 igitur
552 1413 580 1473 in
602 1409 788 1473 intellectuali
809 1409 858 1472 illa
879 1409 988 1473 unitate
1015 1411 1148 1493 acupile
1168 1417 1334 1473 arcessatur
1360 1413 1455 1474 omnis

85 1519 172 1581 unitas
193 1524 255 1594 (est
283 1520 362 1583 enim
384 1518 501 1585 Clrtatt
527 1527 619 1600 capot
647 1515 751 1597 Deus,
778 1526 810 1582 ut
830 1521 893 1601 ipse
915 1517 1060 1583 cuntur
1089 1526 1136 1581 est
1163 1527 1254 1598 caput
1279 1518 1453 1602 ecelesiae),

82 1628 206 1708 sequitur
227 1635 260 1691 ut
280 1629 309 1690 in
331 1629 458 1694 ecclesia
479 1631 574 1694 unius
595 1648 612 1693 a
630 1630 723 1710 capite
744 1629 781 1691 sit
800 1628 932 1692 similiter
946 1628 1117 1692 inchoanda.
1161 1629 1232 1692 Cum
1253 1647 1270 1691 a
1291 1631 1385 1711 capite
1404 1631 1454 1693 illo

84 1734 117 1797 ad
132 1736 262 1801 membra
278 1738 445 1805 deriventur
461 1740 575 1803 unitatis
596 1739 773 1817 influentiae,
793 1736 888 1801 aueo
908 1738 946 1802 ad
962 1737 1113 1817 Christum,
1135 1736 1280 1802 aGbristo
1300 1739 1336 1801 ad
1358 1739 1455 1803 cccle-

82 1845 166 1927 siam,
187 1849 320 1929 seqnitur
340 1850 370 1911 in
391 1848 517 1912 ecclesia
537 1849 616 1912 idem
637 1867 705 1912 esse
725 1847 962 1930 agnoscendum,
990 1857 1021 1914 ut
1042 1866 1243 1931 quaecumque
1264 1849 1380 1911 unimtis
1402 1847 1454 1910 be-

81 1953 185 2019 neficia
206 1958 376 2040 participant
404 1956 554 2038 membra,
581 1977 617 2022 ea
645 1975 704 2020 non
732 1957 789 2020 sint
816 1957 897 2020 alteri
926 1977 1014 2040 mom
1040 1959 1125 2040 capiti
1152 1957 1312 2021 tribuenda.
1359 1958 1454 2039 thue

83 2068 173 2129 omnis
192 2068 334 2148 corporis,
356 2065 612 2149 membrorumque
632 2068 727 2130 onitas
751 2068 885 2149 acapitis
902 2070 1012 2132 unitate
1032 2067 1157 2150 proluit,
1178 2066 1256 2130 idem
1276 2068 1306 2130 in
1328 2067 1455 2131 ecclesia

81 2173 200 2255 valebit,
238 2195 255 2238 a
287 2176 386 2257 capitis
420 2178 483 2239 cius
513 2177 622 2240 unitate
657 2176 802 2239 ecclesiae
834 2176 1089 2259 membrorumque
1120 2179 1184 2241 eius
1215 2195 1332 2239 omnem
1362 2178 1454 2240 unita-

83 2289 138 2345 tem
158 2285 304 2365 prolluere
324 2285 443 2348 debere.
486 2285 616 2350 Christus
636 2304 711 2349 unus
733 2292 786 2367 est,
808 2287 876 2368 quia
892 2305 981 2349 inrum
995 2286 1084 2350 habet
1097 2294 1191 2369 caput,
1212 2285 1307 2350 Deum
1322 2286 1453 2367 Patrem3

84 2391 205 2456 ecclesia
227 2393 360 2458 similiter
381 2413 437 2458 una
459 2403 517 2475 est,
541 2396 607 2478 quia
628 2414 717 2459 unum
738 2394 826 2459 babet
847 2404 948 2478 caput,
971 2398 1065 2478 ipsum
1087 2396 1261 2460 Christum.“

181 2508 252 2565 335.
297 2504 405 2579 Verum
419 2506 447 2538 ²⁶
473 2502 628 2586 concludit,
650 2504 839 2568 indubitatum
861 2506 1019 2569 existimari
1040 2504 1136 2586 debet,
1159 2524 1238 2586 „non
1260 2504 1395 2570 sufficere
1417 2507 1453 2570 ad

82 2609 220 2676 ecelesiae
242 2614 380 2676 unitatem
401 2621 486 2696 caput
507 2614 666 2701 clurinum,
695 2613 749 2677 sed
770 2615 893 2677 veroin
915 2615 1041 2678 ecclesia
1062 2614 1167 2678 visibili
1195 2615 1232 2678 de
1254 2617 1359 2679 visibili
1379 2616 1453 2680 baec

82 2736 145 2782 esse
169 2724 264 2804 capite
285 2721 482 2805 intelligenda.
524 2724 591 2789 lam
611 2726 688 2788 enim
712 2723 891 2786 ostendimus
914 2724 983 2787 nihil
1004 2744 1072 2789 esse
1090 2725 1282 2789 invisibilium·
1296 2734 1453 2808 expectan-

80 2827 143 2891 dum
170 2851 187 2894 a
216 2829 282 2894 Deo
309 2833 366 2894 nisi
393 2831 471 2913 quod
499 2853 517 2897 a
544 2832 703 2897 visibilibus
732 2834 920 2915 externisque
942 2834 1082 2918 symbolis
1102 2841 1339 2916 repraesentetur
1365 2842 1452 2916 atque

80 2938 263 3021 significetur.
305 2941 430 3005 Proinde
458 2943 514 3006 nisi
541 2943 572 3005 in
602 2942 729 3005 ecclesia
750 2942 854 3006 visibili
869 2947 896 2978 ⁷⁷
919 2946 956 3007 sit
975 2944 1062 3007 etiam
1083 2943 1177 3005 unitas
1198 2942 1317 3006 visibilis
1338 2944 1452 3005 ineius

7 3060 8 3071 ¹
73 3051 280 3113 >constitutione
309 3058 543 3134 repraesentata,
571 3052 709 3121 unitatem
737 3050 815 3114 illam
836 3051 1010 3116 invisibilem
1031 3052 1176 3114 ecclesiae
1197 3052 1328 3115 membra
1351 3071 1368 3115 a
1388 3050 1452 3114 Deo

79 3154 178 3223 instra
205 3160 432 3241 expectabimus.
475 3161 512 3225 Ni
540 3160 615 3223 adsit
639 3161 668 3223 in
696 3159 823 3223 ecclesia
850 3160 964 3223 visibile
987 3162 1074 3224 etiam
1096 3169 1196 3242 caput,
1224 3181 1280 3224 nec
1310 3161 1450 3224 visibilem

79 3268 213 3332 unitatem
234 3269 345 3335 babere
366 3289 520 3354 possumus
542 3290 559 3334 a
581 3269 699 3349 visibili,
721 3276 752 3332 ut
773 3269 840 3349 dixi,
863 3270 956 3350 capite
977 3269 1176 3352 repetendam,
1196 3289 1254 3334 neo
1275 3274 1362 3334 etiam
1384 3289 1450 3334 cum

7 3398 8 3415 ³
79 3374 187 3441 Christo
215 3379 351 3445 invisibili
378 3383 471 3463 capite
502 3381 722 3462 coniungemur.
772 3376 809 3440 Ni
836 3378 1003 3441 deriventur
1036 3382 1066 3441 in
1097 3381 1223 3444 ecclesia
1251 3381 1380 3444 visibiles
1411 3381 1451 3444 illi

80 3488 188 3565 gratim
212 3490 329 3553 canales
349 3511 366 3554 a
387 3490 492 3554 visibili
514 3490 580 3554 eius
599 3490 692 3570 capite
708 3491 737 3521 ⁷⁸
760 3506 815 3569 per
835 3494 1026 3568 sacramenta,
1049 3509 1105 3552 neo
1126 3490 1181 3552 erit
1201 3490 1279 3572 quod
1299 3510 1316 3553 a
1338 3489 1450 3553 Christo

79 3594 211 3660 invisibili
240 3601 334 3682 capite
360 3599 533 3663 invisibilem
563 3606 813 3663 saommentorum
838 3599 962 3679 gratiam
990 3616 1152 3681 speremus.
1192 3599 1229 3662 Ni
1250 3618 1339 3662 unum
1365 3619 1450 3681 prae·

79 3709 156 3769 terea
177 3709 215 3771 sit
233 3708 345 3772 visibile
366 3716 464 3790 caput,
492 3728 552 3773 oon
573 3711 630 3773 erit
647 3709 762 3772 unitatis
784 3707 905 3772 visibilis
927 3709 1131 3791 primordium,
1153 3728 1209 3773 nec
1231 3709 1381 3773 invisibilis
1402 3729 1450 3772 ea-

77 3814 139 3892 pitis
160 3817 250 3898 ipsius
273 3817 377 3881 Christi
399 3815 558 3902 ἁῤῥαβών.
601 3818 677 3892 Quid
698 3819 776 3900 quod
797 3821 860 3901 ipsa
881 3819 968 3882 oborn
992 3827 1173 3882 sacramenta
1196 3819 1315 3882 visibilis
1336 3821 1450 3881 invitatis

77 3920 264 3990 instrumenta
290 3935 376 4009 atque
404 3928 542 4009 pignora,
569 3927 693 4009 probant
720 3930 839 3991 omnino
868 3946 970 3991 eorum
994 3931 1123 3991 omnium
1145 3931 1351 3993 necessitatem
1375 3946 1450 4009 quae

78 4034 195 4097 suntad
217 4035 359 4098 visibilem
380 4037 518 4099 unitatem
540 4038 721 4115 necessaria,
752 4056 808 4100 nec
832 4056 900 4101 esse
922 4038 1005 4101 aliter
1031 4039 1068 4102 de
1094 4041 1228 4103 invisibili
1249 4057 1366 4122 quoque
1387 4040 1450 4100 uni·

78 4145 132 4204 tate
152 4144 410 4226 participandum.“

134 4330 180 4408 ²⁵)
198 4332 312 4393 bosen.
334 4335 379 4392 cit.
400 4334 426 4408 S.
445 4334 514 4392 xxt.
847 4337 892 4412 ⁷⁸)
912 4336 1016 4396 Etenim
1042 4338 1140 4412 prcs.
1162 4339 1206 4396 lv.
1230 4340 1274 4397 12.
1302 4332 1318 4397 ὁ
1345 4359 1448 4417 καταρ-

137 4489 183 4563 aa)
201 4490 314 4549 mum
335 4493 381 4549 m
401 4493 428 4566 s.
444 4493 526 4551 xm
784 4434 880 4516 τισμός
899 4439 955 4501 roiv
974 4435 1059 4521 ἁγίων
1078 4444 1124 4502 καὶ
1143 4437 1161 4520 ἡ
1183 4439 1314 4522 οἰκοδομή
1329 4443 1380 4504 roc'
1395 4440 1461 4504 coi·'

785 4566 874 4623 paroc
892 4545 943 4607 rori
962 4546 1089 4628 Χριστοῦ
1114 4552 1148 4608 ab
1177 4554 1211 4608 iis
1231 4554 1365 4627 proficisci
1386 4557 1451 4611 viai·

137 4646 183 4722 ²⁷)
203 4648 347 4724 Utramque
360 4652 430 4707 eninr
443 4652 559 4708 iunctam
576 4665 738 4707 connexum-
785 4653 878 4710 biliter
910 4654 1026 4724 debent,
1061 4657 1164 4731 ¹quibus
1200 4651 1278 4735 ἔργον
1310 4657 1451 4725 διακονίας

79 4764 128 4821 qua
147 4751 267 4811 Cbnstus
286 4755 385 4832 voluit,
413 4758 458 4830 qui
478 4772 532 4815 non
553 4757 631 4814 aliam
658 4773 736 4829 quum
786 4762 958 4818 commissum
983 4769 1033 4821 est.
1079 4761 1160 4835 Atqui
1181 4764 1232 4820 bos
1253 4766 1321 4821 inter
1341 4768 1364 4821 is
1385 4769 1450 4822 enai·

78 4856 215 4916 ecclesiam
235 4861 379 4936 visibilem,
400 4862 573 4936 eamdemque
588 4879 665 4920 onam
679 4863 736 4918 suis
785 4875 845 4942 oet,
875 4870 919 4942 qui
939 4869 1102 4925 oecumenici
1129 4872 1225 4943 capitis
1252 4872 1381 4941 dignitate
1401 4872 1450 4926 do-

77 4965 304 5042 promissionibus,
325 4969 455 5042 donisque
476 4969 656 5042 locupletavit.
785 4981 862 5030 natus
883 4990 898 5029 a
919 4975 1024 5031 cbristo
1045 4976 1158 5046 audivit,
1174 4993 1261 5047 poree
1280 4992 1344 5032 oasa
1363 4991 1447 5031 naas.

125 5085 247 5144 Pmaaglta.
262 5094 435 5133 commentarius.
1192 5080 1236 5152 17
