3358 5400
646 194 793 264 CAPUT
833 196 959 267 XXIV.
1432 202 1494 265 ἥδ

109 363 246 429 Gbromci
278 363 459 429 alexandrini
473 368 500 400 ⁸¹
531 372 562 428 et
589 364 788 431 oecumenius
801 370 849 430 ⁸²:
882 385 980 449 neque
1007 367 1028 430 ii
1059 365 1155 430 solum
1182 384 1305 449 quorum
1332 369 1494 433 meminere

108 473 336 561 Cbrgmstomus
351 477 392 555 ⁸³,
417 474 613 559 Hieronymus
630 479 670 554 ⁸⁴,
697 475 859 558 Gregorius
874 480 903 511 ⁸⁵
935 483 966 540 et
991 474 1144 540 llerraeus
1157 477 1204 558 ⁸⁸3
1233 476 1287 540 sed
1315 478 1378 560 ipse
1406 480 1493 542 etiem

110 583 318 649 alexandrinus
338 585 485 662 Clemens,
504 584 626 648 secundi
648 585 759 648 saeculi
781 585 894 669 doctor,
916 587 1001 651 vir.⁸⁷
1024 584 1171 667 ἐνάρετος
1192 587 1246 651 καὶ
1267 585 1407 670 δόκιμος,
1431 589 1494 669 qui·

112 711 170 777 qno
192 695 351 776 magistros
366 697 394 729 ⁵⁸
417 701 520 758 metus
541 702 605 759 eret
623 688 746 777 debeor
758 696 936 781 μακαρίους
957 695 1155 780 missicius
1176 693 1373 779 ἀξιολόγους,
1395 697 1495 761 verbis

111 806 232 868 minime
259 803 394 868 obscuris
420 803 636 886 significarunt,
662 805 741 870 illam
767 807 822 870 sibi
850 805 968 888 proberi
993 808 1182 888 sententiam,
1211 825 1268 888 qua
1296 806 1494 888 reprehensus

110 931 128 976 a
149 912 240 977 Paulo
261 913 375 995 Gepbas
397 913 470 977 alius
493 933 512 977 a
532 914 618 978 Petro
639 915 837 998 apostolorum
858 916 989 998 principe
1011 917 1201 979 existimemur.
1246 915 1404 980 Clementis
1425 934 1494 980 sen·

109 1023 231 1086 teatina
259 1042 276 1086 e
306 1024 408 1105 quinto
434 1023 497 1087 τῶν
518 1020 752 1090 ὑποτυπώσεων
779 1024 855 1089 libro
882 1024 988 1105 relert,
1016 1043 1113 1106 neque
1134 1023 1277 1107 improbat
1290 1028 1318 1061 ⁶⁹
1340 1025 1493 1108 Eusebius,

110 1152 200 1216 quum
232 1133 271 1197 de
299 1134 463 1201 servatoris
490 1134 582 1196 nostri
610 1134 758 1217 discipulis
785 1133 911 1216 loquens
939 1136 993 1198 ait:
1037 1134 1089 1217 „ln
1117 1152 1176 1218 qno
1204 1133 1377 1211 (Clementis
1404 1135 1495 1214 libro)

110 1244 199 1306 etiarn
229 1242 358 1324 Cepbam
385 1242 466 1336 illum
495 1244 542 1307 cui
568 1243 753 1308 Antiochiam
782 1244 920 1326 ingresso
945 1243 1049 1308 Paulus
1070 1263 1105 1309 se
1131 1244 1225 1327 pelam
1252 1246 1395 1311 restitisse
1416 1245 1494 1327 dicit,

109 1351 233 1416 traditur
253 1357 311 1418 tro
330 1358 494 1434 γεγονέναι
517 1354 583 1417 τῶν
601 1351 819 1437 ἐβδομήκοντα
845 1332 1020 1434 μαθητῶν,
1049 1350 1220 1435 ὁμώνυμον
1241 1353 1357 1438 Πέτρῳ
1377 1352 1496 1437 wynsi-

111 1482 209 1527 νοντα
229 1464 275 1546 τῷ
294 1460 476 1546 ἁποστόλῳ,
503 1481 593 1527 unum
621 1463 712 1528 titisse
740 1483 758 1527 e
778 1464 962 1545 septuaginta
985 1462 1133 1545 discipulis
1151 1463 1238 1528 Petro
1267 1466 1400 1547 apostolo
1422 1483 1495 1550 ecg-

113 1575 298 1637 nominem.“

220 1689 290 1747 290.
332 1684 398 1748 lem
424 1684 494 1748 mibi
518 1684 640 1749 lactdtes
664 1684 846 1766 permittatur
873 1683 961 1748 velim
991 1682 1129 1762 soitendi,
1161 1683 1240 1747 unde
1270 1691 1329 1747 um
1356 1686 1495 1768 antimus,

112 1792 295 1876 eruditisque
320 1795 508 1876 scriptoribus
534 1794 610 1858 baec
635 1794 733 1876 opinio
758 1793 851 1858 videri
874 1791 1043 1874 probabitis
1069 1794 1203 1875 potuerit
1246 1792 1430 1858 Econtextn
1456 1815 1495 1859 me
1558 1805 1566 1823 ·

113 1903 263 1986 ductuque
285 1901 452 1969 sermonisi
480 1904 589 1984 dicam,
613 1904 691 1986 quod
711 1906 822 1987 sentio,
852 1904 989 1987 quodque
1009 1903 1159 1987 plerisque
1180 1902 1314 1967 omnibus
1327 1906 1356 1939 ⁰⁰
1379 1904 1498 1987 placere
1530 1942 1534 1949 ·

1 2099 2 2104 ¹
114 2013 266 2096 intelligo,
297 2022 466 2079 contextum
486 2015 628 2097 epistolae
649 2015 687 2078 ad
708 2014 823 2078 Galatas
843 2013 932 2077 talem
957 2032 1034 2094 esse,
1057 2014 1107 2095 qui
1127 2013 1176 2076 vix
1194 2031 1230 2076 ac
1250 2031 1289 2076 ne
1310 2015 1360 2077 vix
1381 2014 1499 2096 quidem

1 2193 2 2202 χ
114 2123 208 2203 sinat,
236 2130 268 2186 ut
289 2123 407 2206 Cepbae
427 2125 546 2187 nomine
567 2123 640 2189 niter
658 2144 675 2187 a
696 2123 782 2188 Petro
802 2122 981 2205 significatus
1002 2122 1145 2187 credetur.
1187 2121 1368 2204 Apposite⁸¹
1394 2123 1498 2187 lliero·

1 2277 2 2320 3
116 2248 236 2315 nymus:
280 2233 373 2313 „Sunt
392 2236 441 2315 qui
462 2234 606 2317 Cepbam,
634 2233 682 2296 eui
701 2232 750 2297 bic
771 2234 800 2296 in
821 2231 927 2296 luciem
947 2231 1053 2295 Patulus
1074 2231 1217 2294 restitisse
1238 2249 1272 2295 se
1294 2232 1410 2315 scribit,
1438 2252 1499 2298 mon

116 2349 219 2451 putent
239 2342 403 2424 apostolum
422 2343 546 2425 Petmrm,
568 2343 730 2407 sedulium
751 2342 789 2405 de
810 2343 994 2424 septuaginta
1014 2341 1161 2423 discipulis
1183 2342 1239 2404 isto
1260 2342 1404 2407 vocabulo
1425 2362 1499 2407 nun·

118 2459 263 2534 cupatum,
285 2459 316 2516 et
329 2452 428 2515 dicum
447 2471 631 2534 nequaquem
645 2452 761 2516 Petrum
783 2471 801 2516 u
822 2453 958 2517 convictu
973 2454 1103 2536 gentium
1118 2471 1153 2516 se
1166 2453 1297 2535 potuisse
1316 2452 1498 2536 subtrahere,

119 2562 169 2643 qui
194 2568 226 2625 et
251 2563 454 2625 centurionem
480 2561 647 2626 Cornelium
679 2561 854 2644 baptizarat,
887 2568 917 2624 et
949 2579 1016 2624 cum
1049 2561 1232 2627 ascendisset
1254 2560 1498 2645 Hierosolymam,

1 2723 2 2728 ,
119 2668 347 2753 disceptantibus
368 2672 509 2736 adversus
530 2691 564 2736 se
586 2674 740 2755 quierant
761 2692 801 2737 ex
821 2673 1061 2753 circumcisione,
1084 2679 1115 2735 et
1135 2670 1313 2735 dicentibus:
1337 2690 1435 2750 poure
1455 2677 1500 2733 tm·

119 2785 222 2844 trciati
243 2781 287 2845 ad
304 2787 387 2845 siros
405 2788 601 2862 praeputium
620 2779 783 2861 babentes,
804 2791 835 2848 et
855 2783 1052 2847 manducasti
1071 2801 1142 2844 eum
1162 2778 1250 2843 illis?
1271 2788 1339 2862 post
1358 2781 1500 2845 namatio-
1544 2823 1553 2837 ·

118 2908 188 2955 nem
208 2892 340 2972 visionis,
362 2891 410 2956 tati
428 2893 654 2974 responsionem
670 2911 752 2956 suam
773 2892 832 2957 line
849 2893 1041 2957 concluserit:
1065 2895 1094 2954 si
1115 2909 1189 2974 erqo
1209 2890 1345 2954 eamdem
1363 2898 1500 2975 qratiam

119 2999 202 3064 dedit
228 2999 292 3065 dtu
313 2999 404 3064 Deras
430 3008 512 3065 mmet
538 3010 568 3065 et
596 3001 683 3065 nobis
705 3009 759 3081 psci
779 3004 932 3067 credimus
953 3010 987 3065 in
1009 2999 1175 3064 Domitium
1196 2997 1310 3064 Jesum
1331 2998 1499 3079 Christum,

120 3129 176 3195 ego
197 3116 267 3190 prsis
287 3129 372 3173 mam
393 3117 446 3190 put
464 3132 587 3191 possem
604 3108 765 3192 probibere
784 3109 915 3177 Deum?
942 3111 1047 3194 quibus
1067 3112 1172 3175 auditis
1200 3119 1366 3176 serumst
1387 3119 1418 3175 et
1436 3109 1500 3196 qlo-

118 3218 320 3302 rtficssesunt
346 3216 460 3299 Deum,
488 3222 640 3285 meses.-
667 3229 792 3306 ergoet
817 3220 959 3306 pastibus
980 3221 1071 3286 Deus
1095 3227 1313 3303 pomiterrtiam
1335 3222 1378 3287 ad
1405 3228 1501 3287 sitem

122 3439 200 3508 trun,
221 3433 288 3490 edit.
308 3432 428 3505 Lugdun.
449 3451 511 3507 pag.
525 3433 593 3491 429.
632 3434 703 3491 Huic
718 3434 787 3491 adde
899 3435 944 3512 ³⁵)
961 3435 993 3493 ln
1012 3434 1146 3492 Esecbiel.
1165 3436 1238 3492 bbm.
1258 3435 1352 3493 XVlil.

1 3565 2 3628 3
123 3539 425 3613 Pseudo-Hippolytum
442 3540 593 3598 Thebanum
616 3541 643 3597 in
662 3541 731 3597 libro
752 3541 788 3598 de
813 3542 831 3579 ⁸
898 3556 944 3633 νο)
972 3557 1024 3626 Qus
1048 3558 1132 3630 ηιμ)
1159 3557 1301 3615 Angelum,
1328 3559 1441 3634 dicim,
1473 3562 1500 3615 p„

122 3647 271 3705 mm
290 3647 431 3721 ⁰P⁰⁸⁸⁰ub
452 3647 481 3704 Τ·
502 3647 535 3704 ¹1·
555 3662 618 3720 ⁰ll·
638 3647 786 3722 Hippolyti,
837 3679 933 3720 eornm
955 3664 989 3720 sd
1009 3661 1094 3719 (ialal.
1115 3663 1147 3720 lb

123 3769 187 3826 W·
204 3753 253 3811 39·
274 3753 339 3810 ‘dib
358 3753 490 3829 ffi‘iciib
510 3759 564 3810 ‘¹¹¹⁰
585 3755 692 3826 ωπῑῧθ
712 3754 788 3811 effi·
900 3785 945 3861 Η)
970 3785 1072 3854 Quibus
1097 3786 1180 3842 titulis
1206 3792 1316 3843 ornatur
1340 3786 1367 3842 in
1387 3787 1500 3858 epistole

123 3861 204 3916 stisni
213 3858 281 3931 Lupi
290 3873 407 3915 errorem
418 3861 444 3915 in
452 3859 570 3916 Seboliis
582 3860 616 3917 sd
626 3877 685 3934 cap.
693 3860 786 3918 XXllb
837 3891 981 3949 Mem&
1011 3892 1241 3963 hiemopympwp
1274 3892 1308 3948 ,p
1342 3891 1499 3965 origenem,

122 3965 184 4022 libri
197 3966 498 4038 del'reescriptionibus
519 3967 690 4023 aliinuautis:
711 3967 788 4042 „Pri-
836 3999 907 4072 ,pud
926 3997 1071 4055 Eusebium
1091 3997 1124 4053 p,
1144 3996 1176 4053 g,
1196 3996 1243 4053 pb,
1260 3996 1305 4052 γι,
1327 4013 1385 4071 αφ,
1403 3996 1449 4054 χι,

124 4088 182 4128 mue
202 4073 283 4129 istius
303 4089 389 4128 vanae
409 4073 546 4145 opinionis
567 4079 661 4129 auctor
682 4073 788 4130 videtur

122 4179 207 4237 tuisse
233 4180 260 4235 in
284 4179 402 4251 synopsi
428 4178 462 4235 de
487 4179 656 4252 septuaginta
683 4178 788 4236 duobus

123 4285 232 4342 bomini
252 4284 388 4357 discipulis
408 4291 516 4340 sanctus
534 4283 722 4351 Dorotheusfi

188 4387 234 4466 ⁸¹)
256 4391 300 4448 Ad
320 4407 415 4447 annum
435 4391 534 4448 Christi
553 4391 637 4466 XXX,
659 4393 727 4466 apud
739 4393 790 4450 lia·

898 4120 943 4196 ⁸⁸)
975 4121 1054 4194 Apud
1080 4118 1244 4195 Eusebium,
1277 4121 1309 4177 ll.
1334 4120 1366 4177 ll.
1398 4120 1445 4177 lib.
1467 4120 1500 4177 v.

837 4243 915 4302 oepp.
934 4225 1093 4283 Xl-Xlll.

899 4349 945 4425 Η)
966 4351 998 4406 Η.
1018 4349 1049 4406 Ε.
1070 4349 1155 4405 libi.
1177 4365 1236 4422 cep.
1255 4349 1312 4405 Xll.

126 4497 233 4573 uerum,
254 4513 316 4571 pag.
330 4495 398 4554 21³.
419 4496 482 4554 suc
503 4498 585 4555 ress.
604 4496 690 4555 sess.
900 4473 945 4549 ⁸⁰)
976 4473 1132 4530 emersum
1158 4471 1229 4529 enim
1259 4478 1334 4545 mne,
1365 4472 1411 4543 mi
1442 4489 1502 4531 ou

191 4602 237 4679 ⁸²)
255 4602 287 4660 111
308 4617 404 4659 comm,
425 4602 460 4661 ,ᾗ
480 4602 564 4660 flam
585 4603 618 4660 11⁴
838 4579 973 4639 liudoino
1001 4580 1029 4637 in
1055 4578 1247 4636 dissertatione
1278 4595 1329 4652 qus
1360 4578 1503 4637 ostendere

190 4704 236 4784 ³⁸)
263 4708 340 4766 nom.
366 4710 394 4765 n
417 4709 497 4783 tuus,
524 4709 558 4767 n
580 4710 686 4783 restem
709 4709 790 4769 seeo
839 4693 964 4764 ΜΨ,
999 4685 1118 4760 capum
1146 4703 1165 4743 ν
1190 4684 1277 4743 ease
1310 4684 1504 4759 sordem

127 4814 233 4888 mss,
253 4832 279 4871 n.
294 4815 341 4871 15.
840 4793 949 4854 rosam
967 4808 1025 4851 sos
1043 4810 1118 4866 esse,
1146 4792 1223 4849 sliter
1241 4791 1464 4850 existimaverint.

192 4920 239 5002 u)
256 4920 287 4981 [Β
307 4935 402 4979 mmm,
423 4919 457 4978 ω
478 4917 562 4978 θὼν,
581 4918 614 4979 11,
901 4915 948 4994 αι)
967 4915 1026 4975 bib.
1039 4916 1060 4977 l.
1075 4919 1103 4977 in
1118 4919 1197 4996 epist.
1214 4915 1248 4973 sd
1261 4913 1377 4992 curus,
1398 4914 1456 4988 c'rp.
1469 4913 1503 4971 ll.
