3300 5402
630 256 776 323 anaor
817 222 982 322 xxva(
1425 260 1487 320 soe

102 430 226 509 callode,
248 427 352 511 quibus
366 423 512 490 ecclesiae
527 423 769 511 [tundamentum
790 427 890 506 extitit,
912 444 1073 506 mprernus
1095 422 1238 507 alaeque,
1253 422 1397 506 fratrum
1418 446 1486 488 con-

98 541 262 623 fimatur,
288 545 455 618 pastorque
474 534 669 599 uniomsalta.
714 536 773 601 Sed
796 535 937 599 voeabula
958 554 996 597 ne
1018 536 1072 597 ista
1094 542 1177 615 sunt,
1206 535 1376 617 imagines,
1391 536 1486 617 signa,

104 668 181 731 qnae
202 648 309 710 oudam
331 646 452 709 honoris
473 645 642 728 ordinisque
662 639 777 724 ἑξοχὴο
797 646 939 723 reserant,
962 664 999 708 an
1021 662 1097 726 quae
1118 646 1190 707 iuris
1212 644 1305 707 satim
1323 646 1488 726 potestatis·

106 777 164 842 que
184 755 330 836 ἐξουσίαν
350 752 527 838 designanti
549 752 695 818 affirmare
709 757 737 788 ⁸⁴
762 773 821 818 non
842 754 1049 834 dubitaverim,
1078 760 1127 815 aut
1147 752 1268 833 modos,
1289 752 1488 835 formulasque

104 868 212 931 deesse
235 867 340 950 quihus
357 866 467 929 eximia
488 866 666 947 exprimatur
686 866 860 944 auctoritas,
890 872 938 927 aut
965 863 1019 926 has
1042 864 1170 925 omnium
1193 881 1262 925 esse
1284 861 1488 925 accommoda·
1550 844 1558 863 ⁶

101 980 240 1041 marnas.
282 976 326 1040 Eo
344 993 473 1057 namque
493 974 527 1037 n
545 973 679 1055 redeunt,
701 980 733 1037 ut
752 991 852 1036 rerum
876 978 1019 1036 sumrmm
1034 974 1062 1007 ³⁶
1079 971 1165 1034 Petro
1185 971 1370 1053 adscriptam,
1393 972 1486 1035 illum-

102 1106 162 1171 que
184 1087 316 1150 omniurn
337 1092 431 1167 eaput,
454 1083 619 1165 ducemque
640 1083 799 1147 institutum
820 1082 1029 1145 demonstrent.
1072 1080 1143 1154 Quis
1165 1088 1261 1143 aumm
1281 1083 1335 1146 ista
1356 1082 1487 1164 audiens,

101 1198 160 1260 uisi
189 1198 305 1259 insitam
332 1193 482 1257 vocabulis
504 1198 678 1273 potestatem
700 1190 768 1254 doio
791 1191 867 1253 malo
887 1193 1076 1273 perverterit,
1106 1191 1252 1273 legesque
1280 1192 1488 1274 interpretandi

102 1306 225 1386 insuper
245 1303 393 1382 habuerit,
413 1310 463 1366 aut
483 1302 520 1365 de
541 1301 619 1365 nudo
642 1302 752 1383 cogitet
772 1299 895 1378 honore,
917 1307 966 1365 aut
986 1300 1041 1363 sibi
1063 1298 1177 1363 Petrum
1198 1307 1416 1382 repraesentet,
1439 1301 1489 1381 qui

104 1414 224 1478 nomini
245 1411 340 1494 gradu
362 1412 472 1475 ordinis
492 1407 708 1475 antecesserit?

211 1521 387 1585 Praesertim
403 1539 490 1602 quum
513 1520 559 1583 ΙΙΙ.
576 1539 636 1583 non
657 1522 782 1601 πρῶτος
805 1518 900 1582 solum
915 1520 942 1553 ³⁸
967 1519 996 1581 in
1011 1518 1176 1600 Scripturis,
1198 1519 1252 1583 sed
1272 1527 1302 1583 et
1322 1529 1488 1601 comparate

103 1629 223 1714 με1ζωο
243 1639 274 1694 et
297 1630 431 1695 absolute
449 1627 626 1712 ἡγούμενος
650 1635 840 1710 nuncupetur.
885 1628 966 1701 Quae
987 1627 1118 1710 proiecto
1141 1637 1171 1692 et
1189 1636 1291 1710 suapte
1313 1636 1430 1710 neura,
1459 1636 1489 1692 et

103 1741 197 1823 longe
222 1742 309 1803 edam
335 1738 472 1819 validius,
500 1745 630 1821 spectata
644 1741 672 1773 ¹²
703 1738 842 1801 orationis
868 1738 947 1800 serie
975 1739 1005 1799 in
1026 1756 1083 1819 qua
1109 1738 1301 1819 adhibentur,
1329 1746 1487 1817 exsortem,

103 1850 310 1932 potioremque
337 1851 539 1913 auctoritatem
574 1847 785 1931 praeseferunt
827 1846 1040 1911 Auctoritatem
1068 1848 1204 1911 nimirum
1231 1848 1278 1911 lV.
1303 1848 1343 1911 iili
1372 1846 1489 1911 affinem

105 1966 338 2042 cognatumque,
367 1976 423 2041 qua
444 1957 575 2021 Christus
597 1956 751 2051 mortaiem
773 1955 867 2019 adhuc
888 1956 976 2019 vitam
994 1957 1112 2039 vivens,
1143 1958 1341 2039 apostolorum
1362 1957 1490 2040 collegio

104 2068 240 2153 praefuit,
262 2054 476 2149 coetumque‘a
497 2086 532 2130 se
553 2066 708 2131 collectum
723 2068 787 2130 iure
800 2067 930 2148 supremi
947 2068 1049 2148 capitis
1066 2067 1283 2130 administravit.
1325 2064 1491 2149 Numquam

105 2179 185 2242 caim
213 2176 353 2240 inculcari
380 2178 450 2239 satis
476 2183 590 2258 potest,
619 2177 697 2259 quod
723 2195 812 2258 mum
840 2177 878 2240 sit
896 2183 929 2239 tn
951 2197 986 2239 re
1006 2177 1209 2258 verissimum,
1234 2196 1291 2257 per
1311 2196 1346 2238 re
1372 2194 1491 2258 quoque

105 2288 223 2351 abunde
251 2285 356 2349 sufficit
383 2294 415 2349 ut
441 2304 583 2367 praesens
610 2289 813 2350 controversia
842 2285 983 2369 esmiioata
1005 2287 1120 2367 penitus
1145 2284 1285 2349 videatur.
1328 2284 1445 2351 Scilicet
1458 2288 1487 2320 ⁸¹

103 2399 261 2480 primatum
286 2395 364 2459 Petri
391 2416 409 2459 e
439 2396 580 2478 singulari
607 2396 734 2477 quodam
762 2414 864 2459 eoram
896 2403 1132 2459 ornamentorum
1160 2396 1308 2458 consortio
1334 2393 1490 2475 proticisci,

105 2506 213 2588 quibus
240 2506 370 2568 Christus
402 2512 432 2567 et
464 2512 549 2587 caput
581 2512 610 2568 et
636 2506 773 2587 princeps
804 2514 834 2568 et
861 2522 1016 2587 supremus
1046 2504 1192 2568 ecciesiae
1219 2513 1318 2568 rector
1344 2513 1491 2570 censetur.

106 2613 193 2677 Unde
213 2631 271 2696 quo
293 2613 369 2676 iilius
391 2615 529 2695 primatus
548 2615 644 2696 magis
666 2614 854 2696 deprimitur,
876 2631 914 2676 eo
934 2616 1158 2697 praerogativae
1180 2613 1343 2695 Christique
1366 2613 1492 2695 dignitas

106 2725 204 2805 magis
225 2723 415 2787 deiiciuntur:
438 2742 535 2805 neque
556 2725 632 2787 intra
652 2723 774 2785 honoris
789 2723 959 2804 ordinisque
972 2722 1047 2786 iines
1062 2723 1203 2804 adstringi
1225 2722 1275 2785 ille
1294 2730 1399 2804 potest,
1422 2724 1492 2804 quin

108 2834 225 2897 eisdem
246 2818 339 2916 p'rope
361 2834 500 2897 cancellis
522 2834 628 2898 Chmsti
649 2830 794 2915 despexe}
816 2831 1014 2896 conciudatur.

217 2948 287 3005 386.
330 2942 486 3007 Praeterea
508 2944 542 3006 V.
564 2942 670 3007 desunt
698 2963 735 3005 ne
764 2943 794 3005 in
816 2942 971 3023 Scripturis
992 2942 1091 3022 sigim,
1122 2939 1225 3022 quibus
1247 2942 1387 3021 primatus
1407 2940 1493 3003 Petro

106 3053 245 3133 adscripti
266 3054 341 3115 ratio
363 3050 530 3134 aperiatur?
553 3053 658 3116 desunt
671 3071 709 3115 ne
725 3051 847 3115 effectus
862 3055 911 3133 qui
924 3052 982 3113 vim
999 3057 1190 3131 naturamque
1204 3057 1341 3130 retegunt
1360 3067 1493 3129 caussae,

108 3182 126 3225 e
149 3179 206 3243 qua
228 3159 454 3243 permanerunt
475 3163 564 3225 immo
586 3169 616 3225 et
636 3164 722 3244 signa
743 3160 849 3227 affatim
872 3166 1035 3243 suppetunt,
1058 3165 1088 3220 et
1110 3157 1282 3239 mrdtipiices
1297 3156 1420 3222 effectam
1442 3158 1493 3221 de·

106 3271 284 3335 scnbuntur.
328 3270 418 3353 Signa
441 3273 517 3335 erum
533 3270 714 3353 effectusque
736 3277 803 3335 sunt
824 3289 894 3334 eura
908 3273 936 3304 ³⁹
953 3287 1009 3351 qua
1026 3267 1224 3350 apostolorum
1242 3268 1371 3350 collegio
1391 3267 1494 3332 Petrus

107 3380 270 3444 consuluit:
297 3383 452 3444 auctoritas
484 3400 540 3464 qua
555 3385 583 3416 ⁴⁰
615 3380 789 3445 christianos
818 3387 920 3444 coetus
948 3378 1042 3443 ubivis
1068 3376 1188 3441 diffusos
1216 3377 1360 3441 instravit:
1392 3380 1494 3461 singa-

107 3492 211 3554 larc⁴¹
236 3492 387 3572 potestatis
403 3491 570 3554 iudiciariae
585 3493 766 3572 exercitium,
789 3508 847 3573 quo
870 3490 1015 3553 eeclesiae
1038 3488 1217 3571 disciplinam
1233 3489 1336 3569 sanmt,
1357 3486 1493 3570 illiusque
1565 3500 1572 3515 ⁸

109 3603 269 3684 integritati
297 3602 462 3683 prospexit:
498 3608 580 3665 actus
595 3604 623 3634 ‘²
651 3602 780 3682 supremi
813 3602 973 3683 magisterii
1002 3617 1076 3681 quos
1104 3599 1208 3663 edidit:
1242 3599 1449 3681 praeformatio
1463 3603 1490 3636 ⁴¹

108 3730 213 3775 earum
234 3711 353 3793 legum,
375 3711 480 3793 quibus
502 3710 629 3776 ecclesia
650 3715 787 3775 universa
807 3717 980 3792 regeretur:
1002 3717 1032 3772 et
1053 3728 1090 3772 ne
1112 3709 1192 3790 plura
1214 3709 1376 3790 cumulem,
1398 3712 1494 3775 incre·

108 3820 200 3884 dibile
227 3823 347 3883 omnino
375 3820 507 3883 eiusdem
530 3821 677 3885 ecciesiae
693 3824 719 3854 ⁴⁴
744 3820 884 3898 studium,
913 3836 971 3901 quo
991 3817 1106 3895 Petrum
1129 3826 1276 3902 tamquam
1298 3821 1494 3900 praepositum

108 3931 167 3994 sibi
188 3940 283 4012 caput,
306 3938 336 3993 et
349 3932 437 3994 totius
452 3931 615 3995 dominicae
630 3930 756 3994 samiiiae
770 3934 798 3963 ⁴⁵
822 3930 990 4010 οἰκονόμον
1010 3936 1187 4010 prosequuta
1209 3937 1269 4011 est,
1306 3929 1386 3992 Haec
1406 3911 1495 4010 porro

107 4044 196 4123 signa
218 4058 308 4121 quem
327 4040 481 4123 primatum
504 4037 684 4104 ostendenti
715 4038 744 4101 hi
772 4037 892 4101 effectus
913 4057 1000 4119 quam
1022 4056 1157 4102 caussam
1179 4038 1400 4103 demonstranti
1429 4058 1494 4102 earn

107 4170 149 4214 ne
178 4150 261 4213 cuius
290 4152 334 4213 vis
364 4157 422 4212 tota
450 4150 587 4230 honoris,
616 4149 786 4230 ordinisque
808 4142 971 4228 ὑπεροχήν
990 4165 1051 4211 οοο
1071 4145 1331 4229 supergrediatur?
1363 4168 1400 4212 an
1428 4167 1494 4213 eam

179 4345 226 4420 ³⁴)
248 4363 290 4402 nn.
312 4346 360 4403 42.
381 4350 472 4421 seqq,¹
494 4364 536 4402 nn.
557 4347 605 4404 05.
626 4362 716 4419 seqq,
737 4363 780 4401 nn.
894 4343 939 4417 ³⁰)
960 4360 1003 4399 nn.
1027 4342 1092 4400 103.
1114 4358 1188 4414 seqq.

111 4453 180 4510 100.
203 4468 278 4525 seqq.
437 4461 445 4481 ⁸
894 4448 939 4523 ⁴⁰)
959 4466 1003 4505 nn.
1024 4447 1091 4504 242.
1111 4464 1186 4521 seqq.

178 4556 223 4632 ³⁵)
244 4574 288 4614 nn.
310 4557 356 4615 00.
378 4572 468 4630 seqq,
494 4575 538 4615 nn.
560 4558 607 4614 ts.
628 4572 703 4629 seqq.
894 4554 939 4630 ⁴¹)
958 4571 1002 4611 nn.
1023 4553 1091 4610 230.
1111 4570 1186 4626 seqq.

178 4661 225 4737 ³‘)
245 4679 289 4719 aa.
311 4661 359 4720 02.
379 4679 468 4737 seqq,
494 4681 538 4721 aa.
559 4663 607 4719 90.
628 4678 703 4735 seqq.

143 4758 446 4842 “Umfflssm

178 4872 225 4946 ³⁸)
246 4890 289 4929 un.
312 4872 359 4930 00.
381 4889 472 4948 seqq,
492 4891 536 4930 nn.
557 4874 605 4931 st.
627 4890 718 4948 seqq,
738 4891 781 4931 nu.
894 4873 920 4902 ⁴⁴

115 4979 185 5037 113.
207 4994 298 5053 seqq,
319 4996 363 5036 un.
386 4979 452 5037 tus.
474 4995 549 5055 seqq.

165 5102 290 5154 aaaron,
307 5103 483 5145 commenarias.
