3266 5416
641 260 787 330 CAPUT
826 264 867 327 ll.
1413 267 1434 329 9

80 432 220 515 scipturis
242 431 350 515 innixa,
374 452 509 516 quaeque
530 432 601 497 nibil
621 442 774 517 praeterea
795 441 871 513 suot,
894 452 981 517 quam
1003 433 1213 517 Scripturarum
1235 434 1436 499 commentarii

76 550 101 604 et
126 542 356 624 explanationes,
391 546 417 607 si
445 547 586 608 sociniani
620 564 655 608 ao
681 552 912 608 remonstrantes
938 546 997 606 voti
1026 545 1142 609 taudem
1171 553 1321 627 compotes
1353 545 1435 608 eviu-

75 654 208 732 careant,
230 660 280 715 aut
301 653 336 715 ab
357 672 393 717 ea
414 653 545 717 doctrina
566 655 759 718 alienissimus
782 672 849 717 esse
871 654 1042 736 Scripturas,
1069 663 1117 718 aut
1138 657 1232 719 inania
1245 663 1335 719 certe
1356 672 1434 733 esse,

76 780 143 843 quae
162 762 198 824 ad
218 781 287 825 eam
309 763 444 827 tuendam
468 784 486 827 e
508 764 662 846 scripturis
683 760 879 845 colligumturi
902 781 959 845 quo
981 764 1148 828 reciderent
1168 771 1353 828 monumenta
1374 781 1437 827 om·

76 874 116 934 nia
134 872 306 936 liaditionis
328 892 344 936 a
366 873 509 936 Cardiuali
529 874 679 954 Perrouio,
701 880 731 935 et
752 873 788 935 ob
809 875 844 936 iis
865 872 970 936 deinde
988 875 1121 953 collecta,
1141 877 1189 957 qui
1199 879 1272 957 opus
1283 873 1320 937 de
1329 891 1436 955 peren·

75 984 153 1045 nitate
174 982 242 1045 fidei
264 1000 319 1064 pro
340 984 413 1046 reali
433 985 597 1065 praesentia
620 983 787 1062 ediderunt,
813 984 838 1046 si
859 983 1056 1066 zwingliauis,
1086 984 1312 1066 calvinianisque
1335 983 1437 1045 liceret

71 1094 151 1171 serio,
171 1094 361 1174 graviterque
383 1093 572 1173 contendere,
592 1112 689 1175 neque
710 1093 807 1156 verbis
830 1091 943 1173 Christi,
965 1094 1069 1175 quibus
1082 1093 1281 1157 Eucharistiae
1297 1093 1435 1156 institutio

72 1204 269 1283 contineturi,
301 1221 398 1284 neque
426 1204 558 1266 eiusdem
585 1222 723 1266 sermone
744 1202 780 1265 ab
802 1202 938 1266 iohanne
960 1203 1148 1285 descripto⁸,
1175 1222 1271 1285 neque
1291 1203 1369 1266 Pauli
1391 1202 1435 1267 el-

71 1313 150 1375 latis’
181 1312 210 1374 id
236 1314 378 1394 exprimi,
410 1314 486 1395 quod
518 1313 554 1376 ad
580 1312 769 1376 asserendam
795 1311 906 1375 realem
933 1315 1127 1394 pmesentiam
1155 1314 1317 1377 dominicae
1339 1314 1435 1376 caruis

70 1422 216 1503 requiritur
238 1429 268 1484 el
290 1419 416 1485 solliciti
440 1422 515 1486 haec
538 1424 645 1503 omnia,
667 1430 698 1485 et
718 1429 859 1504 quotquot
880 1421 925 1484 bis
947 1429 1014 1485 sunt
1034 1422 1137 1485 similia
1158 1426 1196 1504 ¹⁰,
1225 1423 1313 1486 veluti
1334 1441 1435 1487 conu-

70 1532 171 1612 ptelae,
194 1549 268 1613 quas
291 1531 393 1594 Petrus
409 1535 432 1565 ¹¹
459 1532 582 1596 indoctis
604 1533 657 1596 καὶ
677 1529 871 1612 άστηρίκτοις
892 1530 997 1611 tribuit,
1023 1540 1154 1613 quasque
1174 1533 1316 1596 violentas
1337 1532 1435 1595 detor·

73 1642 161 1703 siones
182 1642 317 1723 appellat,
335 1642 494 1705 reiieienda
517 1641 622 1723 forent,
644 1650 731 1723 atque
756 1660 775 1704 e
795 1640 997 1723 probationum
1020 1640 1086 1704 albo
1102 1641 1306 1724 expungenda.
1337 1640 1434 1715 Quare

74 1752 95 1813 si
116 1749 272 1833 δόγματα,
301 1771 376 1834 quae
402 1754 528 1816 examini
556 1752 757 1833 subiiciuntur,
789 1768 924 1833 quaeque
950 1758 1017 1813 sunt
1038 1754 1217 1833 argumentis
1238 1749 1434 1814 confirmanda

74 1861 104 1923 ad
122 1879 219 1925 eonrm
242 1870 378 1945 spectent
397 1862 539 1942 ordinem,
562 1880 638 1944 quae
660 1879 726 1924 cum
747 1862 938 1924 iustmmento
962 1859 1189 1943 scripturarum,
1216 1870 1247 1925 et
1268 1859 1434 1923 Traditioue

74 1972 221 2054 Scripturas
250 1974 425 2055 explanante
454 1971 632 2053 cohaerent,
660 1969 718 2033 hoo
745 1970 904 2033 curandum
932 1972 1062 2052 inprimis
1084 1979 1143 2052 est,
1172 1979 1203 2035 ut
1222 1970 1434 2052 seripturarum

76 2082 179 2144 oracula
200 2102 299 2164 neque
331 2085 461 2146 seiuncta
487 2090 517 2146 et
542 2081 637 2144 abeno
664 2100 681 2144 a
710 2082 854 2144 sententia
879 2081 1068 2160 traditionis,
1096 2101 1193 2164 neque
1216 2080 1325 2158 eidem,
1356 2077 1434 2160 quod

77 2200 146 2254 esset
170 2193 258 2275 louge
290 2193 433 2275 deterius,
462 2195 593 2276 opposita
620 2192 869 2256 demonstrentur:
900 2191 1065 2255 enitendum
1092 2192 1199 2256 deinde
1226 2197 1284 2271 est,
1310 2196 1341 2252 ut
1363 2206 1434 2251 cou-

77 2300 179 2381 spiratio
216 2322 254 2365 ac
290 2302 500 2384 propemodum
536 2300 694 2384 apporia,
731 2320 806 2383 quae
840 2310 963 2383 utraque
994 2302 1140 2383 devincit,
1175 2319 1230 2366 suo
1266 2301 1294 2363 iu
1325 2299 1434 2361 lumine

79 2410 248 2474 collocentur.

170 2527 214 2584 13.
245 2522 387 2587 Jamrero
410 2524 558 2587 doctrinae
581 2530 674 2605 eaput,
697 2523 778 2587 cuius
801 2522 958 2603 vindicias,
982 2520 1290 2603 confirmationemque
1312 2519 1433 2601 suseipi-

81 2646 147 2711 mus,
173 2651 230 2697 uon
250 2652 354 2698 eorum
377 2634 631 2716 comprehenditur
653 2631 824 2714 δογμάτων
845 2632 966 2712 ambitu,
997 2649 1073 2712 quae
1094 2648 1151 2694 una
1174 2630 1339 2694 'traditione
1363 2647 1434 2692 con·

86 2739 175 2821 sistunt,
196 2762 333 2824 quaeque
356 2744 392 2807 ad
414 2762 468 2807 nos
490 2762 583 2827 usquc
604 2746 688 2808 unius
711 2742 884 2805 'traditionis
913 2740 1061 2823 praesidio
1082 2759 1117 2803 ac
1137 2740 1227 2803 veluti
1247 2740 1361 2803 tramite
1383 2739 1435 2802 de·

88 2853 211 2935 tenenat,
233 2853 291 2917 sed
314 2853 350 2916 ad
373 2872 474 2916 eorum
496 2862 608 2937 spectat
629 2870 799 2933 numerum,
831 2869 907 2932 quae
927 2852 965 2913 ita
988 2870 1005 2913 e
1028 2851 1181 2934 seripturis
1204 2856 1279 2932 apta,
1300 2866 1435 2929 nexaque

130 3065 152 3142 ⁶)
176 3069 294 3127 llrduum
320 3072 389 3127 euim
417 3072 469 3127 illis
495 3087 548 3128 uon
573 3072 643 3128 loret
663 3086 726 3127 cou—
775 3059 824 3141 uria
851 3057 930 3140 edrai
954 3066 1088 3125 δοθεῖσαν
1117 3068 1219 3145 coptus
1249 3067 1364 3142 (supple,
1387 3058 1434 3123 ord

84 3169 182 3231 eludere:
201 3194 257 3234 oon
279 3178 365 3248 magis
385 3176 516 3233 tideudum
531 3178 651 3233 Patribus
665 3193 725 3234 csse
774 3165 929 3248 mainerus
955 3164 1048 3250 clyton)
1075 3168 1196 3251 ἔγραψεν
1225 3165 1299 3249 ὑμῖν,
1325 3164 1363 3240 ὥς
1388 3170 1435 3230 καὶ

85 3275 133 3333 don
151 3286 267 3358 testium,
296 3299 373 3355 quam
394 3283 455 3339 dum
476 3285 646 3356 interpretum
670 3301 726 3340 mu·
774 3282 803 3338 ἐν
828 3272 933 3347 πάσαις
952 3288 1013 3345 ταῖς
1033 3278 1202 3349 ἐπιστολαῖς,
1226 3275 1318 3337 λαλῶν
1336 3278 1365 3335 da
1385 3269 1435 3334 orri-

83 3395 133 3437 uere
161 3388 307 3461 tanguntur.
342 3388 396 3445 an
423 3395 509 3444 autem
534 3390 603 3463 lalli,
635 3408 666 3446 sc
698 3394 724 3448 iu
773 3394 835 3453 rute
860 3386 922 3463 napi
949 3377 1067 3445 scisma·
1099 3386 1128 3443 iu
1151 3377 1193 3452 οἷς
1216 3387 1274 3444 don
1301 3375 1433 3459 modqad

83 3490 239 3553 transuersum
271 3495 355 3568 abripi
381 3495 442 3551 dum
468 3496 619 3570 Scripturas
644 3500 723 3554 iuter·
773 3513 849 3563 rann,
876 3481 898 3551 oi
924 3483 1095 3567 oin’podiate
1114 3491 1161 3550 aul
1180 3484 1339 3569 ἀστήρικτοι
1357 3508 1433 3569 orpu-

83 3600 204 3659 runaut.
250 3603 319 3660 Nihil
340 3617 407 3673 ergo
428 3603 564 3676 impedire,
586 3605 723 3675 quominus
772 3597 895 3680 βλοῦσιν,
915 3591 955 3666 oie
973 3596 1019 3655 nul
1038 3590 1089 3665 sule
1108 3592 1208 3666 loandp
1224 3593 1344 3677 γραφάς,
1363 3590 1434 3676 πρὸς

82 3700 102 3754 iu
124 3717 230 3765 errorem
259 3711 327 3783 tapsi
347 3711 427 3766 etiam
448 3709 508 3766 dum
529 3716 611 3766 testes
632 3719 722 3787 agunt,
771 3701 821 3782 aqu
846 3707 917 3765 lotos
944 3697 1035 3764 αὐτῶν
1059 3697 1208 3764 ἀπώλειαν.
1249 3708 1365 3776 Quorum
1386 3722 1433 3762 oc-

82 3808 252 3871 rristineotm.
771 3819 879 3872 castore
911 3815 1053 3871 verborum
1088 3816 1168 3870 menti
1200 3816 1329 3886 occurrit,
1360 3812 1432 3885 quod

130 3942 154 4017 a)
178 3946 264 4004 nuth.
285 3947 380 4005 XXVI·
401 3947 541 4004 26-29·
563 3948 624 4004 ⁰011·
639 3949 718 4006 Hm·
770 3922 914 3994 theologus
934 3920 1127 3976 eruditissimos
1147 3920 1225 3976 lteur.
1239 3919 1314 3994 lllee,
1334 3920 1432 3976 hatho

83 4039 141 4102 xlv.
159 4049 292 4125 22-26’
313 4052 374 4110 quc,
395 4053 476 4110 xqu
500 4052 634 4110 1440·
768 4029 851 4084 lische
877 4027 1039 4101 Dogmutilr,
1067 4027 1087 4082 l.
1107 4027 1190 4085 Band.
1220 4026 1303 4100 pag'g.
1329 4025 1431 4083 259-

128 4177 153 4253 ,)
171 4183 218 4240 soh
246 4186 283 4241 VI
313 4186 352 4242 43
406 4187 444 4242 60
769 4134 827 4190 260
855 4134 920 4190 edit.
947 4133 1041 4205 Maior,
1068 4149 1110 4188 so.
1134 4132 1219 4190 tatu.
1240 4134 1335 4190 docet:
1356 4134 1431 4190 teati-

130 4300 140 4331 ‚
219 4226 226 4241 ’
285 4232 291 4245 ’
360 4218 397 4228 -
445 4227 452 4241 '
769 4240 861 4298 monio
891 4254 997 4313 eorum,
1026 4254 1093 4311 quae
1120 4240 1238 4312 apostoli
1263 4246 1291 4297 et
1314 4256 1431 4312 evauge-

142 4300 192 4375 Ἠ·
212 4308 270 4365 ⁰⁰¹·
291 4308 336 4365 xl·
357 4308 394 4364 ²3
414 4325 489 4382 ΜΨ
769 4346 847 4401 lictae
874 4345 1043 4418 scripserint,
1075 4360 1109 4399 oc
1135 4347 1211 4402 unius
1238 4347 1342 4421 quidem
1369 4347 1430 4406 libri

118 4421 155 4497 “l
171 4426 241 4486 Patet
256 4434 326 4489 enim
346 4432 412 4488 baec
434 4432 629 4489 animadversio
644 4433 719 4489 lotis·
770 4453 804 4509 ,d
827 4452 858 4508 pq,
887 4451 917 4507 q,
950 4451 1105 4526 perquem„
1138 4452 1255 4510 dmm
1287 4454 1430 4529 originem,

86 4522 147 4601 '³¹³⁶‘
165 4541 189 4590 θ’
201 4538 273 4594 'del
288 4541 376 4594 Μὴ
390 4555 420 4594 ⁸⁰
432 4539 719 4611 P⁰ffissll⁰¹¹¹¹⁵ll⁰¹¹⁸0
769 4559 1006 4629 auctoritatemque
1032 4559 1189 4616 canonicam
1215 4561 1319 4618 ostendi
1339 4576 1429 4634 posse.

31 4658 33 4703 t
86 4626 134 4687 fidel
151 4637 256 4719 decreta,
277 4660 345 4718 quae
369 4647 536 4716 conspirante
557 4645 718 4703 Traditionis
768 4665 847 4738 Atqui
869 4664 958 4720 pepp-u,
980 4664 1049 4719 pum
1067 4656 1166 4731 pompe
1184 4658 1296 4743 γραφάς
1311 4672 1432 4724 ,emm

32 4740 33 4743 Ἴ
87 4740 107 4787 ‘⁸
123 4739 298 4818 scipturarum
319 4753 475 4807 ⁸⁰⁰1⁰fi²⁸l⁰
496 4752 717 4810 ἅθΰῐθῦθῑῑθΰωῐ·
767 4771 838 4827 Pauli
864 4769 1009 4843 epistolas,
1037 4769 1070 4826 de
1098 4771 1240 4844 scripturis
1261 4788 1326 4829 vero
1348 4776 1430 4828 testa·

94 4945 100 4965 t
135 4862 172 4938 ¹¹)
189 4869 298 4931 llletr.
318 4873 362 4929 lll.
386 4873 516 4930 tta—tt:
536 4867 651 4942 Kadoic
670 4874 718 4933 nul
765 4883 820 4952 tur,
853 4892 908 4933 uon
933 4877 1048 4933 hunam
1077 4878 1219 4953 instinctu,
1245 4880 1294 4938 sed
1315 4879 1428 4949 Spiritus

89 4952 237 5047 tdpunspdg
258 4970 338 5054 iada
360 4970 479 5055 cidairpdc
497 4977 624 5051 Παῦλος,
643 4973 718 5040 κατὰ
765 4983 855 5043 albato
875 4999 922 5041 eas
943 4995 1005 5038 csse
1024 4983 1199 5051 comortpns.
