3258 5400
165 357 227 418 lto
683 356 815 421 LIBER
856 356 1022 424 suiuus

164 533 224 588 tum
245 524 321 587 baec
342 525 510 587 nominatim
524 527 552 558 ²³
576 527 740 609 praecepit:
783 523 1134 609 Repraesentemus
1154 518 1288 607 ἄνδρας,
1309 527 1362 589 καὶ
1383 522 1536 608 μεταπεμ-

162 649 226 718 ψαι
246 629 388 714 Σίμωνά
407 654 479 697 τινα
491 636 518 667 ²⁴
544 629 580 710 ὃς
600 635 789 700 ἐπικαλεῖται
810 635 936 718 Πέτρος
945 684 1033 699 ......
1047 638 1077 669 ²⁵
1099 631 1195 709 αὐτὸς
1216 634 1341 712 λαλήσει
1361 655 1429 713 σοι,
1456 637 1484 698 τί
1503 654 1537 699 oe

164 742 212 805 δεῖ
233 744 348 806 ποιεῖν·
376 744 457 806 mitte
478 744 509 807 in
530 743 643 826 Joppen
664 747 756 828 viros,
786 753 816 809 et
837 764 960 810 accerse
982 754 1093 809 certum
1122 744 1277 827 quemdam
1299 746 1462 827 Simonem,
1491 747 1538 827 qui

163 852 265 917 Petrus
287 854 510 935 cognominatur
521 900 612 917 .....
631 853 680 918 bic
701 854 751 918 tibi
773 855 870 919 edicet
889 855 959 937 quid
980 855 1057 919 iacto
1077 857 1115 918 sit
1136 873 1217 937 opus.

270 985 340 1044 218.
383 979 416 1041 ln
447 997 505 1060 quo
533 981 632 1062 angeli
657 989 815 1064 praecepto
844 983 902 1045 duo
923 982 1103 1063 potissimum
1130 981 1311 1045 considerari
1337 980 1453 1043 debent.
1495 978 1539 1041 Λο

163 1095 245 1153 miro
263 1089 394 1170 inprimis
414 1096 508 1165 ratio,
539 1108 624 1171 quam
645 1088 726 1153 Deus
746 1091 863 1174 selegit,
884 1098 916 1154 ut
934 1092 1143 1173 sempiternum
1164 1091 1316 1154 consilium
1338 1090 1376 1153 de
1395 1088 1539 1152 adducen-

165 1196 209 1260 dis
231 1197 268 1260 ed
290 1197 433 1261 Christum
455 1198 591 1280 gentibus
613 1208 824 1283 exequeretur,
852 1208 1088 1264 tnatmmentom
1109 1201 1229 1283 deinde,
1252 1218 1310 1284 quo
1330 1216 1402 1262 usus
1425 1204 1485 1277 est,
1509 1203 1539 1258 ut

165 1308 296 1389 gentium
316 1309 456 1389 primitias
477 1311 600 1392 mystico
622 1308 727 1373 Christi
748 1312 864 1393 corpori
886 1310 1043 1393 copularet.

272 1433 343 1496 lllud
365 1434 417 1496 luit
439 1435 540 1499 Simon
561 1444 758 1518 cognomento
783 1436 899 1500 Petrus:
923 1430 1132 1521 μετάπεμψαι
1152 1434 1292 1517 Σίμωνα
1311 1454 1400 1511 τινα,
1423 1431 1458 1509 ὃς
1478 1437 1537 1496 eur·

165 1543 304 1608 καλεῖται
325 1543 461 1628 Πέτρος.
504 1546 543 1609 At
562 1564 660 1610 nonne
682 1545 729 1608 alii
751 1564 868 1628 quoque
891 1547 1012 1612 aderent
1033 1546 1173 1629 apostob,
1195 1544 1300 1627 quibus
1320 1546 1431 1608 dictum
1445 1546 1473 1578 ²⁶
1497 1544 1537 1606 in·
1623 1600 1624 1627 ,

165 1655 382 1719 discriminatim
402 1655 512 1736 luerat,
535 1655 746 1737 πορευθέντες
764 1660 809 1732 εὶς
828 1655 882 1720 τὸν
903 1659 1022 1730 κόσμον
1043 1653 1167 1721 ἅπαντα
1189 1652 1340 1735 κηρύξατε
1361 1651 1397 1717 τὸ
1415 1650 1538 1735 εὐαγγέ-
1623 1666 1624 1679 ’

164 1765 232 1828 icoo
257 1762 342 1848 πάσῃ
369 1766 405 1849 τῇ
430 1764 542 1840 κτίσει,
573 1773 603 1828 et
618 1769 644 1799 ²⁷
677 1766 796 1829 ἔσεσθέ
819 1788 873 1849 μοι
900 1764 1057 1848 μοίμτιιρες
1085 1767 1119 1828 lv
1144 1786 1176 1827 ts
1195 1757 1400 1847 Ἰερουσαλήμ
1428 1764 1481 1827 καὶ
1506 1767 1538 1825 ἐν

164 1872 247 1959 πάσῃ
267 1877 305 1958 τῇ
319 1873 460 1956 Ἰουδαίᾳ
474 1874 527 1937 καὶ
540 1872 725 1957 Σαμαρείᾳ,
747 1877 801 1939 καὶ
815 1881 874 1951 ἕως
887 1875 1025 1953 ἐσχάτου
1044 1877 1098 1950 τῆς
1118 1875 1198 1955 ybs?
1239 1874 1311 1939 Sunt
1331 1876 1387 1938 ista
1409 1874 1536 1952 clariora,

165 2003 251 2066 quam
272 1992 304 2047 ut
324 1984 445 2048 artificio
468 1984 527 2047 ullo
550 1985 700 2048 obscurari
719 1987 838 2067 possint.

270 2119 463 2183 Nihilominus
485 2121 592 2183 ceteris
613 2123 765 2202 sepositis,
786 2121 949 2202 praefertur
969 2120 1086 2199 Petrus,
1115 2118 1236 2182 acideo
1256 2117 1440 2200 preelertur,
1464 2115 1538 2199 quod

165 2228 206 2291 ilb
229 2229 337 2292 dicium
351 2233 381 2263 ²⁸
404 2232 559 2311 separatim
582 2238 670 2310 esset,
692 2231 741 2293 ἐπὶ
761 2226 856 2314 ταύτῃ
877 2231 913 2314 τῇ
934 2235 1031 2310 παρα
1052 2224 1253 2310 οἰκοδομήσω
1274 2248 1337 2309 μου
1359 2223 1417 2305 τήν
1436 2226 1537 2302 lexin

164 2339 254 2413 σιάι,
274 2340 350 2401 ac²’
371 2356 503 2420 rursum,
524 2337 618 2422 βάσκε
639 2333 678 2404 τιί
700 2337 794 2421 cipeto
813 2338 1058 2421 poemenionem
1077 2332 1116 2400 τοί
1137 2333 1281 2418 πρόβατά
1302 2358 1374 2418 μου.
1410 2335 1538 2400 Decebnt

166 2448 259 2527 emm,
285 2455 317 2509 ut
339 2445 454 2510 sublato
479 2449 667 2532 iudaeorum,
695 2449 905 2532 gentiliumque
934 2449 1117 2529 discrimine,
1143 2447 1218 2511 illius
1239 2448 1365 2510 maxime
1395 2447 1536 2530 operain

165 2574 253 2619 unum
281 2573 384 2619 omnes
411 2557 634 2641 colligerentur,
663 2562 725 2639 cui,
755 2568 901 2640 umquam
927 2560 1023 2639 posito
1044 2558 1178 2621 divinitus
1202 2557 1407 2638 fundamento,
1438 2571 1535 2618 omnes

166 2667 261 2747 inniti,
290 2684 395 2731 omnes
416 2667 561 2731 debebant
581 2669 761 2733 incumbere.
803 2667 934 2731 Decebat
955 2675 986 2729 ut
1007 2665 1112 2729 Christi
1134 2665 1283 2728 oraculum
1297 2669 1337 2747 ³⁰,
1363 2663 1446 2729 ἄλλα
1466 2665 1536 2743 πρύ-
1602 2706 1604 2709 .

164 2772 247 2859 βατα
271 2777 354 2854 ἔχω,
381 2771 405 2841 ίί
431 2775 491 2840 οὐκ
520 2780 601 2842 ἔστιν
620 2784 656 2843 ἐκ
683 2780 736 2854 τῆς
757 2774 853 2853 αὐλῆς
873 2775 997 2853 ταύτης·
1026 2772 1159 2840 κάκεῖνα
1179 2796 1218 2855 με
1240 2773 1289 2836 δεῖ
1308 2771 1458 2857 α’γαγεῖν
1487 2771 1536 2836 καί

164 2888 219 2962 τῆς
241 2890 349 2970 φωνῆς
369 2908 433 2970 μου
456 2885 642 2963 οίκοίσουσι,
664 2888 718 2952 καὶ
738 2884 899 2969 γενήσεται
917 2888 976 2968 μία
998 2887 1127 2967 ποίμνη,
1148 2880 1192 2959 τίς
1214 2882 1345 2966 ποιμήν,
1375 2885 1447 2948 alias
1468 2898 1536 2945 oves

164 2994 260 3059 babeo
283 2997 352 3060 mibi
373 3016 390 3060 a
412 2998 495 3061 Patre
508 2997 535 3032 ³¹
559 2998 681 3061 dorratas
701 3005 731 3060 ct
752 2995 917 3059 iamdudum
930 2998 958 3029 ³²
983 2996 1083 3059 devias
1105 3013 1180 3077 quae
1201 3011 1260 3056 non
1274 3002 1340 3057 sunt
1361 3013 1402 3057 en
1421 2993 1479 3056 hoc
1495 2993 1536 3053 iu·

165 3105 304 3169 daeorum
327 3106 413 3189 ovili;
434 3107 497 3171 illes
511 3127 629 3190 quoque
644 3125 827 3190 congregem
840 3108 869 3139 ³³
892 3112 1015 3186 oportet,
1038 3124 1072 3168 ac
1088 3104 1156 3167 mihi
1170 3123 1242 3167 sane
1260 3106 1428 3187 morigerae
1446 3107 1533 3180 emunt,

165 3233 313 3298 unumque
335 3219 440 3281 existet
466 3218 543 3281 ovile
557 3221 597 3301 ³⁴,
624 3227 723 3302 pastor
742 3234 833 3279 unus:
860 3215 936 3279 illius
957 3217 1083 3278 manime
1103 3215 1264 3278 ministerio
1284 3215 1468 3297 impleretur,
1493 3209 1537 3274 cui

166 3327 247 3389 vices
277 3344 346 3390 suas
378 3330 577 3408 oecumenici,
611 3328 790 3409 visibilisque
818 3325 942 3407 pastoris
970 3324 1100 3388 Christus
1124 3326 1320 3386 commiserat
1370 3324 1434 3387 lloc
1461 3322 1533 3385 enim

165 3440 251 3514 pacto
271 3442 388 3517 γένεσις
413 3437 534 3518 ipsaque
560 3439 633 3501 ratio
652 3435 838 3518 colligendae
860 3434 1006 3497 ecclesiae
1027 3432 1246 3515 praeferebant,
1278 3442 1337 3497 tam
1357 3434 1399 3496 illi
1419 3439 1534 3496 omres-

166 3550 290 3607 sitatem
310 3564 395 3626 quiam
417 3554 565 3611 sadotem
585 3544 750 3621 οὐσιοίὸως
772 3546 947 3626 convenire3
977 3544 1131 3626 nequead
1153 3563 1218 3607 eam
1240 3544 1366 3607 intimius
1392 3544 1533 3625 pertinere

166 3660 198 3717 ut
224 3656 432 3737 cuiuscumque
462 3659 587 3720 nominis
615 3666 720 3740 gentes
750 3675 804 3720 suo
832 3658 897 3719 sinn
920 3652 1176 3736 complecteretur,
1206 3673 1291 3736 quam
1317 3664 1350 3718 ut
1370 3654 1407 3717 ad
1427 3650 1534 3715 unitatis

165 3762 288 3827 sormam
310 3765 395 3826 unius
415 3767 575 3848 praesidis,
601 3769 785 3849 pastorisque
805 3765 1053 3830 administratione
1074 3773 1273 3828 revocaretur.
1316 3763 1413 3837 Quare
1435 3758 1534 3825 eximia

167 3877 285 3936 omnino
308 3873 400 3936 videri
423 3877 581 3938 consensio
603 3875 706 3956 debet,
730 3894 786 3958 qua
807 3876 863 3940 sibi
883 3884 983 3938 mutuo
1005 3882 1168 3951 institutio,
1190 3880 1415 3955 exequutiones
1435 3870 1533 3953 primu·

165 3991 212 4048 tus
232 3984 423 4067 respondent:
451 3984 526 4047 haec
553 3987 630 4048 enim
661 3986 740 4048 illem
772 3985 936 4067 confirmat,
964 4004 1000 4048 ac
1029 4004 1067 4047 ex
1091 3984 1141 4049 illa
1166 3985 1294 4047 vicissim
1315 3981 1443 4066 praedici
1464 3978 1533 4040 haec

165 4096 273 4177 potuit,
296 4102 325 4158 et
346 4103 431 4159 antea
452 4094 572 4159 stabiliri
595 4115 681 4178 quum
699 4095 838 4158 historiae
860 4096 1046 4177 monimentis
1066 4096 1237 4177 consignata
1259 4094 1416 4176 legeretur.

231 4327 357 4404 ²³)Act
377 4331 410 4388 Χ.
432 4332 530 4390 5-7.
942 4326 988 4404 ²')
1008 4327 1070 4385 lob.
1090 4327 1160 4384 xxi.
1183 4325 1318 4384 15-18

231 4435 276 4511 ²⁴)
298 4436 326 4493 ln
347 4437 486 4494 codicibus
511 4454 565 4495 nou
585 4437 677 4512 paucis
698 4436 833 4493 desidera·
943 4433 1048 4509 ³⁰‘)

169 4548 211 4599 tur
229 4534 306 4613 ταοί,
326 4561 404 4617 quem
425 4551 513 4601 mutan
533 4544 666 4617 vulgatus
685 4542 762 4613 legit
805 4596 812 4612 ,
943 4540 1050 4616 ³¹.)

229 4650 274 4727 ²³)
295 4650 353 4706 lioc
383 4651 495 4708 incisum
525 4652 552 4708 in
582 4650 700 4722 sugatis
725 4650 831 4722 maccio
943 4645 1029 4719 ³²)1.
1043 4645 1113 4701 Petr
1134 4579 1166 4701 u
1186 4643 1235 4703 2⁵.

167 4755 331 4812 aditionibus
351 4756 435 4813 deest
940 4750 986 4826 ⁸³)
1007 4751 1129 4827 Simplex
1141 4741 1252 4826 ἄγαμαι
1266 4747 1387 4805 adhiberi
1400 4759 1446 4819 pro
1465 4752 1531 4795 ⁰⁰⁸1·

230 4862 275 4939 ²⁶)
295 4863 377 4919 Marc
396 4862 468 4920 livi.
491 4861 537 4920 15.
877 4858 967 4933 posito
994 4865 1167 4934 συναγαγεῖν,
1192 4864 1220 4913 et
1242 4856 1344 4915 uidit
1335 4871 1363 4912 m
1386 4867 1449 4929 para
1494 4840 1530 4898 tsi

231 4970 277 5045 Π)
297 4970 358 5027 Act.
379 4969 399 5027 l.
420 4969 448 5026 Β.
878 4964 984 5041 Nouus,
1004 4971 1033 5021 ct
1050 4964 1134 5038 liquet
1152 4981 1188 5023 cx
1206 4979 1264 5037 cup.
1285 4962 1331 5020 xt.
1352 4962 1398 5019 52.

231 5076 277 5157 ²⁸)
297 5077 388 5135 bonu.
408 5075 479 5134 xvt
502 5076 549 5133 te.
941 5070 987 5148 ³⁴)
1007 5071 1138 5144 Vulgttus
1157 5071 1294 5130 interserit
1312 5069 1443 5147 sopitam
