3258 5400
715 346 860 415 CAPUT
901 348 992 412 xlx.
1446 351 1508 413 trs

119 520 230 603 quibus
250 521 395 603 prlrnitim
415 518 543 582 ecclesia
565 517 731 599 coaluerat,
760 518 823 582 sive
844 517 1056 600 apostolorum,
1079 532 1202 598 quorum
1222 516 1382 581 minIsterio
1403 524 1505 580 exten-

117 630 237 711 denda,
261 629 520 712 amplificandaquc
540 636 618 709 erat,
640 629 715 692 ratio
736 627 886 692 habeatur.
1164 618 1172 635 '

230 738 308 803 Sane
329 737 398 820 quid
418 756 455 800 ea
475 735 665 801 continetur?
686 739 841 802 verissime
861 740 1108 820 praemonuimus,
1131 735 1275 800 eiusmodi
1296 736 1397 798 notitia
1420 739 1505 799 otro·

119 850 248 931 νομίαν,
269 847 446 929 modumque
460 845 603 927 exbiberi,
624 865 684 930 quo
696 848 801 911 Christi
816 847 949 911 noluntas
971 847 1008 911 dc
1023 846 1218 911 annuntiando
1234 845 1343 927 ubique
1357 853 1501 908 terrarum

119 957 282 1040 evaugelio
303 956 508 1039 compleretur
551 957 611 1022 Sed
631 958 708 1021 Ioula
728 977 767 1020 ne
781 959 853 1044 ¹Ista,
875 976 912 1020 an
935 964 1035 1021 contra
1051 958 1166 1020 censeri
1183 957 1358 1039 gravissima
1374 952 1504 1018 debenti

120 1066 171 1130 Ad
192 1067 315 1131 iudaeos
333 1074 431 1130 autem
453 1065 532 1148 quod
550 1068 691 1148 pertinet,
720 1068 868 1130 neminem
888 1066 979 1149 sugit,
1009 1085 1095 1148 mam
1121 1066 1209 1129 iidem
1232 1071 1332 1128 essent
1353 1081 1505 1128 caeremo-

118 1175 241 1239 nialium
263 1175 362 1258 legum
384 1181 522 1255 tenaces,
549 1183 729 1259 quantopere
751 1196 768 1239 a
787 1176 938 1259 gentilium
960 1177 1095 1238 convictu
1116 1175 1324 1255 abhorrerent,
1351 1182 1412 1238 turn
1434 1192 1504 1256 qua·

117 1285 177 1365 les,
199 1292 381 1367 quantasque
404 1283 504 1368 turbas
525 1303 591 1347 eam
612 1285 651 1348 ob
665 1303 798 1348 caussam
819 1286 850 1348 in
872 1285 934 1366 ipsa
954 1284 1083 1348 ccclesia
1104 1286 1292 1348 conciverint.
1335 1282 1411 1358 oud
1433 1301 1505 1347 vero

121 1395 163 1457 de
185 1393 324 1476 apostolis
345 1391 460 1457 dIcaml
483 1393 561 1456 haud
582 1394 707 1458 arbitror
727 1412 801 1477 opus
823 1414 891 1460 esse
905 1414 1039 1476 monere,
1061 1394 1259 1475 cognitionem
1282 1392 1371 1455 divini
1391 1393 1506 1457 consilii

117 1503 177 1565 illis
198 1520 318 1586 prorsus
340 1502 430 1567 hrisse
451 1503 665 1584 necessariam,
687 1511 719 1566 ut
740 1504 868 1568 iniuncto
890 1505 946 1568 sibi
967 1506 1081 1569 muneri
1103 1502 1293 1584 evangelicae
1314 1501 1388 1567 lucis
1410 1502 1504 1566 ubivis

117 1610 297 1676 inicrcndae
318 1614 373 1676 rite
394 1613 605 1677 satisfacerent.

230 1729 299 1786 222.
342 1722 535 1786 Nihilominus
561 1742 597 1786 ea
624 1722 822 1806 providenda,
851 1742 909 1806 qua
936 1742 1008 1788 arao
1029 1743 1148 1807 semper
1167 1723 1251 1787 adest
1273 1722 1434 1804 ecclesiae,
1464 1724 1503 1786 ita

118 1832 213 1897 rebus
234 1833 368 1897 omnibus
392 1831 558 1895 moderatus
580 1839 625 1895 est
645 1832 784 1914 Christus,
806 1841 838 1897 ut
860 1836 974 1899 nonnisi
996 1854 1049 1917 per
1062 1835 1178 1899 Petrum
1198 1830 1413 1896 θεοδίδακτον
1433 1850 1503 1914 apo-

118 1942 189 2007 stoli
211 1943 421 2022 edocerentur,
452 1940 569 2023 quando
594 1942 718 2024 primum
741 1962 776 2007 se
801 1943 967 2026 adgentes
989 1944 1173 2025 conferrent,
1204 1942 1359 2025 cilicioque
1380 1943 1505 2006 testandi

121 2070 225 2116 coram
245 2051 380 2116 omnibus
395 2051 642 2115 indiscriminatim
657 2051 771 2134 populis
792 2051 993 2137 iungerentur.
1036 2054 1120 2129 Quod
1142 2052 1254 2117 scilicet
1275 2053 1354 2116 illurn
1376 2054 1504 2116 omnium

118 2158 298 2242 ἡγούμενον
319 2169 464 2243 creasset,
490 2162 568 2244 quod
588 2181 657 2226 suas
678 2162 718 2226 illi
740 2165 821 2227 vices
843 2163 1063 2245 demandasset,
1088 2163 1166 2246 quod
1187 2181 1356 2246 supremum
1375 2166 1504 2226 omnium

121 2272 294 2355 magistrum
322 2272 367 2334 his
393 2270 491 2335 verbis
510 2273 538 2305 ⁸²
572 2273 755 2336 instituisset:
795 2270 939 2354 σεήριξον
965 2268 1038 2349 τούς
1069 2272 1230 2359 ἀδελφούς
1257 2292 1334 2349 σου,
1365 2271 1504 2336 confirma

120 2382 231 2447 fratres
258 2390 333 2445 tuos.
377 2380 460 2445 Unde
480 2380 655 2464 Epiphanius
669 2384 696 2415 ⁸⁸
726 2381 871 2445 universis
900 2382 1016 2463 quidem
1046 2383 1200 2463 apostolis,
1234 2380 1371 2463 μαλιστα
1399 2380 1435 2447 δὲ
1462 2384 1505 2465 τῷ

121 2488 207 2573 ἁγίῳ
225 2488 342 2574 Πειρῳ
372 2492 542 2574 praesertim
571 2510 644 2553 vero
672 2491 759 2555 beato
779 2492 865 2554 Petro
887 2509 1007 2572 operam
1029 2491 1066 2554 de
1089 2491 1268 2555 adducendis
1289 2493 1327 2557 ad
1348 2493 1505 2556 ecclesiam

122 2600 261 2684 gentibus
283 2600 446 2682 impositam
469 2598 558 2662 luisse
591 2599 745 2664 concludit.
789 2601 848 2667 Sed
869 2619 923 2664 cur
943 2601 1028 2664 Petro
1047 2603 1238 2683 praecipue?
1268 2601 1346 2685 quod
1367 2603 1403 2666 ad
1425 2603 1504 2666 illum

1 2715 2 2766 l
121 2712 304 2795 pertinerent
329 2716 390 2771 tuni
416 2711 562 2772 communi
590 2711 725 2790 nomine,
752 2729 811 2793 quo
836 2729 893 2774 una
922 2728 988 2772 cum
1009 2709 1129 2792 reliquis
1151 2729 1189 2772 ex
1218 2712 1307 2790 ipsius
1328 2711 1432 2774 Christi
1453 2729 1505 2775 ore

123 2819 242 2901 audivit,
264 2816 485 2902 μαθητεύσατε
506 2816 607 2884 πάντα
627 2813 667 2883 τοὶ
689 2816 788 2896 illvm.-
809 2838 898 2901 quom
919 2819 1060 2903 singulari
1078 2819 1192 2901 sibique
1209 2822 1337 2902 proprio,
1360 2839 1418 2903 quo
1439 2822 1503 2883 uni·

122 2948 244 2993 versum
266 2930 357 3011 ovile,
380 2929 518 3010 ipsosque
540 2928 688 3012 apostolos
710 2929 740 2991 in
761 2929 879 2993 tutelam
901 2931 1021 3012 recepit.

233 3046 303 3103 223.
346 3038 468 3102 Erectus
490 3016 603 3102 visione
625 3038 740 3118 Petrus,
764 3040 870 3101 nuntiis
891 3047 1056 3118 recreatus,
1085 3057 1120 3123 oc
1141 3056 1217 3100 nova
1240 3036 1362 3100 edoctus
1383 3037 1504 3119 Spiritus

122 3166 216 3229 voce,
246 3167 321 3230 quae
342 3148 387 3211 his
409 3167 476 3211 eum
498 3146 596 3210 verbis
609 3148 636 3180 ⁸⁴
659 3146 876 3228 alloquebatur,
905 3141 987 3211 cilici
1012 3140 1151 3221 α’ναοτοὶς
1173 3144 1348 3230 κατάβηθι,
1375 3146 1428 3210 καὶ
1448 3169 1504 3210 αο-

123 3258 219 3339 proco
240 3253 298 3321 οὐν
318 3256 426 3331 αὐτοῖς
447 3254 546 3338 μηδὲν
567 3252 816 3338 διακρινόμενος·
839 3254 914 3318 διότι
936 3250 999 3338 ἐγώ
1022 3254 1202 3320 αἀέοταλκα
1222 3252 1354 3334 αὐτούς,
1376 3256 1503 3338 agedum

122 3386 163 3430 ne
185 3367 320 3447 moreris,
343 3367 506 3448 descende,
529 3374 559 3430 et
579 3365 721 3429 comitile
744 3367 793 3447 ito,
816 3367 895 3428 omni
916 3365 1109 3430 haesitatione
1123 3368 1151 3401 ⁸⁸
1176 3367 1323 3449 deposita,
1346 3370 1503 3449 egoenim

123 3485 228 3540 auctor
248 3477 288 3541 sui
311 3485 341 3541 ut
362 3478 560 3540 mitterentur:
583 3476 620 3539 ad
634 3475 801 3540 Cornelium
815 3477 843 3529 ‘l
870 3484 900 3539 et
920 3473 1031 3550 octav
1057 3482 1219 3558 συγγενεῖς
1240 3472 1340 3540 αὑτοῦ
1360 3476 1413 3540 καὶ
1429 3474 1503 3552 τούς

126 3583 323 3668 ἀναγκαίους
343 3587 457 3673 φίλους
479 3590 574 3668 venit,
603 3587 805 3670 postulataque
829 3589 858 3621 ⁸⁸
881 3605 984 3650 caussa
1007 3585 1044 3649 ob
1066 3605 1153 3668 quarn
1175 3605 1242 3649 eum
1262 3595 1412 3651 vocasset:
1443 3590 1503 3650 sin·

123 3696 194 3779 gula
215 3696 255 3758 illi
278 3716 317 3760 ex
338 3697 441 3760 ordine
456 3697 608 3761 Cornelius
622 3698 650 3731 ⁸⁸
669 3696 775 3777 retulit,
788 3699 1044 3778 narrationemque
1058 3715 1141 3759 suam
1156 3696 1279 3763 absolvit
1292 3699 1331 3780 ³⁸,
1354 3699 1502 3780 inquiens:

123 3802 200 3870 Νῦν
227 3797 285 3869 οὖν
310 3804 424 3880 πάντες
453 3803 543 3886 ἡμεῖς
565 3804 737 3871 ἐνώπιον·
775 3811 831 3870 τοῦ
859 3807 942 3872 θεοῦ
970 3804 1142 3890 πάρεσμεν,
1174 3803 1308 3871 ἀκοῦσαι
1333 3805 1437 3871 πάντα
1463 3804 1503 3871 td

122 3920 376 3998 αροςτεταγμένα
401 3932 452 3978 σοι
478 3912 541 3978 ὑπὸ
554 3918 582 3949 ”
612 3917 669 3979 τοῦ
696 3914 793 3978 θεοῦ.
821 3935 899 3980 nunc
921 3934 996 3999 ergo
1017 3933 1072 3980 nos
1094 3934 1198 3979 omnes
1220 3918 1373 3998 adsumus,
1404 3920 1502 3999 inspe-

126 4033 223 4089 ctante
244 4024 321 4106 Deo,
344 4031 376 4088 ut
396 4026 494 4088 omnia
515 4025 680 4106 audiamus,
703 4044 778 4107 quae
799 4026 851 4090 tibi
872 4045 889 4089 a
910 4024 975 4089 [leo
988 4028 1016 4060 ⁸⁸
1040 4035 1194 4109 praecepta
1215 4034 1290 4089 sunt.

191 4226 238 4301 ⁸²)
259 4225 319 4283 Lac.
341 4226 422 4283 XXII.
442 4225 490 4283 32.
902 4223 947 4303 ⁷⁰)
967 4229 1029 4285 hot
1048 4228 1081 4284 X.
1102 4228 1149 4285 3³.

190 4331 236 4406 ⁸³)
256 4332 365 4389 llaeres.
386 4332 506 4389 XXVIII.
529 4332 555 4405 ς.
570 4332 614 4389 Ill.
781 4310 784 4315 ¹
903 4334 948 4408 τι)
967 4334 1098 4405 vulgatus
1118 4339 1146 4388 et
1165 4350 1224 4390 cum
1238 4349 1272 4390 eo
1286 4334 1369 4406 Syrus
1382 4333 1504 4405 legerant

189 4436 236 4512 ⁸⁴)
257 4438 318 4494 Act.
339 4439 372 4495 X.
395 4437 443 4495 20.
841 4430 956 4497 ἐνώπιόν
976 4455 1041 4507 ooo,
1068 4456 1162 4496 coram
1181 4447 1215 4496 te.
1256 4439 1314 4496 lion
1341 4438 1436 4497 desum
1454 4426 1502 4497 'co-

189 4542 235 4619 ⁸⁸)
256 4543 333 4611 Quod
353 4543 414 4600 heic
434 4548 491 4619 est,
515 4540 601 4619 μηδὲν
624 4537 792 4623 διακρινόμε-
841 4544 916 4601 dIcee
936 4547 980 4617 qai
1000 4545 1115 4603 habeant
1133 4535 1249 4601 ἐκοόιιιον
1266 4541 1318 4602 τοῦ
1337 4530 1438 4621 soploa.

125 4665 236 4717 ιος,ν.
257 4640 665 4727 29.ι1ἰοθοι,α’κακειρῤήιοις.
903 4649 948 4725 ⁸⁸)
980 4650 1124 4725 vulgatus,
1155 4668 1175 4708 ο
1200 4651 1339 4723 Domino,
1368 4642 1424 4708 ὑπὸ
1453 4646 1504 4709 τοῦ

191 4753 238 4829 ⁸⁸)
258 4754 319 4810 hot.
339 4754 372 4811 X.
393 4754 441 4811 29.
840 4752 943 4832 κυρίου.

193 4859 240 4934 ⁸⁷)
261 4858 328 4917 ibid.
349 4877 376 4919 r.
396 4859 444 4917 24.
903 4860 948 4935 ²⁸)
975 4860 1077 4928 Quibus
1110 4862 1272 4935 mpendem
1294 4862 1392 4920 Christi
1421 4861 1503 4918 rerba

193 4964 239 5040 ⁸⁸)
258 4965 325 5024 ttid.
349 4982 376 5023 r.
396 4964 444 5023 22.
815 4966 931 5022 utrm.
952 4964 1070 5021 xxviii.
1091 4965 1148 5022 2οε
1188 4958 1372 5031 audem
1404 4956 1504 5029 οὖνοῦν

193 5069 240 5145 ⁸⁸)
260 5070 327 5129 ibid.
348 5091 392 5131 ra.
414 5074 553 5132 30-33.
841 5077 932 5147 rqprtr
949 5059 1044 5126 κοίην
1063 5059 1119 5127 ὅσα
1138 5059 1309 5139 ἐνετειλάμην
1327 5059 1399 5142 ipo.

1137 5214 1142 5225 ·
1209 5170 1254 5242 12
1271 5170 1296 5217 ⁴*
