3300 5402
213 314 279 376 bid
735 310 866 376 ursus
908 310 1075 378 PRIMUS

211 482 283 561 tari,
312 499 381 544 nun
406 480 482 544 forte
505 481 619 563 priscos
638 478 795 545 habuerint
807 483 851 516 ¹³⁰
873 488 987 564 penes,
1016 497 1092 564 quos
1112 497 1185 544 suae
1205 478 1368 544 sententiae
1389 477 1482 543 mesa
1502 485 1599 542 aucto

214 608 322 670 resque
344 598 548 672 sequerentur.
591 589 666 662 Ouid
688 591 767 653 enim
788 590 828 653 iili
852 590 890 654 de
911 592 1020 654 unitate
1035 589 1182 653 ecclesiae
1204 591 1382 668 censuerint,
1405 588 1515 670 quidve
1535 607 1599 653 cre·

105 742 109 747 -
213 699 351 780 diderint,
380 699 496 763 abunde
523 699 680 763 ostendunit
700 718 775 782 quae
795 700 958 779 innuimus,
991 716 1126 781 quaeque
1145 697 1284 762 heuneus
1304 697 1540 780 praeclarissime
1556 699 1594 731 '¹¹

211 807 312 889 tradit,
341 809 494 890 inquiens:
539 807 693 889 „Ecclesia
715 810 847 890 mmsis
869 827 924 889 per
942 811 1112 873 urriuersum
1133 808 1236 895 orbem
1263 808 1410 889 dispersa,
1442 806 1599 890 offigenm

212 926 310 981 tamen
331 920 412 1000 quasi
443 917 548 981 eadem
569 918 657 981 domo
679 919 894 997 contineretur,
921 916 993 981 fidei
1015 917 1149 1000 regulam
1170 923 1342 995 conseruat,
1370 934 1497 998 eamque
1517 924 1596 981 tenet

212 1026 334 1108 perinde
363 1044 399 1091 ae
427 1028 453 1090 si
481 1030 576 1091 anima
597 1028 661 1091 eius
684 1032 766 1090 esset
785 1044 843 1089 una
871 1032 901 1089 et
921 1043 974 1089 cor
994 1025 1086 1106 idern,
1117 1026 1206 1089 immo
1228 1032 1259 1089 et
1280 1024 1368 1090 docet
1388 1042 1506 1090 summo
1527 1044 1597 1090 con·

213 1153 319 1215 sensu,
353 1137 436 1219 quasi
460 1154 520 1199 uno
548 1155 601 1200 ore
629 1137 808 1218 loqueretur.
850 1132 963 1217 Nempe
990 1136 1045 1198 etsi
1077 1134 1196 1218 linguae
1226 1135 1365 1198 mundum
1391 1136 1600 1217 occupaverint

214 1243 363 1324 diversae,
392 1245 555 1310 traditionis
575 1254 673 1309 tamen
695 1246 740 1307 vis
760 1262 819 1307 una
842 1250 889 1306 est
908 1251 996 1325 atque
1018 1243 1139 1325 eadem,
1166 1262 1224 1308 nec
1245 1244 1419 1308 Germaniae
1441 1245 1597 1325 eeclesiae,

213 1371 270 1417 nec
290 1353 459 1436 Hispaniae,
488 1355 671 1437 Galliaeque,
699 1353 841 1433 Orientis,
869 1352 1013 1435 Aegypti,
1033 1350 1220 1435 lybiaeque,
1248 1362 1279 1418 et
1301 1354 1389 1417 medii
1411 1354 1492 1419 orbis
1512 1354 1598 1418 aliam

214 1462 300 1527 fidem
321 1463 543 1545 amplectuntur.
586 1463 645 1528 Sed
672 1472 703 1527 ut
730 1481 804 1526 unus
837 1469 884 1527 est
911 1463 1048 1544 idemque
1070 1464 1211 1526 universo
1236 1472 1378 1533 terrarum
1400 1463 1473 1527 orbe
1497 1463 1598 1528 lucens

213 1572 276 1654 sol,
297 1572 340 1635 sie
359 1581 390 1635 et
410 1575 540 1637 veritatis
556 1575 746 1655 praeconium
767 1572 861 1655 fulget
881 1572 1005 1653 ubique,
1029 1587 1192 1653 omnesque
1214 1572 1366 1652 homines,
1390 1575 1439 1655 qui
1461 1574 1526 1636 eius
1548 1591 1598 1636 co-

215 1682 377 1763 gnitionem
399 1691 551 1765 appetant,
573 1682 744 1746 illuminat“

320 1790 395 1864 Ouid
416 1791 505 1872 igitur
524 1808 577 1853 eos
598 1794 758 1874 permovit,
787 1800 819 1854 ut
846 1792 983 1855 unitatem
1012 1791 1193 1874 singularum
1215 1791 1423 1869 eeclesiarum,
1445 1793 1598 1874 episcopo

214 1919 338 1984 rumque
359 1902 568 1964 institutionem
590 1918 657 1962 cum
678 1920 714 1964 ea
736 1901 946 1965 cohaerentem
962 1901 1132 1963 necessaria
1147 1918 1215 1964 csse
1230 1882 1432 1980 defenderent,
1453 1909 1597 1984 negarent

212 2018 314 2074 contra
337 2009 385 2073 vel
405 2012 544 2073 unitatem
565 2010 711 2075 ecclesiae
739 2010 912 2074 universalis
942 2009 1045 2072 haberi
1072 2012 1271 2073 necessariam
1298 2017 1453 2092 oportere,
1480 2008 1531 2073 uel
1554 2010 1597 2073 in·

214 2122 291 2183 stitui
319 2120 457 2184 debuisse
484 2122 652 2203 primatem,
677 2123 759 2184 cuius
789 2122 961 2185 auctoritate
989 2118 1164 2182 universalis
1192 2120 1286 2183 unitas
1313 2115 1503 2182 efficeretur?
1530 2119 1599 2202 quid

213 2247 266 2292 eos
295 2229 421 2311 impulit,
449 2237 481 2292 ut
499 2231 656 2312 pugnantia
682 2229 877 2312 affirmarent,
906 2249 942 2292 ac
964 2228 1055 2292 veluti
1074 2228 1228 2311 palladium
1250 2229 1395 2311 quoddam
1423 2226 1596 2292 tuerentrui

215 2337 359 2402 euidentia
380 2336 609 2420 scripturaruum
638 2338 856 2423 indubitataque
884 2340 971 2403 totius
992 2339 1141 2402 christiani
1164 2339 1290 2401 nominis
1312 2337 1443 2401 doctrina
1466 2336 1597 2420 fidesque

215 2446 309 2509 abiis
340 2448 477 2526 extorsit,
506 2453 537 2522 ut
563 2447 709 2511 ecclesiae
738 2446 852 2512 dotibus
877 2450 1016 2513 unitatem
1044 2454 1306 2527 connumerarent,
1333 2448 1598 2530 episcoporumque

214 2555 422 2617 institutionem
443 2562 542 2637 utpote
558 2555 730 2621 efficiendae
752 2558 1005 2640 continentiaeque
1025 2559 1142 2621 unitatis
1163 2558 1361 2620 necessariam
1376 2556 1492 2620 Christo
1514 2575 1596 2620 asse

213 2670 321 2727 nerent.
364 2662 404 2725 At
423 2664 512 2727 linum
533 2664 711 2730 defendendi
731 2666 896 2731 schismatis
917 2668 1107 2749 propositum,
1132 2666 1345 2748 consiliumque
1366 2656 1521 2729 reiicieudi
1540 2668 1599 2749 pri·

214 2780 306 2836 matus
328 2782 496 2856 susceptum
518 2776 640 2839 eosdem
663 2775 783 2858 impulit,
805 2784 836 2838 ut
855 2776 993 2839 indictam
1014 2775 1159 2839 aChrislo
1181 2776 1400 2859 ordinatamque
1421 2775 1599 2839 universalis

213 2882 359 2946 ecclesiae
385 2885 523 2948 unitatem
549 2885 754 2949 inficiarentur.
797 2885 909 2959 Quibus
939 2886 1088 2950 affirmatis
1117 2886 1290 2968 regalisque
1319 2884 1464 2949 eiusmodi
1492 2884 1599 2967 prodiit

213 2991 363 3055 doetrinae
390 3001 551 3057 monstrum
568 2996 623 3074 ¹³²,
650 3012 708 3076 quo
737 2994 847 3058 nullum
868 2998 996 3078 turpius,
1026 2995 1136 3058 nullum
1158 2994 1195 3058 ab
1216 3001 1341 3076 utroque
1363 2995 1473 3057 lumine
1494 3012 1597 3076 super·

214 3101 336 3165 naturali
363 3110 393 3164 et
418 3103 556 3183 naturali,
585 3103 775 3167 revelationis
803 3111 834 3167 et
854 3104 974 3167 rationis
1002 3105 1097 3186 magis
1118 3103 1294 3183 abhorrens,
1326 3103 1463 3185 quodque
1484 3102 1598 3166 facilius

212 3210 392 3294 profligetur.
1645 3238 1648 3297 4

278 3438 338 3515 ¹⁸⁰)
364 3439 521 3510 bonusne
545 3440 654 3497 omno
674 3440 762 3497 noes
782 3440 877 3513 dehet,
927 3442 1115 3500 mmmm.
1159 3441 1245 3512 mam
1264 3442 1386 3501 muna
1411 3440 1461 3515 (oe
1481 3441 1599 3514 mina)
1647 3412 1648 3495 l

214 3547 335 3619 potuisse
364 3546 529 3604 Dodwellunr
564 3547 727 3603 testimoniis
758 3547 832 3603 abuti
863 3563 879 3603 e
927 3550 1016 3623 arogis
1036 3566 1072 3605 ac
1091 3551 1181 3624 noph
1201 3566 1277 3605 sanc
1294 3549 1372 3607 nous
1388 3548 1507 3621 placem
1526 3563 1599 3604 coa·

215 3652 337 3725 Cypriani
361 3652 452 3708 libabo
472 3653 509 3708 de
527 3654 635 3708 unitate
659 3652 821 3725 desumptis,
849 3658 880 3708 ut
925 3656 999 3730 pido,
1026 3656 1138 3730 quando
1163 3673 1225 3715 saar
1249 3658 1307 3712 inan
1326 3658 1369 3712 aa'e
1388 3655 1495 3729 buitim
1519 3660 1553 3710 rat
1573 3660 1599 3710 at

215 3758 286 3815 beati
307 3759 429 3829 martyris
450 3756 579 3828 suffragio
599 3758 725 3814 meatem
739 3757 879 3814 dunmxat
924 3761 1047 3835 probetis
1071 3770 1097 3819 et
1124 3763 1238 3819 metis:
1272 3762 1407 3836 mquidem
1440 3760 1515 3834 qaod
1547 3775 1600 3816 naa

213 3863 386 3935 singularium
415 3863 585 3918 eodesirrom
612 3865 790 3919 necessariam
818 3880 879 3920 esse
927 3867 1017 3925 amhn
1043 3869 1270 3941 empsim,
1294 3883 1344 3925 ooa
1362 3866 1449 3937 fontia
1467 3866 1600 3939 iarplelir,

214 3968 377 4025 defenderet
417 3967 488 4024 Nihil
514 3968 583 4024 eninr
610 3969 774 4042 exploratius
801 3985 879 4042 φιιω
929 3974 1040 4048 quondo
1062 3975 1101 4031 cd
1127 3974 1273 4031 eeclua'oan
1300 3975 1429 4030 emeda
1455 3988 1491 4029 ne
1515 3973 1600 4046 paen

215 4074 241 4128 in
269 4073 296 4130 id
317 4073 474 4146 Cypriorum
502 4071 669 4147 incumbere,
698 4081 727 4131 ut
751 4075 879 4132 unitatem
928 4081 1036 4136 anime
1056 4082 1192 4137 emate

215 4195 274 4234 cnm
295 4195 327 4235 ea
348 4180 461 4236 eeclesia
488 4180 667 4236 necessariam
694 4180 879 4254 depraedicet,

216 4284 881 4359 mmmmmmkmmmm

213 4391 412 4462 [madium
446 4391 621 4462 semdae,
661 4408 733 4466 quae
764 4392 879 4449 Domni
993 4392 1053 4465 ¹³²)
1074 4393 1132 4449 lloc
1152 4400 1297 4450 momtrnnr
1319 4395 1402 4465 vidit,
1428 4394 1598 4466 exagitavit·

216 4499 278 4556 lace
293 4499 413 4572 perfuso
429 4515 483 4571 per
502 4498 595 4556 orient
607 4504 691 4555 mnne
703 4498 801 4555 rudior
814 4514 879 4555 nor
927 4515 978 4572 que
998 4498 1201 4571 Cartnarightus
1222 4500 1249 4555 in
1269 4500 1428 4557 defensione
1447 4499 1598 4573 Wirginti,

212 4607 347 4680 porrigit,
375 4620 493 4678 quaeque
514 4605 666 4661 uuiversum
686 4604 877 4676 episcopatum,
927 4605 1064 4678 inquiens:
1084 4604 1117 4661 st
1135 4607 1324 4663 memoriane
1342 4614 1383 4665 eat
1402 4607 1442 4662 ud
1460 4608 1600 4663 urim

217 4712 389 4784 eumdemque
414 4728 499 4768 naemu
524 4709 715 4784 complectitur.
756 4708 830 4765 Unde
851 4710 878 4766 in
926 4710 1090 4771 inscelerio
1106 4711 1237 4768 neam
1255 4729 1340 4769 aaran
1354 4712 1600 4787 mitonem·

216 4818 295 4891 epist.
309 4816 349 4873 Ll.
372 4817 406 4874 al.
420 4816 485 4873 liv.
507 4818 541 4874 ad
561 4829 687 4873 ronanus
708 4816 878 4873 confusores
927 4816 995 4872 aliia
1010 4833 1159 4889 praem&
1180 4835 1232 4874 car
1250 4835 1309 4877 noa
1324 4821 1393 4893 pari
1411 4820 1527 4877 ratim
1547 4819 1600 4876 toti

216 4924 279 4981 duta
299 4923 416 4981 inibit:
447 4920 726 4981 Sadctcntltolicoc
745 4922 882 4981 corkaiae
930 4920 1068 4997 missine,
1098 4923 1154 4980 Dei
1190 4940 1262 4981 uras
1292 4927 1419 4999 praeerit
1451 4924 1601 4999 Μῶφι·-

217 5032 358 5101 emma,
379 5030 619 5107 pammenius,
640 5029 882 5106 mmmm
931 5025 1056 5102 napea
1643 5088 1644 5123 ,

1641 5266 1643 5375 l

995 4236 1054 4311 ¹³¹)
1076 4234 1145 4311 hdr.
1167 4237 1277 4293 llaeres.
1298 4236 1345 4292 lib.
1359 4236 1379 4293 l.
1402 4252 1460 4309 eil·
1476 4234 1523 4291 ffl·
1645 4266 1646 4307 l
