3374 5388
669 263 818 333 CAPUT
857 264 916 331 lx.
1420 268 1482 331 Μ

91 435 175 521 αὐτῇ
193 433 425 518 (Ἀλεξάνδρα)
446 438 493 512 aia
512 428 569 512 adr
586 431 734 513 λξονσλαν
753 434 931 522 φαρισαῖσι,
952 430 1117 517 σύνταγμά
1138 452 1167 497 τι
1181 431 1343 511 λσιιδαλαν,
1366 431 1485 498 δοκοῦν

90 544 312 629 εὐσεβέστερον
337 542 420 611 εἶναι
445 548 510 610 τών
539 540 659 626 ἄλλων,
690 546 744 609 καῖ
771 544 847 618 sada
874 546 991 627 νόμους
1021 541 1244 627 ιλιιριβῖστιρον
1272 540 1483 631 ἀφηγεῖσθαι

93 653 234 731 Τούτοις
264 652 413 739 περισσὸν
438 653 479 733 δή
504 676 535 719 τι
561 655 731 739 προςεῖχεν
757 651 1006 737 ἠἉλιξάνδριι,
1042 650 1194 737 σεβομένη
1218 652 1290 736 ιιιρλ
1316 650 1353 716 τὸ
1379 652 1484 718 θεῖον.

93 764 130 830 Ol
153 763 189 829 al
209 759 266 842 τήν
287 763 446 843 ἁπλότητα
466 767 518 842 τῆς
539 761 723 847 ἀνθρώπου
743 758 824 830 κατὰ
845 763 963 848 μικρὸν
981 760 1136 845 ὑπιόντες,
1175 755 1235 840 ἤδη
1255 762 1310 827 καλ
1331 761 1485 841 διοικηταὶ

94 877 160 940 τών
181 874 265 941 ὅλοιν
285 860 442 957 ἐγίνοντο,
470 875 594 942 διώκειν
613 897 647 940 τι
672 876 725 940 aei
746 871 897 957 κατάγειν
916 868 973 950 aila
993 872 1153 949 iddimea,
1175 871 1261 937 λύειν
1280 894 1313 936 τι
1334 873 1389 938 καλ
1407 870 1484 937 δεῖν.

97 985 284 1050 Alexandrou
300 994 398 1050 autem
415 1004 486 1051 sese
506 987 536 1049 in
555 991 720 1065 potestatis
740 990 917 1049 sacietatem
937 982 1099 1067 adiungunt
1118 982 1272 1065 pharisaei,
1293 990 1489 1065 sectaquae·

99 1094 167 1159 dam
188 1096 398 1161 iudaeorum⁸¹
423 1096 473 1178 qui
492 1103 611 1178 praeter
630 1095 705 1159 alios
725 1096 864 1177 pietatem
887 1093 990 1159 calere
1008 1099 1187 1175 putarentsn,
1208 1108 1245 1156 ac
1263 1091 1349 1175 leges
1365 1093 1488 1174 peritim

99 1202 292 1287 interpretari.
329 1205 374 1270 Ob
396 1225 462 1269 eam
484 1223 621 1269 massam
642 1222 681 1269 eo
702 1206 800 1289 magia
822 1207 866 1269 eb
887 1203 1069 1269 auscultabat
1089 1202 1395 1291 Alexandra,rutpatc
1415 1216 1489 1286 erga

96 1313 191 1379 Deum
211 1314 362 1397 religiosa.
405 1314 449 1378 lili
477 1325 574 1379 autem
602 1317 632 1378 in
653 1313 781 1379 leminea
802 1314 941 1397 simplicis
962 1313 1206 1379 consuetudinem
1229 1312 1368 1395 psulatbu
1389 1332 1423 1378 se
1444 1314 1489 1376 ia·

95 1426 262 1504 sinuautes,
284 1431 463 1488 statuaras
484 1444 587 1488 amaea
607 1422 782 1510 pubemant
802 1433 833 1489 et
853 1425 1067 1501 σιολααιιλντ,
1096 1430 1141 1486 its
1162 1430 1197 1486 at
1218 1428 1342 1504 quassis
1360 1443 1419 1504 pra
1438 1444 1490 1487 aa·

96 1533 217 1598 lentate
238 1540 271 1596 in
292 1532 438 1597 ιαιιλῖιιιιι
451 1532 578 1614 pellant,
601 1532 641 1599 αδ
655 1542 916 1616 eaquereaaceat,
937 1532 1060 1599 soleant
1078 1531 1267 1617 iqmsqaer
1301 1531 1401 1615 ltaque
1424 1531 1490 1598 διῖν

99 1644 152 1707 καὶ
173 1640 261 1707 λύειν
281 1643 360 1707 idem
373 1643 505 1727 Josepbo
527 1644 605 1708 valet
625 1663 661 1709 aa
681 1647 712 1709 in
734 1648 915 1710 consortium
934 1646 989 1723 τῆς
1013 1640 1157 1722 λξονσῖας
1179 1643 1297 1722 venire,
1326 1637 1489 1720 deauranda

96 1755 159 1818 τοῖν
181 1752 267 1818 ὅλων
286 1770 386 1818 rerum
407 1756 538 1819 omnium
559 1755 809 1822 administratores
830 1755 1094 1837 moderatoresque
1122 1753 1201 1831 beri,
1233 1770 1289 1834 pro
1315 1759 1388 1816 ιιιιιιι
1414 1752 1489 1817 allas

98 1861 217 1945 quidem
240 1882 256 1925 e
278 1863 391 1927 civibus
413 1862 539 1928 διώκειν
559 1867 665 1931 exsilio
686 1867 836 1949 plectere,
875 1865 950 1930 allos
976 1880 1050 1928 vero
1077 1859 1225 1945 κατάγειν
1252 1861 1291 1925 ab
1317 1861 1422 1926 amilio
1443 1881 1490 1925 re·

99 1990 227 2051 vocare,
249 1991 405 2055 poenaque
425 1974 554 2056 solvere,
576 1993 612 2039 aa
633 1977 663 2039 in
682 1994 805 2057 mmma,
828 1970 964 2038 omnibus
985 1975 1074 2057 requi
1094 1973 1292 2052 ornamentis,
1314 1972 1490 2036 commodis

99 2103 156 2166 que
177 2086 273 2167 patiri.
319 2084 422 2150 Subdlt
442 2086 536 2149 euim:
562 2083 748 2168 „Kerdoion
768 2083 800 2148 δ’
819 2085 852 2150 ai
871 2080 1139 2168 praenotatione
1161 2084 1212 2160 τῆς
1230 2081 1392 2167 βασιλείας
1414 2082 1491 2148 dasi-

101 2216 167 2258 νων
186 2186 276 2272 ἦσαν,
299 2187 338 2258 rai
358 2192 394 2258 dl
415 2190 610 2277 ἀναλώματα
630 2196 683 2260 και
705 2195 739 2259 αῖ
761 2193 938 2276 (lacrimaee
957 2190 1243 2276 deaurataeque.
1276 2193 1309 2257 ln
1322 2194 1491 2259 universam

98 2303 141 2367 illi
162 2303 281 2386 quidem
302 2312 390 2388 repat
409 2306 573 2370 commodis
594 2305 772 2386 fruebantur,
795 2321 941 2387 expensas
963 2319 1036 2367 vero
1058 2302 1302 2386 diffieuoosqua
1321 2302 1492 2368 Menandre
1545 2361 1552 2371 .

101 2412 301 2495 perferebat.“
345 2414 515 2479 &iunctum
536 2417 626 2500 igitur
645 2434 663 2478 a
684 2431 758 2479 vero
779 2432 868 2497 quarn
889 2415 1017 2478 mamma
1038 2420 1097 2490 est,
1133 2412 1258 2478 lormula
1279 2412 1346 2477 δεῖν
1366 2414 1421 2479 καὶ
1441 2413 1494 2477 λύ-

101 2541 166 2598 ειν,
201 2542 245 2585 en
265 2544 326 2585 asa
346 2522 501 2605 loquendi,
535 2526 652 2590 nonnul
673 2532 784 2588 ceriam
804 2522 1012 2607 delinitamqne
1034 2523 1228 2588 interdicendi
1247 2524 1493 2606 permittendique

105 2633 304 2696 audomiatem
326 2633 494 2715 significari.

214 2747 282 2805 123.
325 2741 419 2817 Quam
441 2744 609 2809 adstrictam
624 2746 935 2827 eummmriptamque
948 2743 1193 2828 siqnldaationem
1210 2761 1250 2806 ne
1270 2744 1301 2807 in
1319 2741 1495 2807 raisebaicis

102 2850 231 2932 quidem,
254 2850 439 2930 telmadiaia,
468 2852 695 2936 rabbinicisqne
715 2861 909 2919 mantuanus
930 2862 1099 2919 constanter
1118 2853 1218 2918 refert.
1260 2853 1395 2916 lnsolens
1415 2853 1494 2915 enim

103 2960 183 3023 baud
204 2969 265 3042 est,
301 2970 333 3025 ut
352 2965 383 3024 iu
404 2962 449 3025 bis
472 2982 589 3047 quoque
609 2983 731 3029 sensum
751 2964 853 3029 laudat
871 2964 1059 3048 eupliam,
1096 2965 1206 3047 quique
1227 2961 1266 3026 ad
1285 2962 1392 3027 nudam
1413 2962 1495 3025 vetiti

104 3072 302 3152 permissione
335 3072 563 3138 declarationem
595 3077 730 3139 coerceri
758 3083 895 3159 nequeat
950 3072 1170 3138 Demonstravit
1198 3072 1257 3136 boa
1279 3090 1351 3154 prae
1385 3073 1494 3136 calama

101 3179 255 3243 lebannes
276 3180 423 3262 llorlnus,
451 3185 534 3247 cuius
555 3200 617 3266 ego
636 3187 811 3249 annuntium
830 3185 931 3270 pauah
953 3183 1111 3248 arbibebo.
1155 3182 1380 3262 Quaestionem,
1407 3200 1495 3265 qnam

103 3288 319 3370 explanandam
341 3292 526 3375 adgreditur,
556 3293 602 3357 bis
623 3294 762 3359 serbis”
786 3296 930 3378 concipite
951 3294 1026 3375 quid
1043 3291 1221 3379 stpnifieent
1240 3293 1325 3374 apsad
1344 3299 1494 3373 antiquie

101 3405 200 3461 simos
221 3408 466 3482 recentioresque
487 3400 648 3483 rabinos,
683 3409 799 3482 mmm
821 3410 934 3487 Ἶιῠκ,
970 3408 1071 3480 wli
1093 3409 1175 3479 70&
1194 3401 1295 3488 lipare
1314 3411 1344 3466 et
1364 3402 1498 3481 salome,

100 3505 234 3592 Ιιαιιιιιοι
252 3517 281 3572 et
301 3509 445 3588 salutem,
466 3513 571 3576 maliis
592 3513 741 3595 coemptis
763 3516 1002 3579 dementantur.
1026 3512 1100 3576 Tum
1122 3514 1236 3596 pergit:
1260 3513 1393 3594 „Forsan
1407 3514 1494 3577 alicui

102 3619 288 3701 proderunt.
305 3664 314 3681 .
330 3668 337 3683 .
354 3668 378 3702 .,
401 3639 478 3702 quae
498 3621 567 3687 beia
587 3625 767 3690 intertexere
795 3626 881 3690 nobis
908 3625 1099 3709 proponimus
1126 3622 1163 3686 de
1187 3622 1402 3705 significatione
1429 3641 1496 3686 ver·

104 3728 212 3791 borum
240 3728 358 3814 iiqandi
384 3738 415 3792 et
440 3730 577 3798 soluendi
606 3735 683 3817 apud
709 3738 843 3818 antiquos
870 3736 1114 3816 recentioresque
1145 3732 1267 3796 iudaeos
1300 3733 1495 3796 mausona.

103 3837 309 3920 Antiquissimi
329 3842 408 3903 euim
425 3841 541 3906 illorum
559 3844 683 3923 rabbini,
704 3846 790 3923 llilel,
813 3846 945 3927 sameas,
965 3843 1116 3924 Gamaliel,
1138 3842 1265 3922 Elleuer,
1287 3840 1392 3923 utiba,
1413 3842 1496 3923 Joae,

103 3947 216 4029 allique
237 3952 287 4031 qui
308 3958 375 4013 ante
396 3952 556 4036 Christum,
595 3956 713 4019 vivente
737 3956 867 4038 Christo,
900 3964 988 4038 atque
1010 3971 1049 4018 eo
1066 3954 1096 4016 in
1117 3952 1218 4017 caelos
1238 3956 1361 4033 recepto
1382 3950 1498 4033 praedi·

103 4056 240 4121 cantibus
260 4060 400 4141 apostolis
422 4062 590 4140 deruerunt,
612 4082 775 4146 eorumque
796 4066 966 4131 traditiones
988 4070 1226 4146 composuerunt,
1249 4071 1280 4126 et
1298 4063 1379 4126 velut
1401 4060 1497 4125 aliea

102 4164 182 4229 blasi
204 4169 233 4230 in
255 4176 354 4232 monte
376 4169 454 4234 Sinai
476 4174 595 4237 traditas
615 4174 723 4256 populo
746 4176 944 4258 venditarunt,
977 4193 1043 4240 cum
1061 4174 1285 4254 praecipiendi,
1309 4170 1497 4253 probibendi,

99 4276 308 4358 pernatiiendi,
331 4276 414 4363 λιμοι
437 4283 585 4346 condendi
604 4291 736 4347 aeteae
757 4286 946 4366 moderandi,
970 4286 1159 4367 ῖιιιιιιιιιιιιιιλῖ,
1182 4282 1355 4368 obrependi
1367 4291 1499 4348 auctori

104 4393 202 4452 tatem
224 4388 391 4470 significare
415 4388 584 4471 voluerunt,
612 4392 713 4478 lipare
735 4400 764 4459 et
784 4396 905 4460 salama
925 4397 990 4461 lere
1010 4412 1130 4479 semper
1150 4396 1302 4477 dixenmt,
1330 4396 1376 4459 ita·
1391 4402 1424 4458 ut
1444 4397 1498 4458 ista

105 4494 342 4580 significatione,
378 4514 445 4563 coru
467 4502 504 4565 de
524 4502 571 4566 bis
592 4504 682 4567 rebus
702 4507 836 4588 quaestio
858 4513 918 4587 est,
956 4506 1027 4570 nibil
1057 4507 1095 4569 sit
1123 4505 1198 4588 apud
1230 4520 1284 4569 eos
1305 4504 1498 4588 frequentius.

104 4604 193 4670 Hunc
221 4604 361 4690 loquendi
389 4626 502 4674 morem
530 4628 590 4676 non
618 4614 715 4678 minus
743 4612 914 4699 trementer
945 4634 1048 4681 eorum
1079 4615 1215 4697 discipuli
1242 4617 1271 4678 iu
1300 4615 1378 4681 bunc
1404 4632 1499 4698 usque

173 4790 218 4865 ⁸²)
244 4790 347 4848 Eodem
375 4792 528 4851 charactere
553 4795 712 4870 pharisaeos
739 4797 781 4853 di·
894 4792 940 4874 ⁸¹)
958 4794 999 4857 De
1020 4792 1196 4855 administrat
1216 4796 1381 4855 sacramenti
1395 4792 1497 4854 Poeait.

107 4894 223 4967 ιιῖιιςιιῖι
243 4897 386 4970 amiqua
408 4898 455 4955 lib.
470 4898 555 4959 xvtl.
576 4914 634 4976 asp
651 4902 683 4960 ll
703 4920 730 4960 a.
746 4905 779 4979 6,
830 4903 877 4961 lib.
892 4902 913 4960 1.
935 4900 1077 4978 camvill.

110 5009 140 5059 et
159 5002 187 5059 iu
208 5003 270 5061 vna
291 5020 354 5077 sss,
375 5022 402 5061 s.
417 5006 467 5063 38.

1200 5114 1288 5192 32*
