3374 5388
202 296 264 366 Idi
679 297 810 367 LIBER
861 300 1096 370 SECUNDUS

209 471 295 553 „Ego
316 488 388 534 vero
410 471 539 534 vicissim
562 466 679 553 (κάγώ,
700 480 732 535 ut
752 473 788 535 X
812 473 874 553 22.)
896 471 948 535 tihi
969 472 1074 554 dcam,
1096 471 1162 553 quis
1183 479 1215 534 tu
1235 471 1287 551 sIs,
1310 479 1341 534 et
1360 469 1465 553 quida
1484 477 1517 534 te
1541 489 1605 534 ex·

206 579 396 662 spectandum
411 581 457 642 sit.
501 577 558 643 Σο
573 575 603 643 cI
616 579 751 662 Πέτρος,
773 589 808 644 fas
822 602 894 645 sere
907 588 1076 645 nasamonas
1093 578 1217 657 Petrus,
1241 580 1326 659 idest
1349 597 1451 661 rupes,
1473 596 1602 659 samm,

202 706 312 753 nomen
333 696 364 753 et
382 707 472 752 omen
491 688 594 753 habes.
637 690 686 755 Sic
712 691 784 754 Gen.
806 690 906 754 XLIX
929 697 959 753 8.
981 696 1069 797 suffit
1096 699 1172 795 ³3³¹
1196 737 1225 804 τ,
1254 697 1289 751 to
1315 695 1398 751 reete
1418 694 1603 751 nominaris

204 840 305 924 Jndn,
320 859 389 906 unm
400 843 506 952 τᾞἹῬ,
529 842 607 924 quod
632 843 774 924 sequitur,
790 842 889 906 alludit
903 842 941 906 ad
955 861 1065 906 nomen
1079 849 1210 957 nm,
1234 842 1300 906 add.
1317 841 1391 905 Gen.
1406 839 1525 904 XXVII.
1543 847 1599 903 36.

202 995 319 1059 Nomen
339 994 482 1077 Πέτρος,
511 997 574 1059 sire
594 997 690 1077 potius
711 1000 823 1104 Πτθξῇ,
849 996 908 1059 hoc
930 1004 989 1075 est,
1019 1000 1150 1077 πέτρος,
1171 1012 1276 1078 rupes,
1297 994 1386 1059 teste
1408 995 1601 1076 imposueras

202 1148 305 1230 Petro,
327 1167 398 1213 usus
419 1156 515 1212 autem
537 1156 583 1213 est
603 1149 691 1213 Iesus
705 1148 943 1231 syro-chaldaice
957 1148 1082 1231 laquem
1097 1148 1245 1211 vocabulo
1258 1151 1362 1256 ngtgt,
1385 1145 1600 1211 etIfatthaeus

202 1300 307 1364 eadem
329 1301 453 1365 dialecto
476 1302 609 1365 scribens
632 1300 701 1365 iliud
730 1304 823 1384 ipsum
845 1321 964 1384 quoque
987 1301 1162 1365 vocabulum
1192 1300 1328 1364 adhibuit.
1372 1300 1431 1365 Sed
1452 1298 1601 1363 Matthaei

201 1429 328 1493 graecus
349 1413 495 1493 interpres
524 1413 618 1494 primo
647 1412 713 1475 loco
742 1413 858 1495 scripsit
886 1418 1012 1494 πέτρος,
1042 1419 1071 1476 et
1092 1410 1185 1476 altero
1206 1416 1319 1492 πέτρα,
1347 1411 1415 1493 quia
1440 1411 1596 1491 proprium

202 1520 325 1603 apostoli
346 1538 456 1584 nomen
477 1538 618 1603 graccum
639 1538 698 1583 non
721 1529 784 1586 erat
803 1525 901 1602 πέτρα
931 1522 985 1584 sed
1006 1525 1127 1602 πέτρος.
1169 1520 1286 1583 Nullum
1311 1526 1409 1584 autem
1431 1518 1597 1582 discrimen
1659 1526 1660 1549 ¹

200 1630 247 1694 his
268 1630 419 1694 vocahuIIs
442 1631 532 1712 Inest,
553 1631 612 1693 imo
634 1632 736 1713 graeci
757 1632 924 1713 promiscue
947 1632 1045 1695 dicunt
1062 1637 1173 1712 πέτρος
1195 1639 1225 1694 et
1246 1634 1343 1712 πέτρα
1363 1629 1401 1692 ad
1422 1627 1597 1711 significan-

203 1740 270 1804 dum
291 1760 417 1816 amm,
438 1758 554 1819 ropesn.
599 1739 648 1803 sic
669 1744 780 1821 πέτρος
800 1739 909 1822 iegitur
930 1740 1069 1804 Herodot.
1091 1740 1138 1804 IX
1162 1748 1211 1822 55,
1233 1739 1343 1804 Gallim.
1364 1738 1394 1800 h.
1417 1737 1512 1820 Apoll.
1540 1744 1594 1819 22,

202 1849 340 1931 Sophocl.
363 1848 435 1913 0ed.
451 1848 609 1932 faetet.
632 1849 689 1913 vid.
714 1849 844 1913 FIschen’
867 1849 956 1913 iudex
976 1848 1115 1913 Aeschin.
1140 1868 1163 1913 s.
1188 1869 1213 1911 v.
1239 1846 1366 1930 πέτρος,
1388 1855 1418 1911 et
1440 1846 1595 1911 Albertius

203 1959 241 2022 ad
261 1958 290 2021 h.
312 1959 352 2021 I.“
1233 1985 1235 1988 ⁴

309 2068 442 2131 Alterum
466 2087 538 2131 vcro
567 2069 690 2132 incIsum
713 2070 756 2132 sic
780 2068 891 2132 reddit:
921 2064 984 2148 „Et
1007 2088 1101 2149 anper
1120 2065 1179 2131 Isse
1208 2088 1284 2149 rope
1304 2065 1468 2131 eeclesiam
1488 2086 1593 2130 measa

203 2186 374 2253 castratam,
396 2195 472 2258 quae
487 2178 578 2241 verba
593 2178 761 2241 edisserens
776 2178 863 2242 Iesus
877 2176 992 2240 Petrum
1015 2196 1102 2241 manu
1125 2179 1171 2241 nef
1187 2178 1278 2261 digito
1293 2178 1426 2260 tetigisse
1441 2176 1589 2258 putandus

203 2294 257 2349 est.
302 2282 388 2350 Mcfe
409 2288 487 2349 enirn
508 2286 607 2369 piures
621 2289 797 2369 interpretes
818 2306 872 2369 per
891 2284 1008 2368 πέτραν
1028 2288 1235 2351 intellexerunt
1255 2286 1303 2351 vel
1317 2286 1463 2349 Christum
1483 2286 1591 2367 ipmnn,

204 2395 251 2459 sel
273 2394 488 2478 professionem
509 2395 586 2459 Petri
607 2396 693 2477 paulu
714 2405 782 2459 ante
805 2395 921 2459 editam.
964 2395 1068 2478 Neque
1090 2414 1162 2460 vcro
1183 2394 1294 2460 odhns
1316 2403 1471 2458 contortas
1494 2402 1590 2457 enter-

200 2511 390 2584 pretcttones
420 2504 623 2587 confugissent
650 2506 840 2587 interpretes,
875 2507 987 2568 sinon
1013 2503 1164 2587 pontificis·
1180 2509 1223 2541 ¹¹⁵
1256 2524 1274 2569 e
1308 2504 1423 2583 verbis,
1454 2490 1510 2568 καὶ
1539 2504 1592 2567 ἐπὶ

203 2615 298 2699 ταύτῃ
318 2617 354 2698 τῇ
374 2620 479 2697 πέτρᾳ,
502 2614 539 2676 ad
558 2613 674 2677 Petrum
694 2614 804 2694 relatis,
827 2614 903 2677 male
925 2633 960 2678 ac
980 2633 1134 2697 perperam
1155 2616 1304 2679 vindicare
1327 2613 1491 2678 vquIssent
1511 2613 1590 2676 Petri

203 2724 436 2805 successorihus,
461 2725 518 2787 hoc
533 2732 587 2803 est,
607 2722 790 2807 pontificibus
811 2725 939 2787 romanis
961 2726 1162 2788 auctoritatem
1184 2734 1215 2789 et
1229 2726 1464 2808 praerogativam
1486 2724 1591 2805 siugu-
1659 2718 1660 2729 ’

204 2835 296 2900 farem
318 2854 354 2899 ac
376 2835 534 2898 divimm.“

311 2952 361 3009 ef.
405 2945 542 3008 Ceterum
565 2960 624 3025 quo
644 2950 707 3007 erat
726 2950 852 3025 utroque
874 2951 904 3006 et
926 2943 1039 3007 doctior
1061 2951 1091 3007 et
1111 2946 1263 3028 sagacior,
1296 2961 1334 3007 eo
1364 2944 1589 3027 protestantium

203 3052 419 3139 ψευδοδοξίαν
433 3054 522 3117 multo
542 3052 677 3117 refutarit
692 3052 813 3117 validius
827 3053 971 3117 Henricus
988 3056 1031 3088 ¹¹⁸
1054 3052 1214 3135 Michaelis,
1237 3054 1321 3118 cuius
1342 3051 1433 3117 verba
1455 3051 1586 3135 fideque

204 3347 288 3388 nones
313 3346 426 3404 namque
452 3343 544 3386 omues
564 3328 611 3385 111.
632 3330 771 3401 tegitiurae
791 3326 873 3387 inter·
922 3333 1002 3388 ctiam
1030 3331 1172 3405 episcopus
1192 3330 1338 3387 Xiddleton
1365 3328 1448 3401 vidit,
1476 3344 1524 3384 eur
1543 3344 1591 3384 ea·

204 3439 363 3511 pretatiouis
383 3436 519 3508 utriusque
534 3437 748 3492 conIunctionem
763 3437 873 3493 euiden-
922 3439 983 3494 dern
1004 3439 1037 3494 de
1058 3454 1152 3493 caussa
1172 3437 1358 3510 praecedentia
1385 3434 1467 3491 verha
1493 3432 1590 3488 referri

205 3543 309 3599 tissime
336 3542 479 3616 postulant
527 3543 611 3611 Quam
639 3542 709 3598 uitro
730 3541 775 3600 IV.
797 3549 874 3598 retu·
922 3543 956 3599 ad
977 3543 1081 3601 Petram
1100 3557 1182 3617 posse
1202 3548 1340 3613 negarent
1378 3538 1502 3597 Studium
1523 3553 1590 3595 aero

205 3650 305 3704 stiores
318 3655 498 3723 protestantes
512 3650 720 3721 concessissent,
741 3649 793 3704 uisi
808 3648 871 3723 siin,
922 3649 968 3705 VI.
997 3649 1145 3705 servandae
1174 3649 1316 3719 analogiae
1343 3646 1522 3704 Inconsultum
1549 3647 1591 3701 vi·

205 3770 321 3827 suraeque
348 3770 460 3810 caussae
488 3771 502 3809 a
529 3755 674 3827 pontificiis
707 3756 873 3830 tImnisseut3
922 3756 979 3812 deri
1005 3754 1101 3827 debet,
1128 3771 1207 3827 quum
1234 3755 1343 3811 omuino
1369 3754 1447 3810 afiter
1467 3752 1591 3808 Christum

205 3866 233 3916 et
257 3862 309 3917 nisi
336 3861 370 3916 ab
397 3861 521 3932 analogia
549 3861 611 3916 idei
638 3860 751 3917 alienum
779 3862 873 3918 existi·
923 3867 950 3918 et
968 3861 1060 3917 Petrus
1081 3860 1212 3917 ecciesiae
1232 3866 1319 3933 petra,
1339 3860 1589 3931 fundamentumque

206 3974 338 4041 mussent,
376 3984 435 4023 eam
469 3968 560 4023 dotem
595 3966 746 4023 adscribere
778 3968 871 4042 Petro,
923 3966 1052 4024 dicantur.

205 4090 272 4145 quae
297 4072 332 4128 is.
354 4072 472 4131 XXVIII.
498 4070 550 4146 16,
577 4073 598 4128 1.
614 4072 676 4128 Cor.
698 4072 742 4128 III.
766 4071 818 4146 11,
846 4079 874 4130 et
988 4072 1047 4146 ¹¹³)
1074 4071 1132 4139 Qua
1153 4071 1325 4128 confessione
1344 4070 1437 4128 nescio
1458 4070 1524 4142 qnid
1543 4068 1588 4126 de·

205 4180 224 4235 I.
236 4180 306 4235 Petr.
319 4178 352 4234 II.
365 4179 512 4234 6—7-8.
536 4178 642 4235 Christo
657 4177 789 4235 tribuitur.
818 4179 872 4236 Sed
922 4179 1035 4235 siderari
1062 4178 1151 4251 possit
1176 4178 1322 4251 pontificiis
1351 4177 1501 4233 honestius
1547 4175 1588 4232 ux

205 4288 238 4342 V.
260 4301 312 4342 noo
335 4286 423 4357 magis
444 4285 575 4358 pontificii
596 4291 692 4355 urgent
710 4285 806 4357 rerba,
827 4282 874 4340 uni
922 4301 953 4341 ea
981 4286 1051 4341 enim
1079 4284 1214 4358 sequitur,
1242 4285 1409 4357 propositam
1430 4284 1465 4340 ah
1487 4283 1522 4339 Iis
1541 4282 1589 4339 de·

204 4390 251 4448 ini
268 4384 356 4468 ταύτῃ
375 4387 411 4468 τῇ
431 4390 519 4468 πέτρᾳ
544 4380 719 4465 οἰκοδομήσω
743 4408 799 4465 μου
823 4383 873 4464 mis
922 4392 1074 4464 tensamque
1089 4391 1336 4463 interpretationem
1348 4392 1417 4448 adeo
1431 4391 1516 4446 fuisse
1529 4404 1588 4463 par·

204 4496 358 4571 ἐκκλησίαν,
379 4515 458 4571 quam
480 4497 655 4570 insequentia,
676 4493 722 4553 nni
735 4491 819 4554 δώσω
828 4495 872 4554 σοὶ
921 4498 1051 4571 spicuam,
1072 4503 1101 4553 nt
1114 4497 1278 4569 dogmaticis
1298 4496 1405 4569 quidam
1426 4497 1587 4554 annesae

203 4596 255 4669 τοὶς
283 4602 371 4671 stan:
405 4622 490 4677 neque
520 4604 572 4660 iilis
604 4604 690 4675 magis
720 4619 799 4675 qnam
829 4604 872 4659 his
921 4604 1076 4678 obscurari,
1105 4604 1284 4677 impetivere
1305 4604 1471 4677 ammanus
1499 4618 1586 4676 graas-

204 4712 273 4767 Petri
301 4714 505 4785 praerogativas
532 4716 645 4767 tuentur.
693 4709 873 4777 Quemadmo·
922 4713 1042 4788 nauticis,
1062 4711 1237 4785 philologiam
1258 4718 1287 4768 et
1305 4711 1511 4768 terneneuttns
1531 4707 1586 4765 naf-

204 4819 266 4875 dum
288 4819 369 4890 igitur
389 4817 595 4893 protestantium
608 4831 687 4873 nemo
702 4814 756 4872 sibi
771 4815 872 4874 ichroo
920 4819 1023 4876 tatanus
1043 4819 1170 4893 potuerit

203 4927 360 4999 proposuit,
390 4933 419 4981 nt
443 4923 543 4998 verba,
570 4922 618 4978 καὶ
642 4912 724 4977 roae
750 4919 795 4978 cot
820 4913 872 4987 soie
986 4924 1047 4999 ¹¹⁶)
1068 4923 1213 4981 Inuoduct.
1234 4922 1261 4977 iu
1282 4921 1367 4979 fibros
1387 4922 1418 4979 u.
1440 4921 1471 4978 f.
1492 4921 1547 4977 Par.
1562 4917 1582 4974 Ι.

203 5028 282 5097 κλεῖς,
303 5030 412 5086 afetro
427 5036 576 5103 avenerct3
597 5029 633 5085 ita
646 5043 699 5085 non
714 5026 776 5101 fuit,
797 5027 872 5101 qnod
921 5028 948 5100 ς.
962 5029 1032 5087 xlv.
1054 5028 1197 5100 Gottingae
1216 5027 1300 5085 1788.
