3300 5402
215 310 276 373 tls
695 306 824 373 munit
864 306 1097 375 SECUNDUS

214 478 356 543 haeresis.
400 478 471 554 (luis
491 486 587 542 autem
609 485 689 560 putet
709 477 746 542 de
768 478 897 543 doctrina
920 479 1041 560 Christi,
1071 476 1169 559 deque
1189 479 1355 560 apostolicis
1381 482 1516 544 institutis
1535 499 1579 545 au·
1620 464 1621 523 l

215 589 337 652 diendos
358 606 427 652 esse
448 589 629 667 haereticos,
659 589 760 651 hostes
781 589 915 651 nimirum
937 588 1040 652 clmsti
1063 595 1093 651 et
1113 587 1330 670 apostotorunt
1372 591 1451 655 Scite
1466 594 1493 625 ⁴²
1516 590 1579 653 Ter·

214 697 365 763 tullianus:
408 699 519 778 „Nobis
541 701 596 761 etsi
617 698 816 780 quaerendum
832 701 858 731 ⁴³
882 706 963 760 esset
982 696 1077 760 adbuc
1097 705 1127 760 et
1146 717 1279 780 semper,
1299 699 1349 761 ubi
1370 706 1469 762 nmen
1490 702 1580 781 umeri

215 805 349 888 oporteti
371 809 455 887 apud
472 806 667 871 haereticos?
687 808 737 870 ubi
754 809 850 871 omniu
872 815 1010 871 extranea
1032 815 1062 870 et
1077 807 1243 871 adversaria
1264 816 1381 873 nostrae
1403 811 1530 891 veritati3
1548 809 1579 871 ad

215 934 290 998 quos
312 924 443 979 vetamur
456 921 483 951 ⁴⁴
508 916 663 980 accedere.
708 918 778 992 Quis
808 936 913 981 servus
933 916 1043 980 cibaria
1064 916 1102 979 ab
1123 925 1279 997 exuaneo,
1304 937 1342 980 ne
1363 918 1458 981 dicam
1478 919 1516 981 ab
1535 920 1580 981 ini-

215 1027 292 1088 mica
314 1024 423 1089 domini
441 1028 486 1088 sui
508 1023 627 1109 sperati
649 1028 714 1108 quis
735 1027 819 1089 miles
840 1027 876 1089 ab
899 1025 1102 1107 infoederatis,
1125 1044 1162 1088 ne
1184 1026 1278 1090 dicam
1299 1027 1336 1090 ab
1357 1028 1490 1091 hostibus
1511 1028 1579 1109 regi·

213 1134 277 1214 bus,
304 1136 468 1199 donativum
490 1143 520 1198 et
540 1135 713 1218 stipendium
735 1133 851 1218 captati
873 1136 928 1199 nisi
941 1134 1027 1216 plane
1041 1134 1176 1197 desertor
1196 1143 1225 1197 et
1239 1138 1388 1219 transfuga
1410 1145 1441 1201 et
1460 1136 1578 1200 rebella.

214 1244 307 1308 Etiam
341 1262 414 1308 anus
441 1245 488 1307 illa
517 1247 591 1308 intra
618 1253 726 1309 tectum
754 1264 839 1309 mum
862 1250 890 1280 ⁴⁴
924 1243 1091 1308 drachmam
1127 1246 1311 1326 rennuebat,
1345 1249 1432 1310 etiarn
1462 1247 1579 1329 pulsator

215 1463 340 1527 iudicem
360 1463 569 1546 interpellabat.
613 1465 706 1527 Nemo
728 1462 796 1527 iude
817 1465 918 1526 instrui
938 1471 1049 1544 potest,
1069 1461 1147 1525 unde
1168 1463 1334 1526 destruitur.
1377 1465 1474 1528 Nema
1495 1464 1530 1526 ab
1548 1482 1578 1527 eo

214 1573 382 1653 illuminari,
404 1593 421 1637 a
443 1591 502 1655 qun
523 1573 754 1638 contenebratur.
797 1574 979 1648 Quaeramus
1001 1589 1075 1654 ergo
1096 1574 1126 1633 in
1147 1580 1258 1652 nostro,
1281 1580 1312 1635 et
1333 1594 1351 1636 a
1371 1577 1482 1638 ιιοεῑνὶε
1503 1573 1579 1636 etde

214 1692 332 1766 nostr03
352 1684 441 1766 itque
463 1684 610 1748 dumtaxat
631 1684 709 1765 quod
730 1685 809 1747 salva
830 1684 933 1765 regule
953 1682 1021 1744 lidei
1034 1688 1131 1762 potest
1151 1683 1180 1743 in
1194 1684 1396 1762 quaestionem
1418 1683 1578 1746 devenires

323 1799 367 1854 ts.
411 1792 470 1858 Sed
496 1812 560 1856 rem
582 1795 672 1875 ipsam
694 1793 790 1875 paullo
821 1794 940 1874 propius
969 1790 1164 1872 inspiciamus.
1208 1791 1317 1853 Vemm
1341 1811 1380 1854 ne
1401 1801 1462 1873 est,
1489 1800 1577 1875 prote

213 1909 325 1966 stantm
343 1904 517 1983 secumipsis
538 1904 577 1966 ita
599 1904 780 1982 consentire,
810 1910 839 1964 et
859 1922 877 1964 a
896 1901 982 1964 nobis
1002 1900 1160 1979 dissidere,
1182 1908 1211 1961 ut
1233 1901 1329 1965 nullos
1350 1902 1510 1966 habeamus
1531 1902 1577 1964 uisi

213 2009 397 2074 mnbariosl
427 2030 464 2073 ne
485 2013 522 2075 ita
545 2013 743 2075 etdstimemus
762 2011 890 2073 ellloiunl
910 2013 965 2073 viri
985 2012 1061 2073 inter
1081 2016 1275 2091 protestantes
1296 2011 1509 2091 litteratissimi,
1532 2012 1577 2074 Ca·

213 2137 306 2199 mera,
330 2120 459 2198 Grotius,
482 2121 695 2199 Hammoudus,
719 2120 863 2197 Clericus,
885 2119 1067 2198 Dodwellus,
1087 2116 1252 2199 Michaelis,
1274 2121 1497 2202 Rosennniller,
1518 2120 1576 2183 liui-

211 2230 295 2307 noel,
324 2230 444 2311 aliique,
469 2233 519 2312 qui
549 2239 606 2293 tam
633 2251 651 2293 a
681 2228 741 2293 suis
769 2229 934 2309 discrepant
961 2246 1046 2309 quam
1075 2228 1225 2291 nobiscum
1246 2230 1283 2292 de
1302 2231 1538 2312 interpretatione
1551 2232 1573 2261 ⁴¹

210 2341 397 2401 consentiunt
422 2339 601 2404 subiicienda
630 2340 729 2403 verbis
743 2342 788 2399 ⁴⁴:
815 2346 844 2398 et
867 2358 961 2417 super
984 2335 1063 2401 banc
1085 2347 1206 2417 petrum
1228 2337 1396 2421 aedificabo
1426 2338 1578 2403 ecclesiam

212 2468 319 2511 meam.
362 2448 514 2512 Neminem
544 2467 632 2532 porro
653 2451 735 2529 latet,
765 2465 823 2511 nou
846 2448 993 2510 minimum
1014 2447 1096 2511 hisce
1118 2447 1217 2510 verbis
1239 2446 1576 2512 momentum-continui

212 2557 288 2621 illius
315 2558 353 2621 de
379 2560 502 2640 pmmatu
533 2559 726 2623 contentionis
753 2574 838 2639 quam
866 2566 1027 2620 vemamus‘.
1070 2556 1134 2619 Non
1156 2557 1264 2619 excidit
1291 2577 1366 2639 ergo
1394 2560 1481 2621 uobis
1506 2554 1575 2639 quud

212 2665 428 2745 affirmavimus,
454 2660 550 2751 neque
573 2670 745 2751 secumipsis
766 2674 959 2749 protestantes
979 2667 1093 2747 penitus
1115 2669 1290 2747 consentire,
1313 2687 1411 2749 neque
1432 2670 1575 2751 penitnsa

212 2776 313 2856 nobis,
334 2778 500 2859 nusuisque
522 2779 738 2843 commentariis
759 2776 926 2839 abhorrere.

318 2886 392 2959 Quid
416 2905 487 2949 vero
508 2891 533 2950 si
555 2888 705 2965 daremus,
727 2888 756 2948 in
772 2887 943 2949 annuariam
959 2901 1063 2947 omnes
1077 2893 1197 2966 partem,
1220 2887 1441 2968 oppositumque
1467 2894 1496 2949 et
1515 2903 1575 2947 con·

212 2998 342 3059 cessisse
364 3003 395 3058 el
414 2995 602 3059 concederet
630 3015 718 3059 nemo
737 3003 892 3078 propterea
916 2996 1094 3056 commoveri
1123 2994 1277 3056 admodum
1300 2994 1430 3058 deberet
1473 2995 1573 3059 litemn

211 3104 232 3167 l.
254 3106 303 3167 vix
329 3112 378 3167 aut
401 3124 439 3167 ne
468 3107 517 3167 vix
544 3105 660 3187 quidem
688 3106 823 3168 accidere
851 3104 934 3167 aliter
963 3104 1092 3185 potuisse
1115 3103 1308 3184 intelligimus.
1350 3105 1411 3168 llac
1431 3107 1507 3168 enim
1526 3120 1573 3164 nm
1620 3194 1621 3199 γ

213 3352 244 3390 aa
271 3349 397 3406 expressa
427 3332 566 3407 crederes,
600 3349 667 3406 quse
694 3335 720 3389 in
749 3335 875 3390 Passiune
924 3337 1024 3403 strum,
1058 3346 1167 3402 quorum
1198 3331 1353 3386 testimonia
1388 3335 1470 3389 relect
1495 3332 1574 3387 aetna
1620 3290 1621 3331 ¹

212 3455 234 3494 a.
256 3440 341 3496 Plouii
362 3439 389 3511 3.
405 3438 450 3494 ΙΧ.
471 3439 600 3509 leguntur.
732 3442 736 3457 '
925 3435 1057 3492 Sabatier.
1091 3436 1127 3491 lit
1146 3438 1237 3507 graeci
1259 3437 1367 3493 codices
1388 3439 1495 3511 habeut,
1514 3425 1572 3510 μετᾶ
1620 3422 1621 3495 i

274 3546 319 3620 ⁴²)
338 3546 378 3603 lle
398 3544 567 3615 Praesesiptt.
589 3560 648 3617 cap.
662 3545 718 3601 llll.
923 3540 990 3614 μίαν
1007 3538 1191 3615 auidaruipoes
1210 3540 1366 3611 νουθεσίαν,
1387 3544 1482 3616 quibus
1495 3539 1572 3615 graui
1620 3508 1621 3577 i

275 3651 319 3724 ⁴⁴)
354 3650 401 3706 Sic
427 3648 526 3704 bahem
550 3649 685 3706 editiones
713 3651 819 3707 Pamelii
847 3656 876 3706 el
923 3652 1013 3718 patres
1039 3645 1231 3719 suffragantur,
1259 3654 1313 3703 tum
1333 3650 1406 3707 latini
1426 3667 1479 3707 nun
1498 3646 1572 3722 pauci,

212 3754 337 3829 Rigaltii3
369 3756 416 3810 sed
449 3754 613 3811 Christianus
642 3756 730 3829 Lupus
759 3757 875 3829 praeiert
923 3752 1110 3825 llierunymus,
1132 3750 1266 3825 Gelaslus,
1287 3754 1355 3828 Leo,
1377 3756 1571 3813 llarimustau·
1620 3812 1621 3815 Ἴ

211 3862 352 3919 lectionem
382 3860 591 3933 impeditiorem,
611 3862 697 3919 ‘uobis
716 3864 767 3919 atsi
785 3880 873 3936 psus·
923 3860 1050 3930 riuensis,
1071 3876 1103 3914 ac
1122 3864 1260 3930 postrema
1282 3862 1435 3936 versiones,
1457 3858 1572 3934 equita

211 3969 327 4026 raanan
347 3975 430 4037 mast,
452 3966 873 4043 submurmuraban-
925 3965 997 4021 ltuls
1032 3965 1117 4036 legit:
1157 3965 1325 4023 melicum
1359 3968 1493 4026 hminem
1519 3966 1571 4037 psat

212 4093 275 4133 men
294 4069 393 4150 quaeri
411 4073 540 4147 oportet?
923 4089 1007 4128 anum
1031 4072 1231 4144 eorreptionem
1257 4080 1284 4129 at
1309 4075 1363 4130 duo
1382 4070 1488 4147 (idest,
1512 4056 1571 4145 ptr&

275 4182 320 4253 ⁴⁴)
340 4179 418 4247 Quod
438 4196 496 4253 cap.
511 4180 556 4235 vt.
577 4180 673 4253 probat
691 4181 762 4236 Pauli
783 4181 873 4238 verbis
923 4177 990 4250 ptos
1008 4175 1157 4251 νουθεσίαν
1176 4175 1222 4232 soi
1241 4169 1300 4246 sin,
1321 4176 1571 4252 quenadmodunat

212 4303 246 4343 es
266 4286 344 4359 epist
374 4285 408 4341 ad
436 4284 486 4340 'lit
505 4283 549 4341 Ill.
573 4285 624 4361 ld,
652 4302 719 4358 quaa
739 4288 775 4342 ita
796 4288 873 4357 citat,
923 4284 1025 4355 aliquot
1049 4283 1139 4353 graeci
1168 4282 1277 4339 codices
1297 4286 1365 4358 apud
1388 4282 1569 4343 Grieabaclaiuu

212 4393 348 4449 mininam
377 4391 546 4449 mancam
569 4401 632 4466 post
654 4396 774 4465 pausum
806 4410 873 4451 cor-
924 4388 1176 4463 alamaniscas.

212 4501 363 4572 reprimor
382 4500 574 4555 remandans.
608 4499 698 4570 Neque
716 4500 791 4555 aliter
811 4501 876 4555 citat
988 4496 1032 4570 ⁴⁴)
1052 4495 1114 4552 Luc.
1135 4495 1193 4550 xv.
1214 4494 1242 4548 9.

213 4620 269 4677 cap.
286 4604 356 4677 xvi,
376 4605 509 4677 habetque
529 4618 662 4661 consonos
676 4605 774 4659 Irenaei
794 4607 876 4661 iuter·
988 4603 1031 4677 ⁴⁶)
1051 4602 1112 4659 Luc.
1134 4600 1179 4657 xl.
1200 4603 1227 4656 5.
1248 4614 1321 4672 seqq.

212 4688 315 4783 protem
341 4712 438 4781 semel,
466 4712 624 4784 Cypriauum
652 4711 677 4765 iu
698 4710 821 4781 epistulis
849 4717 877 4765 et
987 4710 1032 4783 ⁴⁴)
1060 4708 1100 4763 ct.
1121 4706 1307 4779 Chrisiopbori
1328 4706 1420 4763 Wolili
1442 4694 1567 4763 consti

213 4818 240 4872 iu
262 4817 342 4873 tertio
369 4819 402 4874 ad
429 4818 581 4891 Quirinum,
608 4817 753 4873 Laclierum
782 4816 876 4871 calari·
925 4815 1015 4871 nana.
1037 4813 1105 4869 XVl.
1130 4811 1181 4886 18,
1206 4820 1234 4867 et
1252 4812 1383 4868 lloecheri
1406 4799 1566 4870 taulanti

214 4928 319 4995 nuum,
346 4923 534 4995 immodum,
560 4922 753 4994 angustinum,
773 4920 876 4977 sanan
926 4921 1046 4976 eumdem
1067 4920 1162 4974 locum.

213 5044 290 5102 uum,
319 5030 459 5087 concilium
487 5029 647 5104 aquilianss,
675 5033 703 5083 et
722 5026 877 5084 Ambrusia·
989 5023 1033 5097 ⁴⁴)
1053 5023 1144 5079 natm
1165 5022 1234 5079 lllll.
1256 5020 1302 5080 ts.
