3324 5382
579 834 841 932 ιιιιι
899 830 980 930 ιι.
1039 940 1095 955 ‚-

410 1030 541 1096 rtem
556 1040 662 1118 maor
676 1034 714 1098 ae
727 1030 955 1097 mtuctruu
969 1027 1313 1112 maturuerint.
1330 1034 1477 1097 ,ιι-ιιι

302 1180 343 1192 —-
364 1163 402 1206 ea
419 1148 543 1223 proprie
562 1143 606 1207 ad
624 1150 720 1207 unum
741 1140 872 1206 Petrum
894 1148 1131 1221 nominatimque
1151 1140 1353 1226 reseruntur:
1374 1180 1416 1192 -
1435 1143 1479 1206 ad

300 1250 454 1334 apmtalor
476 1272 518 1315 ea·
541 1274 641 1334 aequo
660 1275 764 1317 amnes
783 1260 940 1333 pertinere
964 1258 1171 1332 protestantes
1198 1272 1260 1315 nan
1285 1258 1379 1333 pauci
1406 1275 1474 1317 can-

301 1364 447 1427 tendunt:
468 1399 509 1411 —
531 1362 728 1449 refutantur,
751 1361 946 1441 mammone
965 1360 1113 1425 muron
1132 1358 1252 1425 adoran
1273 1370 1413 1425 notatur.-
1435 1399 1475 1412 -

301 1473 474 1537 autumnat
490 1471 593 1558 fitertt
614 1479 756 1549 tentatio,
789 1494 851 1553 qua
875 1478 1008 1535 satanas
1029 1478 1208 1556 ecapitatos
1229 1479 1384 1553 tutasque
1403 1496 1476 1553 apo·

300 1582 397 1648 riolos
419 1581 560 1648 ambivit:
584 1620 626 1631 —
646 1588 776 1647 tentatio
789 1580 858 1666 suit
879 1587 1013 1644 munium
1030 1588 1236 1666 pravissima,
1269 1604 1331 1662 qua
1351 1580 1476 1646 iliorum

299 1692 396 1777 pide·
416 1699 587 1774 impeteret:
607 1729 649 1743 -
670 1690 788 1755 ciaon
805 1713 863 1773 pro
883 1690 981 1756 Petro
999 1713 1121 1772 merea,
1143 1712 1240 1773 auaro
1260 1690 1333 1755 illac
1356 1701 1475 1771 specta·

301 1812 382 1869 rtrri:
391 1842 433 1855 —
443 1802 598 1889 ouiqatior
609 1809 766 1883 participii
780 1807 970 1887 ἐπιστρέψας
979 1809 1205 1883 interpretatio:
1219 1840 1261 1851 -
1273 1808 1473 1883 permittitur,

302 1935 341 1978 ac
362 1920 456 1978 tatius
477 1919 584 1994 incisi,
606 1913 660 1976 uui
680 1911 720 1976 σύ
741 1934 815 1976 ποτε
836 1917 1029 1997 ἐπιστρέψας
1050 1908 1197 1995 στήριξον
1217 1910 1290 1988 τούς
1312 1910 1476 1999 ἀδελφούς

301 2040 376 2102 σου,
398 2029 552 2087 enitentia
573 2028 708 2085 eruitur.-
728 2060 769 2071 —-
791 2043 853 2102 pua
875 2019 966 2085 Petri
982 2029 1217 2108 praeraqatioae
1238 2021 1475 2106 confirmantur.

194 2308 265 2366 iss.
301 2249 497 2366 Excedam
532 2319 605 2365 sane
626 2299 848 2378 brevissimum,
879 2299 959 2382 quod
978 2300 1074 2364 Lucas
1094 2298 1140 2363 tris
1162 2299 1284 2364 verbis²
1317 2301 1473 2381 intersunt,

89 2406 152 2475 elne
174 2411 211 2477 δὲ
235 2413 252 2474 d
274 2409 400 2494 κύριος,
436 2411 575 2475 indicium
598 2410 720 2494 praebet
743 2411 861 2473 minime
882 2408 1040 2473 obscurum
1062 2411 1219 2485 orationis,
1255 2412 1338 2475 cuius
1361 2412 1473 2493 ductus,

88 2523 240 2605 seriesque
262 2520 394 2586 nouuilril
414 2522 590 2585 immutetur.
626 2522 707 2585 ldem
728 2537 817 2603 porro
839 2522 869 2583 in
891 2520 1141 2602 consequentibus
1163 2528 1261 2593 manet
1275 2523 1325 2603 qui
1340 2521 1475 2604 loquitur,

89 2649 122 2694 ac
142 2649 192 2697 res
216 2649 275 2715 qua
297 2631 334 2695 da
355 2632 466 2723 agitur,
503 2649 570 2695 cum
598 2631 633 2695 ils
660 2631 824 2695 arctissime
845 2631 975 2711 iungitur
996 2647 1072 2711 quae
1097 2637 1289 2693 antevertant.
1334 2630 1477 2714 Superest

88 2742 173 2823 igitur
193 2749 227 2806 ut
247 2741 424 2821 immutatio,
461 2742 659 2823 transitusque
687 2740 830 2827 orationis
859 2756 918 2802 uon
944 2738 1061 2803 aliunde
1084 2757 1171 2821 quam
1193 2760 1235 2801 ec
1257 2745 1296 2802 tir
1318 2747 1476 2823 repetatur,

89 2872 163 2929 orror
185 2849 335 2915 Gloriatur
357 2847 534 2930 alloquitur.
578 2850 625 2915 td
653 2871 756 2914 annes
788 2857 886 2913 autem
914 2870 957 2913 ea
984 2870 1082 2929 aequo
1106 2846 1260 2928 apostolas
1291 2848 1380 2912 verba
1407 2849 1477 2913 hac·

89 2966 171 3023 tantu
193 2961 317 3025 lecerat
359 2959 515 3041 Reliquum
537 2961 707 3043 igiturest,
743 2967 774 3023 ut
805 2965 868 3022 iarn
892 2966 1015 3021 omnus
1044 2981 1087 3022 oa
1115 2966 1154 3021 tir
1182 2980 1277 3021 unum
1306 2956 1477 3022 alterumue

91 3069 256 3151 competet,
300 3068 463 3143 Oucmmm
485 3088 559 3134 cero
580 3068 760 3154 compellati
781 3070 945 3133 luculenter
966 3068 1111 3147 declarat,
1145 3069 1319 3132 subdens³r
1347 3068 1476 3151 Σίμων,

91 3175 216 3262 Σίμων.
261 3179 390 3245 Simonis
419 3197 546 3261 namque
574 3199 684 3245 nomen
711 3181 741 3244 in
769 3180 850 3243 libris
880 3180 950 3243 novi
980 3180 1148 3243 testamenti
1177 3176 1287 3254 ἁπλῶς
1307 3179 1475 3258 adhibitum,

90 3306 147 3353 nou
168 3290 259 3355 alium
280 3288 400 3357 denatat
419 3298 537 3371 praeter
559 3291 710 3357 Simonem
730 3289 872 3354 iohannis
893 3289 1000 3368 lilium,
1037 3308 1072 3351 ac
1097 3285 1184 3351 Petri
1205 3291 1384 3371 cognomine
1404 3291 1478 3354 divi·

87 3399 160 3463 nitru
192 3397 426 3464 cohonestatum.
468 3399 543 3463 lllnc
569 3401 673 3465 vetusti
703 3399 838 3478 codices,
874 3398 1074 3477 corbeiensis,
1107 3407 1137 3462 et
1158 3416 1182 3461 s.
1205 3399 1343 3462 Germani
1364 3401 1474 3481 primus

87 3516 173 3591 atque
196 3510 272 3574 alter
292 3509 409 3592 leguntz
444 3517 488 3572 ait
520 3517 624 3573 auten
648 3507 798 3572 Dominus
828 3504 939 3570 Petro.-
976 3502 1097 3585 Simon,
1134 3507 1251 3571 Simon.
1301 3509 1376 3572 llinc
1403 3511 1477 3573 scri·

87 3625 186 3700 pares
215 3618 410 3683 ecclesiastici
440 3637 501 3683 non
529 3619 630 3702 pauci,
666 3620 830 3705 Cyprianus
846 3622 877 3697 ⁴,
912 3621 1037 3681 auctor⁵
1080 3616 1220 3680 librorum
1252 3617 1289 3681 dc
1322 3619 1476 3682 vocatione

88 3731 218 3793 omnium
240 3730 383 3812 gentium,
404 3728 553 3794 Amulius
574 3729 714 3810 iunior‘,
736 3737 766 3793 et
784 3727 1011 3792 Cassiodorius'
1044 3744 1154 3789 nomen
1170 3723 1260 3790 Petri
1282 3729 1477 3809 interponunt.

86 3837 185 3921 Atque
206 3838 277 3902 hinc
298 3856 387 3902 nemo
409 3846 455 3903 est
483 3838 713 3903 orthodoxarum
741 3846 872 3921 patrum,
909 3838 959 3918 qui
981 3831 1117 3899 Simonis
1146 3834 1339 3917 appellatione
1360 3834 1476 3899 Petrum

89 3965 148 4011 non
169 3949 357 4013 intellexerit.
400 3948 502 4014 Petrus
524 3950 694 4033 igiturest,
731 3965 820 4030 quem
841 3945 972 4009 Christus
995 3946 1164 4008 nominatim
1186 3945 1357 4027 compellat,
1389 3965 1477 4028 (prem

85 4074 224 4123 seorsum
248 4058 418 4140 alloquitur,
447 4058 536 4122 etad
557 4059 784 4140 quamproprie
805 4062 940 4138 spectant
961 4073 1037 4136 quae
1061 4053 1139 4117 illico
1164 4062 1394 4137 consequuntur.

196 4169 414 4250 Consequitur·
446 4184 535 4230 vero:
556 4165 620 4249 dyas*
642 4165 679 4232 ut
700 4163 839 4243 ἐδεήθην
859 4166 930 4246 περὶ
953 4164 1027 4238 σοῦ,
1050 4162 1103 4227 l'ru
1123 4157 1166 4247 pr}
1189 4164 1312 4248 talsinp
1333 4163 1352 4242 ἡ
1375 4165 1476 4242 πίστις

86 4292 155 4341 oco.
202 4277 286 4351 Quod
308 4278 432 4341 incisum
452 4298 542 4340 nean
562 4276 683 4358 duplici,
705 4275 859 4340 nmtertati
880 4284 909 4339 et
927 4280 1139 4360 pronunties,
1162 4291 1250 4356 quern
1269 4275 1409 4356 particula
1432 4275 1476 4352 dt,

87 4386 308 4470 verborumque
332 4393 478 4452 suanm
499 4386 634 4468 ostendit,
655 4406 691 4450 uc
708 4385 805 4472 lupico
820 4394 849 4450 et
864 4383 951 4463 reati,
973 4402 1062 4467 quem
1084 4385 1295 4447 sententiarum
1317 4382 1477 4468 συνάφεια

84 4497 224 4578 postulat,
246 4516 314 4562 curo
328 4497 573 4581 praecedentibus
588 4497 696 4578 verbu,
718 4495 849 4580 Σίμων,
873 4494 1002 4579 Σίμων,
1024 4493 1185 4575 copulatur.
1215 4493 1259 4556 De
1274 4493 1360 4557 Petra
1375 4496 1477 4578 igitur,

200 4718 309 4777 Videris
328 4718 423 4776 lili-l.
445 4732 504 4793 cap.
519 4718 589 4777 Vlll

201 4824 262 4882 lma.
284 4823 366 4882 xxti
387 4822 435 4880 3¹.

867 4717 894 4793 ⁸)
915 4716 972 4775 lib.
986 4716 1007 4773 l.
1029 4733 1087 4790 cap.
1105 4716 1200 4774 xxiv.

867 4824 896 4897 ⁸)
918 4818 954 4880 lu*
968 4823 1009 4879 Pa.
1031 4823 1099 4879 cvl

869 4929 897 5005 ⁷)
918 4928 948 4985 la
967 4928 1009 4984 l’a.
1028 4928 1144 4985 lxxiv.

871 5035 901 5114 ⁸)
919 5034 981 5097 lac.
1001 5034 1086 5094 xxti.
1106 5032 1154 5094 32.

151 4719 179 4792 ¹)

116 4880 120 4890 .
148 4826 180 4899 ἰ

150 4929 182 5004 ·)

153 5035 184 5116 ⁴)

206 5035 292 5115 spen
306 5034 366 5093 vu.
385 5032 420 5091 aa
440 5032 554 5093 naon
