3300 5402
186 198 247 261 384
670 196 804 263 orauit
844 197 1078 265 SECUNDUS

186 366 251 443 erit,
273 364 418 446 aliamque
437 362 577 448 sormam
602 363 863 448 adsignlfioaverit,
890 375 1036 449 quaerat
1061 366 1193 449 aepulis
1213 366 1297 445 Deo,
1325 386 1471 451 qmmquo
1496 369 1554 432 velo

185 475 371 539 humanitatis
392 473 511 555 obtexit,
531 481 563 537 ut
584 475 769 556 οἰκονομίαν
787 478 994 540 exinanitionis
1015 476 1157 558 impleret.

290 583 396 647 Audita
416 586 615 666 praeceptoris
642 587 871 666 interrogatione
893 604 1007 649 morem
1028 604 1154 668 gessere
1173 586 1324 669 discipuli;
1351 588 1382 651 oi
1408 586 1447 652 ot
1468 583 1556 666 elnon,

185 694 322 759 sabdit'·
348 692 542 774 evangelista3
564 702 595 757 et
614 696 700 759 sicuti
720 697 891 777 interrogati
905 716 1008 759 omnes
1023 695 1145 774 buerant,
1163 697 1203 760 ita
1216 718 1320 759 omues
1341 697 1557 781 responderunt,

184 811 215 866 et
241 822 316 885 quae
342 804 468 885 quisque
498 803 663 885 audiverat,
684 804 809 868 candide
837 807 1029 868 renunciavit.
1083 806 1319 888 Responstonum
1350 825 1423 869 vero
1454 826 1557 871 sunna
1641 864 1642 899 ,

183 912 248 976 talis
264 916 289 946 ¹²
313 911 382 974 init:
411 910 447 975 Ol
474 912 533 992 μὲν
550 908 704 990 Ἰωάννην
731 914 784 977 τὸν
810 912 996 997 βαπτιστήν,
1025 912 1116 978 ἄλλοι
1133 918 1158 950 ”
1191 914 1227 979 tt
1247 914 1379 995 Ἠλίαν,
1410 921 1507 995 ἕτερον
1525 914 1557 979 δὲ
1641 906 1642 913 ¹

183 1019 341 1103 Ἰερεμίαν
359 1014 380 1097 ri
399 1026 454 1084 ἔνο
474 1023 537 1084 τῶν
558 1024 737 1106 προφητῶν.
781 1022 899 1087 llinime
921 1031 1018 1086 autem
1033 1023 1082 1086 vel
1103 1023 1189 1087 huius
1210 1025 1277 1107 loci,
1300 1025 1348 1088 vel
1364 1026 1554 1089 necessarium

185 1150 254 1194 esse
276 1133 411 1194 existimo
433 1130 558 1193 sollicite
580 1133 743 1213 inquirere,
779 1134 827 1214 qui
849 1134 1005 1214 contigerit
1028 1140 1059 1195 ut
1090 1136 1119 1196 in
1147 1142 1255 1198 tanum
1280 1136 1449 1217 opinionum
1471 1140 1557 1199 vane·
1641 1134 1642 1139 ’

183 1249 271 1304 tutent
295 1239 486 1304 israelitarum
516 1241 621 1323 vulgus
649 1244 839 1305 concesserit.
882 1241 1021 1305 Errorunr
1044 1244 1121 1305 enirn
1144 1241 1240 1305 lontes
1259 1247 1284 1277 ¹⁴
1317 1251 1385 1307 sunt
1412 1246 1558 1325 innumeri,

184 1358 214 1413 et
235 1359 295 1413 tum
322 1351 416 1414 solum
446 1354 658 1433 investigantur
685 1351 809 1432 utiliter,
837 1370 925 1433 quum
952 1352 1114 1433 periculum
1146 1361 1192 1415 est
1220 1373 1258 1415 ne
1286 1353 1351 1417 aliis
1381 1355 1452 1417 item
1474 1354 1559 1417 lrandi

186 1480 254 1525 esse
274 1468 408 1543 pergant.

291 1577 340 1634 48.
384 1571 515 1653 Cognitis
530 1571 629 1653 populi
642 1574 825 1651 commentis,
848 1573 947 1635 institit
962 1576 988 1605 ¹¹
1012 1572 1108 1651 lesus,
1131 1579 1161 1634 et
1174 1571 1254 1651 λέγει
1268 1570 1397 1647 αὐτοῖς·
1422 1570 1511 1654 ὑμεῖς
1528 1569 1562 1634 ot

181 1681 250 1744 airu
270 1703 310 1761 με
341 1680 443 1762 lapsae
463 1676 559 1762 alunt,
590 1679 840 1754 Quemadmodum
859 1689 991 1761 primunr
1012 1688 1279 1764 interropotionem
1300 1681 1344 1743 orl
1361 1701 1465 1744 muner
1488 1681 1560 1744 dua·

182 1798 275 1871 xerat,
298 1792 335 1853 ita
355 1791 398 1853 od
416 1811 529 1869 omnes,
552 1794 601 1872 qui
623 1790 822 1872 significantur
842 1793 1015 1874 pronomine
1037 1789 1134 1873 ὑμεῖς,
1157 1797 1186 1853 et
1208 1790 1300 1854 lorma
1325 1791 1428 1873 plurali
1451 1793 1560 1874 λέγετε,
1641 1770 1642 1837 l

180 1908 379 1980 posteriorem
400 1901 514 1983 dirigit,
535 1908 565 1963 et
584 1901 830 1982 quemadmodum
855 1909 953 1982 priori
981 1908 1218 1985 interropotione
1245 1900 1380 1983 vulgatas
1409 1902 1561 1983 opiniones

183 2011 219 2074 ab
241 2012 311 2094 ipsis
331 2009 538 2092 postulaverat,
560 2011 598 2073 ita
616 2018 787 2091 posteriori,
810 2028 869 2074 non
891 2011 956 2074 sine
971 2013 1057 2074 tacita
1072 2028 1174 2073 eorum
1196 2028 1272 2091 quae
1287 2017 1443 2092 acceperat
1463 2029 1563 2093 repre

183 2120 336 2199 honsione,
358 2119 395 2182 ab
417 2118 522 2182 iisdem
543 2120 653 2200 flagitat
673 2128 704 2182 ut
729 2120 807 2201 quod
838 2120 892 2200 ipsi
919 2138 989 2200 prae
1017 2120 1125 2182 ceteris
1147 2118 1235 2182 electi
1262 2138 1297 2182 ac
1330 2119 1445 2201 plenius
1472 2120 1568 2183 edocti

183 2230 361 2310 institutique
383 2236 481 2292 mente
501 2227 669 2308 crederent,
690 2246 743 2291 ore
765 2231 873 2310 pariter
891 2228 1050 2310 verbisque
1069 2229 1282 2311 profiterentur.

290 2338 425 2403 Nondum
454 2339 714 2420 interrogationem
740 2337 828 2401 lesus
854 2336 1034 2418 absolverat,
1066 2358 1154 2420 quum
1172 2341 1197 2371 ”
1231 2337 1423 2421 ἀποκριθεὶς
1448 2338 1570 2423 Σίμων

185 2446 313 2529 Πέτρος
331 2443 413 2511 elne·
436 2448 623 2528 respondens
637 2445 745 2510 Simon
761 2442 880 2509 Petrus
894 2447 984 2511 dicit.
1018 2447 1159 2511 Omnibus
1173 2448 1286 2511 scilicet
1306 2468 1345 2512 ex
1361 2467 1458 2532 aequo
1478 2451 1571 2512 inter-
1641 2456 1642 2479 ’

184 2561 295 2640 rogatis
317 2557 568 2641 seducentibus,
599 2576 674 2622 unus
699 2556 751 2620 fnit
771 2557 872 2621 Sirnon
900 2556 1003 2619 Petrus
1030 2559 1079 2637 qui
1106 2558 1310 2639 responderet
1354 2558 1461 2641 Utique
1493 2576 1570 2621 unus

185 2669 249 2749 ipso
270 2668 436 2749 respondit,
462 2667 596 2731 subdite
619 2668 839 2750 protestantium
869 2668 1007 2747 opinione
1024 2670 1048 2699 '¹
1072 2666 1214 2747 lluinoel,
1242 2667 1295 2730 sed
1326 2666 1418 2731 relert
1438 2670 1571 2743 novisse,

185 2786 215 2841 el
235 2797 291 2839 cur
310 2795 400 2859 unus,
430 2798 526 2858 quone
550 2785 657 2856 poeto,
688 2798 786 2857 quoae
812 2775 924 2839 morali
949 2798 1082 2856 perrona
1108 2798 1190 2839 unua
1218 2775 1427 2858 responderit?
1457 2779 1572 2841 ideireo

184 2897 280 2952 autem
301 2906 376 2951 unus
397 2888 558 2969 respondit,
579 2887 656 2967 quod
684 2887 760 2951 soret
781 2887 908 2967 reliquia
929 2891 954 2920 ¹⁸
985 2884 1087 2950 indole
1116 2893 1294 2970 inperitoque
1314 2885 1509 2971 servemur:
1541 2895 1574 2951 et

106 3028 114 3044 ·
184 3016 272 3081 Qum
289 3016 364 3061 unus
385 2996 551 3078 respondit,
573 3004 706 3060 omnium
732 3018 894 3077 personum
912 3003 1023 3081 poerit,
1049 3016 1297 3077 oontmuneotque
1324 2995 1471 3076 apostolia
1502 3019 1573 3060 aeae

183 3114 317 3185 lentium,
338 3129 398 3170 non
419 3104 479 3169 sibi
499 3114 655 3185 propriam
678 3105 857 3169 declararit.

290 3223 340 3279 to.
383 3217 492 3278 Verum
514 3217 579 3297 qais
598 3223 794 3297 protestantes
816 3217 921 3296 docuit,
942 3234 1031 3279 unum
1048 3223 1209 3296 propterea
1230 3216 1422 3296 respondisse
1437 3216 1572 3294 Petrum,

183 3326 261 3407 quod
282 3327 394 3407 ingenii
415 3333 496 3388 esset
516 3323 704 3389 fervidiorist
732 3332 777 3387 rei
796 3347 835 3388 ne
848 3334 973 3402 notura,
995 3326 1136 3404 editaque
1156 3347 1176 3385 a
1193 3321 1288 3387 Petro
1310 3321 1493 3408 consessio?
1517 3325 1576 3389 sed

183 3435 249 3499 talia
271 3437 421 3513 istasunt,
442 3442 561 3516 tamque
583 3434 689 3515 divina,
710 3444 741 3499 ut
762 3435 888 3499 adscribi
909 3435 1033 3498 naturali
1061 3435 1181 3515 ingenio
1207 3435 1323 3497 uonnbi
1354 3433 1574 3498 absurdissime

184 3547 304 3627 possint.
348 3545 396 3606 An
417 3540 569 3607 Mottlroei
589 3552 738 3621 namatio,
760 3564 817 3626 qua
839 3545 867 3608 id
890 3545 936 3607 vel
958 3545 1085 3608 tradatur
1100 3543 1218 3619 diserte,
1241 3542 1290 3605 vel
1311 3543 1438 3607 obseura
1461 3544 1575 3607 saltem

184 3651 339 3718 innuatur?
373 3656 452 3734 alqui
481 3673 519 3717 ne
547 3654 658 3737 syllaba
685 3655 804 3737 quidem
829 3654 887 3717 buc
909 3656 1058 3737 pertinens
1088 3651 1263 3733 evangelica
1284 3654 1454 3715 metatione
1475 3656 1575 3718 conti·

183 3772 277 3827 netur.
320 3762 411 3824 Immo
434 3781 469 3824 ea
492 3765 677 3827 continentur
704 3783 779 3845 quae
809 3762 911 3827 falsam
937 3763 1137 3844 absonamqna
1163 3760 1319 3825 ostendunt
1344 3765 1576 3843 protestantium

183 3874 390 3954 suspicionem.
434 3873 576 3935 Continuo
593 3875 619 3907 '¹
642 3891 769 3954 namque
788 3872 928 3955 singulari
950 3872 1042 3935 Patris
1064 3870 1226 3951 beneficio,
1251 3888 1461 3952 supernaeque
1480 3889 1576 3934 reve·

185 4086 299 4155 dmm,
326 4091 367 4141 ert
385 4085 513 4141 munire
532 4086 671 4143 odiretur
690 4085 773 4155 illud,
800 4102 847 4142 ro-
964 4084 1006 4159 ”)
1026 4083 1095 4139 lbid.
1117 4099 1144 4138 v.
1167 4081 1212 4138 lb.

186 4192 306 4248 murra
325 4206 445 4249 cosman
964 4190 1006 4263 ¹¹)
1028 4188 1057 4244 lo
1078 4203 1175 4243 comm
1196 4187 1231 4243 ad
1252 4187 1278 4241 b.
1298 4186 1316 4242 Ι.

250 4296 292 4371 ¹¹)
312 4297 403 4353 blattb.
423 4296 494 4353 XVl.
517 4294 564 4353 14.
961 4295 1003 4370 ¹⁸)
1025 4294 1073 4350 Cui
1093 4294 1240 4367 suspicioni
1266 4297 1296 4348 ut
1321 4291 1402 4349 fldem
1428 4293 1576 4365 conciliat,

249 4401 292 4479 ¹²)
312 4401 423 4459 Ibidem.
897 4402 1114 4473 Chrysoatornum
1145 4400 1250 4473 laudat,
1283 4399 1327 4471 qui
1357 4404 1446 4455 umen
1474 4399 1575 4471 addit,

248 4510 293 4585 ¹⁸)
311 4510 371 4583 Pro,
391 4499 472 4565 tun
490 4506 527 4577 bi,
548 4523 602 4565 aon
621 4508 718 4565 desunt
738 4506 847 4563 codices
896 4507 997 4565 idcireo
1024 4524 1089 4580 praa
1115 4507 1212 4564 cetaria
1239 4505 1343 4562 Petrum
1373 4504 1574 4578 reapondisse,

186 4616 354 4689 qui'legant‚
375 4614 402 4671 ot
420 4612 457 4672 rt.
896 4612 968 4685 quod
995 4618 1070 4669 esset
1096 4603 1129 4670 sd
1149 4601 1241 4685 στόμα
1260 4604 1315 4667 τοῖν
1337 4599 1529 4677 ἀποστόλου,
1558 4598 1576 4665 d

249 4723 292 4799 ¹¹)
323 4722 365 4783 Da
391 4721 465 4777 hisee
492 4736 612 4777 erronem
643 4718 760 4776 sontibus
792 4720 849 4791 agit
896 4713 947 4775 τοῦ
966 4713 1052 4795 χοροῦ
1071 4713 1128 4777 τῶν
1145 4707 1310 4775 ἀποστόλου
1329 4722 1492 4793 κορυφαῖος.

184 4827 351 4887 Wetatenias
372 4829 400 4884 iu
420 4825 543 4882 subiecto
563 4825 764 4883 commentario.
962 4823 1005 4898 Ι’)
1031 4825 1124 4881 liattb.
1143 4823 1214 4881 XVL
1238 4823 1283 4880 17.
1305 4822 1364 4879 ooli.
1384 4821 1431 4879 ill.
1452 4821 1513 4896 at,
1546 4827 1579 4879 at
1641 4864 1642 4873 ,

251 4934 293 5010 ¹³)
312 4933 404 4991 lietb
423 4932 495 4993 xvt.
519 4931 564 4989 tt.
896 4930 958 4995 lob.
971 4928 1017 4986 vl.
1033 4928 1087 4986 44:
1124 4920 1220 4997 olon
1243 4919 1358 4988 δύναται
1378 4924 1475 4986 ἐλθεῖν
1493 4917 1579 5005 npdg
1641 4970 1642 4979 ,
