3258 5400
573 340 718 408 cneus
758 339 836 407 xv.
1333 316 1394 406 iar

60 512 134 575 inan
143 512 269 593 paginam
284 508 424 587 Christus,
446 510 653 591 itautramque
667 510 807 572 Actorum
822 509 960 591 paginam
976 516 1099 590 occupat
1114 508 1226 571 Petrus.
1269 508 1313 572 lle
1335 528 1394 592 quo

65 622 161 683 soutbta
179 620 375 702 Chrysostoml
390 621 417 653 ⁰⁰
445 638 517 682 sana
538 619 788 702 praeclarissima:
832 616 927 698 ,Ὅρα
955 619 1119 694 πανταχοῦ
1139 615 1236 694 αὐτὸν
1262 625 1396 701 περιτρέ-

64 750 137 805 χοντα,
152 731 200 793 καὶ
215 731 343 810 πρῶτον
356 727 592 811 εὑρισκόμενον·
614 727 665 791 δ’τε
679 727 813 791 ἑλέσθαι
834 725 897 790 ἔδει
918 725 973 789 τὸν
987 723 1174 803 ἀπόστολον,
1196 720 1288 804 οὗτος
1309 732 1395 810 προῖ-

61 859 109 913 τσς·
128 835 169 903 δτι
194 839 413 918 διαλεχθῆναι
441 840 506 913 τοῖς
528 838 683 912 λουδαλοις
706 838 776 916 περὶ
796 836 852 899 τοῦ
880 835 922 917 με)
943 836 1097 918 μεθύειν·
1125 835 1175 900 δ’τε
1197 837 1396 920 θεραπεῦσαι

56 946 93 1011 τὸν
105 950 208 1024 χωλόν·
231 947 284 1013 δ’τε
305 947 530 1031 δημηγορῆσαι,
553 940 645 1023 οὗτος
666 944 727 1027 πρὸ
748 949 811 1010 τῶν
832 939 939 1010 ἀλλων
958 948 1053 1010 ἐστίν·
1075 945 1125 1009 δ’τε
1147 945 1226 1027 πρδς
1246 947 1319 1023 τούς
1340 946 1397 1031 ἄρ·

51 1076 153 1131 χονιας,
171 1049 281 1134 οὗτος·
304 1056 355 1122 δἐι
374 1060 453 1140 πρὸς
474 1055 637 1135 Ἀνανίαν,
657 1055 708 1119 δ’τε
733 1054 798 1119 ἀπὸ
820 1060 873 1133 τῆς
895 1060 986 1132 σκιᾶς
1008 1056 1106 1132 ὶάσεις
1126 1057 1281 1141 ἐγίνοντο,
1303 1051 1396 1134 οὗτος

51 1156 88 1241 ἦν.
104 1168 149 1230 καὶ
167 1167 250 1232 ἔνθα
270 1168 330 1250 μὲν
351 1160 390 1247 ἦν
410 1166 566 1244 κίνδυνος,
588 1161 696 1242 οὗτος·
720 1168 772 1230 καὶ
790 1165 874 1229 ἔνθα
896 1167 1077 1248 οἰκονομία.
1101 1165 1186 1230 ἔνθα
1205 1165 1242 1230 δὲ
1262 1167 1397 1250 γαλήνης

51 1270 79 1339 τά
96 1277 254 1360 πράγματα
281 1284 385 1359 γέμει,
415 1279 503 1360 κοινῇ
529 1274 656 1351 πάντες·
683 1267 775 1351 οὗτος
806 1274 864 1339 οὐκ
887 1274 996 1358 ἀπῄτει
1017 1273 1106 1356 τιμάν
1129 1276 1274 1357 μείζονα.
1303 1277 1398 1344 noller

49 1382 370 1469 διιδαυματουργῆσιιι
391 1379 462 1463 ἔδει,
484 1383 579 1460 αὐτὸς
597 1386 756 1470 προπηδᾷ.
780 1388 874 1450 ‘Vide
892 1386 971 1449 illum
986 1385 1093 1465 ubique
1110 1387 1396 1465 circumcursantem,

47 1502 68 1554 et
84 1498 190 1576 pomum
212 1498 380 1577 inventum3
409 1495 458 1557 ubi
487 1495 641 1577 eligendus
670 1504 734 1559 erat
759 1497 922 1578 apostolus,
951 1495 999 1557 bic
1019 1497 1129 1577 primus
1150 1495 1220 1579 luit3
1245 1516 1332 1579 quum
1354 1499 1397 1562 di-

45 1604 144 1668 oenduur
170 1614 233 1670 erat
260 1606 372 1670 iudaeis
399 1624 457 1667 non
486 1605 585 1668 ebrios
614 1623 682 1668 esse
710 1606 871 1687 apostolos,
900 1622 987 1686 ηννιο
1015 1605 1134 1668 claudus
1162 1607 1308 1669 sanandus
1336 1605 1397 1688 luit,

45 1714 136 1791 mando
153 1724 213 1779 erat
235 1714 479 1795 concionandum,
499 1714 548 1778 bio
568 1721 634 1779 auto
656 1714 729 1778 alios
751 1724 828 1797 erat,
852 1716 967 1797 quando
983 1715 1130 1798 agendum
1152 1734 1218 1778 cum
1232 1714 1396 1798 praelectis,

44 1823 134 1902 qundo
153 1843 219 1887 cum
239 1824 365 1905 Anania,
388 1831 417 1887 et
434 1842 522 1905 quum
538 1821 641 1885 umbra
655 1827 822 1887 sanationes
844 1824 956 1888 nerent.
999 1824 1053 1886 Ubi
1075 1824 1235 1906 periculum
1257 1826 1395 1906 imminet,

43 1929 78 1993 bic
93 1933 182 2015 adest,
204 1942 235 1997 et
257 1933 306 1997 ubi
330 1933 472 2016 quaedam
496 1932 689 2014 dispensanda
711 1941 786 1997 sunt.
830 1933 884 1995 Ubi
906 1952 977 1997 vero
999 1934 1170 2016 tranquillae
1188 1954 1241 2027 'res
1263 1942 1346 2015 sunt,
1368 1936 1396 1995 in

46 2046 163 2107 onnam
191 2063 315 2124 omues3
343 2042 391 2104 hic
420 2043 561 2105 maiorem
587 2062 646 2105 non
674 2044 781 2125 appetit
806 2042 959 2123 bonorem.
1001 2045 1126 2107 Rursum
1149 2062 1238 2127 quum
1259 2042 1398 2106 miracula
1433 2063 1435 2067 ’

45 2150 111 2215 edere
130 2153 297 2234 oportebat,
320 2151 369 2214 ille
390 2150 588 2233 prosiliebat.“
630 2152 711 2225 Quae
733 2154 788 2213 nisi
809 2151 926 2214 Petrum
945 2153 1154 2234 praecelluisse
1171 2155 1278 2218 ceteris
1300 2161 1398 2217 osten·

42 2259 106 2341 lant,
124 2263 190 2345 quid
214 2259 453 2342 adprobandum
475 2260 576 2342 iaciat,
600 2280 647 2323 me
669 2262 806 2344 ignorare
828 2262 976 2343 profiteor.

127 2377 191 2434 182.
234 2370 339 2452 Neque
367 2377 463 2432 tamen
490 2370 634 2450 omittam,
675 2389 750 2451 quae
779 2370 1002 2452 chrysostomus
1032 2372 1099 2435 alibi
1113 2376 1140 2406 ⁵¹
1172 2381 1270 2455 notat,
1306 2394 1396 2458 quae·

40 2495 84 2557 que
100 2481 140 2542 rei
161 2479 349 2543 illustrandae
372 2479 507 2542 conferre
528 2497 588 2543 uon
606 2480 754 2542 minimum
775 2488 904 2560 possunt.
947 2480 1089 2543 Actorum
1112 2483 1190 2544 enirn
1211 2485 1398 2565 inscriptione

40 2597 187 2670 memorata,
213 2608 289 2671 quae
304 2591 332 2623 ⁸²
356 2606 541 2651 communem
563 2588 759 2672 apostolorum
781 2589 931 2652 historiam
952 2590 1083 2672 polliceri
1105 2590 1266 2674 videbatur,
1287 2594 1398 2658 subdit:

39 2693 125 2767 ,Ἀλλ’
154 2700 182 2762 el
204 2722 251 2774 τις
272 2696 411 2781 ἀκριβεῖς
433 2695 585 2775 ζητήσειεν
591 2744 601 2774 ,
631 2691 670 2761 acl
692 2697 751 2779 μὲν
772 2700 882 2778 πρῶτα
902 2701 955 2774 τῆς
975 2696 1087 2782 (liddon
1109 2698 1239 2781 Πέτρον
1260 2704 1401 2789 ἐκφαίνει

37 2802 171 2888 θαύματα
192 2811 248 2874 καλ
270 2802 492 2885 διδασκαλίαν,
522 2808 628 2889 ὀλίγην
649 2807 686 2870 δὲ
707 2809 760 2870 καὶ
788 2810 851 2871 τῶν
871 2809 989 2871 λοιπῶν
1008 2806 1211 2871 ἀποστόλων·
1240 2811 1294 2873 καὶ
1320 2810 1400 2892 μετα

38 2918 118 2979 ταῦτα
142 2924 187 2994 εἰς
218 2917 356 2984 Παῦλον
384 2921 528 2982 κενοῦται
558 2919 645 2981 πάσα
670 2915 689 2994 ἡ
716 2906 923 2999 πραγματεία.
967 2917 1025 2981 Sed
1047 2918 1073 2980 si
1094 2919 1158 2998 quis
1178 2935 1242 2980 rem
1266 2927 1401 2983 accurate

36 3035 175 3111 scrutetur,
207 3047 284 3111 quiae
305 3031 398 3110 prima
421 3010 552 3091 seruntur
580 3029 610 3089 in
633 3026 724 3108 libro,
754 3027 832 3090 Petri
861 3027 999 3089 miracula
1021 3036 1050 3090 et
1072 3027 1232 3089 doctrinam
1254 3027 1401 3109 exhibent,

36 3152 111 3214 panca
138 3139 175 3202 de
203 3138 325 3220 reliquis
354 3137 511 3220 apostolis3
538 3137 704 3219 posthaec
731 3154 805 3199 vero
832 3136 868 3199 de
891 3136 979 3199 Paulo
1006 3143 1083 3199 totus
1112 3135 1188 3198 liber
1212 3134 1401 3200 absolvitur.“

36 3242 127 3310 lerum
149 3232 269 3333 pergit]
294 3249 319 3311 si
345 3266 395 3309 res
418 3249 456 3309 ita
483 3265 517 3309 sa
537 3246 641 3325 babet,
670 3248 739 3320 πῶς
760 3244 889 3309 πάντων
909 3248 974 3309 τῶν
995 3243 1180 3309 ἀποστόλων
1200 3247 1234 3310 αἱ
1255 3244 1402 3327 πράξεως
1489 3224 1494 3233 x

34 3374 81 3431 aaa
102 3367 192 3436 pacto
218 3366 350 3421 omnium
378 3354 585 3437 apostolorum
614 3362 689 3418 aunt
718 3357 817 3418 aeta?
837 3374 872 3418 ac
903 3358 1033 3437 reponit:
1077 3348 1224 3432 ,Ἐπειδδ
1246 3348 1327 3420 κατά
1348 3355 1403 3421 τδν

35 3460 154 3529 Παῦλον
179 3463 398 3547 δοξαζομένων
425 3466 538 3548 μελοας
565 3467 651 3539 ἑνός,
677 3463 905 3542 συνδοξάζεται
930 3464 1034 3528 πάντα
1059 3462 1099 3528 τά
1122 3464 1216 3545 μέλη,
1247 3463 1306 3529 οὐκ
1336 3470 1402 3530 ἐπέ-

35 3588 146 3653 γραψεν
167 3579 186 3639 d
209 3576 456 3662 λστοριογράτγος
470 3571 598 3656 προέξεις
613 3572 742 3655 Πέτρου
766 3576 817 3638 καὶ
831 3574 976 3649 Παύλου,
998 3572 1080 3637 ἀλλά
1094 3572 1223 3655 πράξεις
1242 3578 1307 3639 τῶν
1323 3576 1402 3640 ἀπο-

36 3681 148 3759 στόλων,
171 3685 279 3750 κοινδν
292 3688 319 3719 “
344 3684 379 3749 ab
400 3684 591 3767 ἐπάγγελμα.
612 3684 787 3764 »Quoniam
805 3693 925 3747 auctore
941 3684 1038 3763 Paulo,
1062 3703 1149 3767 quum
1166 3685 1261 3767 gloria
1282 3686 1404 3749 allicitur

34 3805 107 3855 unum
121 3796 296 3877 membrum,
312 3796 407 3878 gloria
422 3797 491 3859 item
505 3792 669 3858 afficiuntur
686 3795 781 3856 omnia
797 3794 942 3876 membra3
957 3794 1024 3856 ideo
1035 3813 1095 3857 non
1109 3797 1254 3878 inscripsit
1266 3795 1403 3860 bistonio-

34 3901 146 3981 eaptus
165 3902 250 3967 Acta
265 3902 357 3968 Petri
371 3912 400 3967 et
417 3901 520 3984 Pauli,
540 3905 595 3967 s‘ed
611 3902 696 3966 Acta
710 3901 946 3982 Apostolorum.-
967 3907 1128 3968 communis
1144 3915 1189 3969 est
1203 3905 1403 3988 pollicitatio.“
1497 3972 1502 3981 ,

123 4013 235 4077 Eorum
257 4016 355 4096 itaque
376 4014 510 4097 historia,
538 4035 613 4097 quae
634 4015 737 4077 Petrus
760 4013 873 4093 docuit,
902 4032 1036 4095 quaeque
1059 4017 1168 4096 gessit,
1196 4023 1227 4078 ut
1248 4015 1404 4078 ecclesiam

34 4125 201 4203 exstrueret,
224 4130 461 4205 exstructumque
483 4126 685 4206 amplificaret,
707 4125 871 4186 communis
894 4123 1091 4204 apostolorum
1115 4125 1235 4188 historia
1258 4133 1404 4203 censetur,

34 4234 144 4310 apteque
163 4230 295 4313 πράξεις
316 4236 381 4297 τοῖν
400 4231 585 4299 ἀποστόλων
606 4233 780 4299 inscribitur:
825 4232 883 4296 Sed
905 4233 1048 4295 eiusmodi
1077 4253 1115 4297 ne
1136 4235 1190 4297 ista
1218 4224 1300 4314 sunl,
1330 4252 1405 4315 quoe

34 4406 227 4489 Apostolorum,
246 4416 366 4474 Isidorus
386 4416 529 4491 pelusiota,
551 4418 688 4473 Varadeto
801 4417 845 4492 Η)
878 4417 956 4473 llom.
985 4418 1011 4473 in
1039 4416 1151 4474 Asceus.
1172 4416 1203 4473 Ι).
1224 4416 1255 4472 Ν.
1276 4415 1302 4472 d.
1324 4415 1352 4471 C.
1380 4419 1407 4469 et

34 4528 149 4597 coaevam,
178 4522 225 4579 lib.
245 4523 278 4579 u
300 4525 377 4596 epist.
395 4523 488 4581 XCIX.
516 4524 549 4581 ad
570 4523 688 4597 Aprodi·
739 4524 765 4579 iu
787 4522 919 4595 Principio
940 4523 1000 4578 Aet
1022 4540 1047 4579 n.
1065 4524 1093 4579 8.

34 4619 104 4696 aiau,
129 4625 204 4684 Actu
221 4627 298 4685 Petri
316 4629 454 4705 nominat,
483 4628 619 4701 iuquiens:
655 4626 689 4687 Oi

33 4722 74 4797 μὶ,
108 4718 122 4745 ε
167 4723 176 4745 ι
209 4725 216 4745 ι
346 4723 359 4751 a
425 4726 432 4747 ,
802 4680 846 4753 υ)
865 4680 999 4737 Estenim
1013 4681 1188 4737 universalis:
1210 4671 1334 4755 Πράξοις
1350 4673 1407 4736 τοῦτ

90 4731 317 4850 ρνταποστολοι,
338 4754 358 4791 ιι
377 4734 531 4812 ἐγωρησαν,
551 4728 688 4812 ἔγραψαν,
738 4777 911 4843 ἀποστόλων.

34 4837 121 4902 zadoc
138 4838 265 4916 Πέτρος,
293 4831 309 4897 ὁ
335 4848 488 4918 κορυφαῖος
513 4834 564 4898 τοῦ
588 4836 688 4917 χοροῦ,

35 4936 126 5009 ὺϊαῖς
137 4942 239 5005 ἑαυτοῦ
253 4938 368 5021 πράξεσι
383 4941 482 5023 acquic
497 4937 668 5022 ἀπεφήνατο.
802 4945 846 5018 ⁵³)
866 4945 895 5000 ln
914 4960 962 5000 ms.
980 4941 1074 5013 regio:
1095 4930 1199 4996 Κοιιδν
1212 4930 1266 5009 γάρ
1279 4929 1311 4990 τό
1324 4922 1405 5004 maui-

86 5050 129 5125 ”)
149 5051 178 5106 ln
200 5049 271 5106 acu
289 5050 384 5125 Apost.
404 5053 477 5109 bom.
498 5053 568 5109 lllll.
591 5069 617 5107 n.
633 5052 660 5106 2.
739 5065 810 5121 μιον,
830 5040 920 5103 κοινδν
939 5038 970 5101 τδ
993 5036 1193 5183 ἐπάγγελμαῧ

1106 5140 1152 5210 10
