3358 5400
644 289 789 357 CAPUT
829 289 954 356 XXVl·
1081 332 1090 351 ι
1428 291 1487 354 ast

122 454 213 525 litteris
235 458 273 525 ad
293 457 415 524 eosdeu'r
437 459 597 524 corinthios
618 458 691 525 datis
704 464 744 544 ³⁷,
766 461 919 544 inquiens:
946 456 1158 547 ,Ἀναλάβετε
1178 450 1233 538 τὴν
1253 449 1417 536 ἐπιστολὴν
1436 459 1493 523 τοῦ

123 570 269 655 μακαρίου
291 569 427 636 Παύλου
455 572 513 632 τοῦ
523 567 725 635 -είποστόλου,
771 569 815 635 Τί
835 574 960 652 πρῶτον
979 568 1056 654 ὑμῖν
1080 576 1115 635 ἐν
1134 568 1220 654 είρχῇ
1238 571 1295 633 τοῦ
1309 572 1338 605 ³⁸
1362 566 1491 651 εὐαγμε·

64 698 72 709 ·
123 681 185 745 λίου
204 683 344 765 ἔγραψεν
350 702 362 758 ,·
382 679 432 744 ἐπ’
452 676 609 758 ἀληθείας
626 684 844 766 πνευματικοῖς
866 681 1035 745 ἐπέστειλεν
1055 679 1140 759 ὑμῖν,
1162 680 1232 760 περὶ
1252 676 1351 743 αὑτοῦ
1370 701 1415 757 τε,
1437 679 1491 744 καὶ

122 788 229 877 Κηφεῖ,
253 792 307 856 καλ
325 788 487 868 Ἀπολλώ,
509 788 564 855 διαί
584 790 620 855 τὸ
642 794 695 856 καὶ
717 794 783 856 τότε
800 789 995 873 προςκλίσετς
1015 789 1098 874 ὐμοῖς
1117 787 1322 867 πεποιῆσθαι.
1365 787 1450 854 Ἀλλ’
1470 784 1489 866 ἡ

120 902 289 985 πρόςκλισις
302 890 400 976 ἐντείνειΙ
413 892 505 977 ἧττον
521 897 679 984 ἁμαρτίαν
692 901 768 985 ὑμῖν
786 898 1004 983 προςήνεγκεν.
1027 899 1255 983 προςεκλίθητε
1273 890 1337 983 peip
1359 897 1492 963 ἀποστό-

118 1010 218 1088 teau
247 1016 549 1097 μεμαρτυρημένοις,
583 1012 636 1075 καὶ
663 1008 756 1094 είνδρὶ
788 1000 1043 1095 δεδοκιμασμένῳ
1072 1010 1148 1092 παρ’
1179 1007 1296 1083 αὐτοῖς.
1341 1006 1427 1074 Νυνὶ
1454 1007 1492 1073 δὲ
1573 1040 1577 1045 ·

121 1118 342 1198 κατανοήσατε,
362 1120 442 1195 τίνες
462 1117 546 1201 ὑμεῖς
568 1118 770 1205 διέστρειμαν,
795 1122 848 1185 καὶ
868 1119 904 1183 τὸ
927 1118 1042 1203 σεμνὸν
1062 1122 1115 1197 τῆς
1136 1117 1322 1203 περιβοήτου
1342 1117 1492 1206 pretet.

118 1232 190 1317 φίας
210 1229 303 1314 ὑμῶν
322 1230 485 1311 ἐμείωσαν.
529 1229 640 1294 Sumite
658 1230 809 1313 epistolam
831 1230 907 1293 beati
922 1230 1001 1293 Pauli
1023 1229 1156 1312 apostoli.
1199 1228 1275 1303 ouo
1294 1231 1418 1311 primum
1440 1248 1492 1291 uo-

117 1341 204 1404 bisin
226 1341 368 1424 principio
393 1327 539 1421 evangehi
560 1336 696 1422 scripsiti
726 1338 858 1421 proiecto
888 1340 918 1402 in
939 1340 1046 1422 Spiritu
1067 1340 1105 1404 ad
1125 1358 1180 1402 vos
1200 1339 1310 1403 litteras
1332 1338 1426 1420 dedit,
1454 1338 1491 1403 de

117 1453 220 1534 seipso,
243 1459 274 1513 et
290 1448 398 1531 Cepha,
423 1456 452 1511 et
474 1448 589 1530 Apollo,
613 1449 680 1530 quia
700 1449 788 1511 etiam
809 1455 869 1510 tum
893 1449 1008 1513 diversa
1027 1452 1057 1513 in
1078 1450 1171 1513 studia
1191 1450 1276 1513 scissi
1298 1428 1395 1512 eratis.
1432 1447 1492 1514 Sed

117 1563 192 1627 varia
214 1560 262 1623 illa
284 1559 446 1621 animorum
469 1557 614 1620 inclinatio
635 1558 728 1619 minus
753 1567 906 1639 peccatum
927 1558 1010 1622 vobis
1032 1558 1141 1622 intulit:
1169 1557 1394 1640 propendebatis
1415 1561 1493 1623 enim

117 1668 313 1752 inapostalos
335 1674 458 1731 testatae
479 1669 706 1749 sanctitatis,·et
728 1670 757 1731 in
779 1670 872 1731 virum
894 1668 930 1732 ab
951 1667 1008 1731 illis
1027 1668 1187 1749 probatum.
1229 1667 1314 1731 Nunc
1336 1686 1408 1732 vero
1430 1670 1493 1751 qui·

117 1798 181 1843 nam
201 1781 259 1842 sint
280 1778 403 1859 quivos
425 1779 636 1859 perverterint,
665 1785 695 1841 et
714 1779 936 1842 nominatissimi
958 1780 1047 1841 vestri
1068 1777 1189 1841 hatemi
1209 1780 1319 1842 amoris
1340 1779 1493 1842 imminue·

117 1890 172 1952 rint
191 1889 299 1968 decus,
322 1888 572 1951 animadvertite.“

221 2004 291 2060 359.
332 1996 397 2059 lloc
423 1992 560 2078 expedito
588 1996 683 2077 nodo,
717 1997 806 2078 alter,
838 1997 922 2078 isque
955 2014 1015 2059 non
1041 1996 1131 2060 multe
1154 1997 1308 2080 implexius
1336 1995 1495 2060 solvendus

117 2115 199 2172 εοιεε
221 2115 276 2186 est,
301 2126 387 2189 quam
409 2108 474 2188 ipsa
493 2108 691 2188 interpretatio
711 2112 896 2190 proponatur.
939 2106 1034 2178 Quum
1056 2108 1134 2170 enim
1156 2108 1261 2171 Paulus
1275 2109 1303 2140 ⁴⁰
1325 2106 1495 2169 universum

118 2217 323 2281 corinthiorum
346 2224 462 2279 coetum
489 2222 521 2279 in
543 2215 789 2297 quatuorcenti
810 2212 928 2278 classes
951 2214 1091 2298 diriheat,
1122 2217 1272 2299 equibus
1299 2224 1360 2280 tres
1380 2216 1495 2298 priores

17 2392 20 2399 ,
118 2327 306 2410 designantur
331 2325 444 2408 verbis,
470 2324 533 2408 ἐμοί
563 2331 621 2409 μέν
639 2329 702 2408 cipe
724 2324 876 2400 Παύλου,
901 2318 964 2407 ἐμοί
988 2324 1025 2389 dl
1043 2323 1203 2403 Ἀπολλώ,
1228 2322 1291 2408 ἐγώ
1315 2325 1351 2390 δὲ
1373 2323 1495 2411 Κηφᾶι

120 2444 216 2519 quarta
239 2454 313 2500 vero
334 2444 364 2499 et
385 2442 532 2517 postrema
557 2454 610 2499 eos
631 2434 887 2518 complectebatur,
908 2437 1012 2517 quihus
1032 2437 1173 2500 solemnis
1194 2445 1257 2501 erat
1274 2435 1408 2517 formula,
1431 2432 1496 2519 ἐμοί

17 2588 19 2629 ρ
122 2543 155 2610 di
176 2547 335 2628 Χριστοῦτ
362 2546 467 2607 merito
495 2547 561 2627 mais
586 2553 680 2627 petat,
708 2566 750 2608 σο
776 2566 879 2608 earnes
907 2566 950 2608 ια
975 2567 1071 2626 aeque
1098 2546 1217 2610 είοεεεε
1243 2548 1348 2613 eodem
1369 2566 1497 2610 ουιυετσ

17 2670 19 2729 t
120 2653 223 2720 heberi
244 2655 394 2730 debeant,
425 2675 539 2734 eaeque
559 2660 691 2732 carneri,
723 2675 802 2734 puae
823 2655 1091 2719 indiscriminatim
1110 2654 1150 2720 ab
1171 2657 1309 2737 apostole
1336 2655 1492 2738 reprehen

17 2796 19 2805 ¹
122 2767 244 2831 ιίαπίυτ.

17 2882 19 2935 ὲ
137 2936 141 2943 ,
221 2876 270 2940 Ac
290 2874 360 2937 mihi
382 2893 454 2938 sane
475 2881 588 2937 certum
609 2880 670 2953 est,
700 2881 762 2937 tres
783 2876 897 2956 priores
918 2875 1029 2939 classes
1050 2878 1167 2940 secerni
1189 2896 1205 2940 a
1226 2884 1327 2958 quarta
1350 2885 1496 2959 oportere,

121 2995 148 3050 et
166 2988 230 3051 illas
252 2985 370 3067 quidem
397 3004 414 3047 a
435 2984 523 3047 Paulo
545 2984 640 3046 notari
661 3002 697 3047 ae
717 2982 910 3065 reprehendi,
938 2983 1014 3047 hanc
1036 3004 1109 3049 vero
1130 2987 1329 3049 commendari
1344 2990 1369 3020 ⁴·¹
1395 2995 1425 3050 et
1445 3006 1497 3049 ve-

120 3098 168 3161 luti
193 3095 346 3178 exemplar
366 3096 489 3177 proponi
515 3093 593 3176 quod
615 3109 719 3155 omnes
738 3086 945 3157 imitarentur.¹
968 3094 1127 3158 Enimvero
1149 3097 1213 3177 quis
1233 3104 1314 3178 putet
1332 3098 1426 3159 notari
1445 3113 1499 3159 eos

118 3213 265 3292 potuisse,
304 3215 353 3269 aut
381 3205 544 3268 schismatis
572 3205 723 3284 accusem,
755 3204 804 3284 qui
828 3202 905 3265 hanc
940 3210 1083 3267 tesseram
1104 3204 1335 3287 praeseferrent,
1366 3200 1430 3288 lyei
1462 3204 1499 3269 oi

119 3319 284 3402 Χριστοῦ.ο
305 3317 373 3399 quid
387 3316 443 3380 hac
457 3314 642 3397 professione
656 3310 807 3377 sanctius?
829 3312 896 3394 quid
914 3313 959 3376 vel
980 3313 1017 3377 ah
1034 3315 1136 3378 umbra
1150 3317 1314 3380 schismatis
1335 3313 1497 3379 remotius?

120 3429 166 3493 An
187 3432 207 3493 ii
229 3429 422 3523 schismatici,
442 3427 491 3508 qui
513 3425 636 3506 pn'mum
652 3427 679 3457 ⁴²
703 3423 876 3487 Antiochiae
899 3422 1135 3488 christianarum
1157 3445 1265 3490 nomen
1287 3424 1497 3517 assumpsere?

120 3540 209 3602 immo
232 3538 477 3618 coniunctissimi,
506 3536 650 3617 planeque
672 3534 752 3616 digni
777 3536 826 3615 qui
845 3535 959 3597 eximiis
981 3535 1113 3598 laudibus
1135 3535 1367 3600 celebrarentur.
1410 3536 1500 3620 Atqui

121 3650 230 3714 nullum
260 3648 315 3711 hos
338 3649 412 3709 inter
440 3647 565 3726 illosque
587 3644 759 3719 discrimen,
788 3644 892 3724 quihus
913 3645 989 3726 apud
1010 3646 1129 3711 Paulum
1143 3648 1170 3679 ⁸³
1195 3645 1270 3710 haec
1294 3656 1357 3712 erat
1377 3655 1499 3726 tessera,

184 3852 231 3927 ⁸⁷)
252 3850 339 3924 Epiil·
361 3849 394 3905 td
415 3846 534 3903 Corlnlh·
556 3845 583 3917 §-
598 3843 700 3901 XLVIL
897 3845 943 3921 ³⁰)
969 3846 1028 3903 lloc
1048 3846 1191 3905 Clementis
1216 3851 1370 3907 testimonio
1393 3852 1500 3907 ridetur

182 3958 230 4034 ⁸⁸)
263 3957 377 4012 Videtur
403 3954 524 4010 Clemens
555 3946 605 4009 τοῦ
634 3941 788 4026 εὐαγγελίου
836 3957 911 4006 extra
932 3955 1140 4010 conuouersiam
1162 3957 1236 4031 poni,
1258 3957 1373 4030 cepham
1388 3974 1403 4012 ε
1417 3957 1498 4012 Paulo

121 4066 229 4121 nomine
255 4065 339 4137 ipsam
367 4059 439 4116 Pauli
466 4057 607 4131 epistolam
636 4057 786 4127 designare.
810 4066 1008 4114 memoratum
1034 4062 1119 4133 ipsum
1140 4077 1201 4118 esse
1221 4063 1403 4137 apostolorum
1427 4063 1500 4135 prin-

121 4173 192 4230 Sane
214 4169 346 4242 Origenes
369 4167 402 4222 ud
423 4165 512 4222 llatth.
533 4163 603 4219 lilii.
625 4163 672 4219 45.
700 4161 786 4218 locum
836 4162 922 4235 cipem
945 4164 1057 4221 Petrum.

121 4295 156 4335 ex
176 4278 196 4335 1.
212 4276 274 4333 Cor.
292 4273 349 4330 llll.
370 4273 422 4347 15,
443 4279 471 4327 et
491 4272 634 4343 Gregorius
654 4283 785 4340 nyssenus
858 4283 861 4289 ’

122 4385 155 4440 ad
176 4380 351 4455 Theophilum
377 4378 574 4435 alexandrinum
599 4390 660 4431 con.
681 4373 786 4447 Apolli-

122 4507 223 4563 narem,
245 4496 346 4545 textum
366 4502 401 4542 ex
420 4485 441 4540 l.
457 4485 518 4542 ioh.
535 4483 568 4539 V.
586 4481 632 4538 tit.
653 4480 786 4552 evangelii
898 4479 942 4553 ⁴¹)
963 4479 1036 4537 idem
1061 4496 1166 4553 quoque
1191 4482 1295 4538 censuit
1313 4481 1499 4558 llichhornius,

121 4598 230 4654 nomine
264 4593 404 4666 appellant
455 4590 529 4646 idem
559 4604 624 4644 sero
656 4586 786 4658 Origenes
837 4600 914 4657 quem
945 4602 960 4641 e
986 4587 1181 4644 recentioribus
1211 4603 1264 4644 non
1294 4590 1373 4662 pauci
1403 4592 1500 4647 sectati

122 4703 235 4778 praelat
263 4714 360 4756 comm.
389 4698 416 4753 in
441 4697 604 4768 iohannem,
638 4700 666 4749 et
694 4698 788 4748 auctor
836 4696 906 4747 sunt.

122 4809 281 4865 Constitutt.
302 4802 452 4878 Apostolic.
473 4801 518 4858 lih.
537 4799 558 4855 Ι.
579 4816 638 4872 cap.
651 4798 685 4855 V.
705 4812 788 4853 evan·

124 4915 191 4989 palii
218 4913 298 4971 titulo
323 4911 408 4969 libros
435 4924 527 4965 omues
555 4908 585 4962 N.
614 4906 643 4961 Τ.
671 4903 788 4977 comple-

127 5026 240 5079 ctuntur.
734 5047 736 5053 ι
899 5006 944 5083 ⁴⁸)
965 5005 986 5064 l.
1004 5005 1067 5063 Gor.
1088 5007 1108 5083 l.
1131 5005 1177 5062 12.

897 4321 942 4397 ⁴⁰)
961 4321 982 4378 1.
1005 4321 1066 4380 Cor.
1086 4323 1108 4379 1.
1131 4322 1177 4380 12.

898 4849 944 4926 υ)
964 4848 1026 4905 εει
1047 4848 1093 4905 ro.
1114 4849 1162 4907 ee.
