3374 5388
214 260 275 320 ⁴8⁴
704 256 836 322 muttit
876 255 1113 325 SECUNDUS

212 424 375 508 prophetae
390 428 418 460 ⁸²
435 424 540 489 Amasi
560 424 652 490 rerba
666 426 703 490 ad
723 433 858 508 tempora
871 424 1001 491 Messias
1022 426 1450 507 adcommodatissimum
1473 445 1549 509 quae
1561 428 1599 492 de

214 532 326 614 templo
347 533 414 598 illos
436 532 617 598 intellexisse
637 537 686 617 qui
707 535 791 598 loeus
814 544 879 599 erat
898 534 1098 600 nummata
1116 536 1288 619 recipiendo
1309 536 1346 599 alr
1368 537 1432 618 ipso
1452 534 1599 600 Danum·

213 644 383 723 destinatus,
408 651 454 707 est
473 662 546 708 sane
560 644 731 708 verisimile.
774 645 807 708 ll
829 645 951 719 Quoties
965 646 1003 709 do
1018 644 1122 726 templi
1136 644 1387 728 reaedificatione
1400 646 1558 728 loquuntur
1571 652 1596 681 ⁵⁴

214 761 331 818 veteres
351 752 532 835 prophetae,
554 754 592 816 ita
607 753 685 816 illam
708 753 916 835 utplurimum
937 753 1072 830 efferunt,
1091 764 1124 819 ut
1144 756 1182 819 de
1195 754 1413 839 fundamentis
1434 757 1499 820 eius
1520 775 1600 820 uren

213 865 324 927 tionem
347 863 461 943 iaeiant,
483 863 563 926 unde
583 862 679 948 facile
691 870 754 926 erat
774 872 806 928 ut
819 863 1011 946 colligerent,
1043 885 1060 929 a
1081 865 1183 947 primis
1202 865 1297 947 usque
1318 865 1516 930 fundamentis
1537 866 1599 930 iore

213 974 277 1037 eius
305 972 360 1036 sub
385 971 495 1036 llessia
522 973 776 1036 restaurationem.
820 972 861 1037 lta
886 974 1020 1038 uidemus
1047 994 1136 1058 quam
1163 984 1230 1058 apte
1259 976 1297 1039 de
1326 975 1522 1040 fundamentis
1551 995 1600 1040 ee·

213 1083 324 1146 etesiae
347 1083 491 1165 ponendis
520 1083 685 1146 meminerit
707 1082 849 1147 Salvator.
880 1084 925 1146 lli.
956 1083 1068 1148 'lamen
1100 1082 1245 1164 ternplum
1271 1085 1330 1149 lroe
1358 1082 1516 1165 Moesiae,
1543 1104 1600 1149 non

122 1236 125 1241 «
212 1191 321 1256 literae
345 1200 418 1271 erat,
440 1192 494 1256 sed
515 1199 686 1274 mysticum,
707 1193 876 1275 etquidem
897 1201 1002 1257 musar
1021 1194 1108 1275 illud,
1137 1202 1169 1257 ut
1189 1213 1207 1258 a
1228 1194 1338 1277 templo
1357 1194 1408 1258 illo
1430 1194 1599 1259 iudaeorum

212 1304 270 1366 rita
290 1302 428 1367 destituto
449 1302 687 1385 distingueretur,
710 1305 818 1385 quippe
838 1302 918 1386 quod
934 1301 994 1366 lter·
1014 1305 1101 1368 etiam
1124 1310 1186 1367 atat
1206 1311 1253 1367 est
1266 1304 1417 1386 templum,
1439 1322 1500 1386 quo
1520 1305 1601 1369 titulo

213 1412 292 1478 Deus
319 1413 492 1476 iudaeorum
520 1433 536 1477 a
567 1416 698 1497 gendum
719 1413 805 1477 idolis
832 1415 862 1477 in
883 1414 919 1477 V.
950 1413 982 1476 T.
1011 1413 1205 1496 distinguitur.
1249 1411 1315 1476 Nou
1336 1415 1426 1496 igitur
1446 1412 1600 1494 lapidibus

211 1522 265 1586 sed
284 1529 428 1602 personia
450 1531 564 1587 oonstat
584 1522 784 1588 hoellessiae
804 1525 953 1606 templum.
996 1520 1267 1604 superaedificati,
1289 1525 1420 1605 inquit⁵⁸
1444 1524 1602 1607 apostola

211 1652 306 1711 ruper
320 1626 560 1715 sundommtunr
581 1632 789 1713 apostolorum
808 1642 839 1697 et
857 1630 1083 1714 prophetarum,
1106 1640 1173 1713 ipso
1193 1653 1312 1695 mano
1331 1633 1480 1718 aepulari
1499 1632 1602 1714 lapide

211 1738 295 1804 Jesu
310 1739 452 1805 Christo:
472 1748 505 1805 in
525 1762 585 1822 quo
605 1750 703 1806 ornnis
716 1741 892 1825 aedifiootio
912 1750 1091 1806 constructo
1111 1751 1222 1807 crearit
1243 1751 1275 1807 in
1291 1743 1437 1824 tenplum
1457 1753 1601 1808 senatun

213 1859 246 1914 in
267 1851 408 1916 Domito.
452 1849 491 1914 ln
520 1874 579 1932 quo
605 1860 634 1914 et
661 1873 714 1914 ror
748 1851 990 1935 coaedificamini
1021 1859 1053 1915 in
1081 1849 1291 1917 dubitandum
1322 1851 1383 1918 Dei
1414 1860 1449 1916 in
1476 1851 1598 1935 Spiritu

211 1970 329 2026 sancto.
372 1962 420 2026 lV.
444 1962 534 2043 igitur
555 1980 622 2024 eum
643 1960 702 2025 hoe
720 1963 815 2044 ipsum
836 1962 974 2045 templum
996 1969 1174 2041 epersonr’e
1196 1970 1321 2043 mustei,
1351 1981 1412 2027 non
1432 1971 1481 2027 est
1500 1965 1601 2045 utique

212 2072 374 2135 mirmdum
395 2072 421 2135 si
435 2069 677 2154 sundammtsrrr
697 2070 803 2134 habeat
823 2071 925 2135 itidem
945 2091 1119 2152 persenam,
1142 2091 1200 2136 nee
1214 2073 1286 2137 dura
1307 2074 1471 2137 istiusmodi
1492 2073 1602 2137 iooutio

210 2179 413 2259 existimanda,
435 2181 489 2243 sed
505 2182 633 2264 genuina
647 2182 752 2263 potius,
774 2182 878 2262 reique
893 2181 948 2263 ipsi
962 2181 1274 2246 accommodatissima.
1319 2184 1352 2245 V.
1374 2183 1407 2246 ln
1422 2182 1483 2247 hoe
1502 2191 1601 2248 mareu

211 2291 312 2372 tempti
336 2290 423 2353 huius
454 2289 629 2371 ιρινιιιιιιιιι
659 2311 679 2352 a
706 2287 864 2354 materiali
888 2290 1005 2353 diversa
1037 2299 1083 2354 est
1105 2292 1196 2371 ratio,
1230 2292 1309 2374 quod
1337 2310 1403 2355 eum
1431 2293 1599 2358 aediticium

212 2400 362 2463 materiale
379 2398 522 2480 pluribus
550 2403 656 2464 nitatur
676 2397 832 2479 lapididus
845 2382 1154 2484 fundamentalibus,
1183 2401 1332 2482 spirituale
1361 2408 1490 2467 maan
1521 2403 1603 2466 dum
1663 2458 1664 2467 ,

212 2516 289 2573 taxat
309 2509 423 2588 habeat,
445 2513 560 2594 quoties
582 2511 620 2575 de
640 2516 734 2573 unica
748 2510 895 2573 dumtaxat
909 2509 1077 2591 Scripturue
1091 2509 1249 2592 loquuntur
1262 2512 1290 2546 ⁸⁸
1314 2510 1453 2577 eeclesia
1493 2510 1603 2576 Petrae
1663 2590 1664 2599 ἵ

212 2618 350 2700 equidem
374 2637 480 2683 vocem
494 2622 604 2702 pariter
623 2638 659 2684 ae
673 2624 789 2699 πέτρου
808 2636 861 2700 pro
882 2618 1013 2701 quolibet
1032 2639 1117 2683 ramo
1130 2619 1254 2702 intelligi
1273 2638 1363 2702 posse
1379 2621 1485 2687 fateor.
1529 2624 1601 2685 Coun

212 2746 283 2791 uero
306 2729 344 2791 de
368 2729 491 2803 aedilicii
505 2729 713 2814 [anemoria
731 2736 895 2810 muroena,
918 2735 949 2792 ut
965 2732 993 2763 ⁵²
1018 2730 1083 2792 eius
1105 2728 1269 2793 firmitatem
1291 2731 1419 2813 denotet,
1442 2739 1504 2796 turn
1527 2750 1601 2795 uero
1661 2814 1662 2819 ἵ

210 2860 307 2902 onom
334 2846 513 2904 continuans
531 2862 650 2904 rasus·
668 2839 891 2922 intelligendum
910 2857 980 2903 esse
1001 2840 1165 2915 contendo,
1192 2824 1310 2922 quanm
1338 2842 1475 2905 nlmirmn
1503 2840 1605 2906 aaa·
1661 2824 1662 2881 l

210 2950 304 3030 ipsum
327 2966 387 3012 non
408 2949 485 3013 aliud
501 2957 547 3013 est
567 2968 654 3033 quarn
677 2969 819 3013 raam.
861 2948 902 3012 Ita
922 2957 1030 3030 petrae
1048 2968 1107 3032 ror
1128 2948 1186 3013 hoe
1208 2951 1237 3013 in
1257 2949 1325 3014 loeo
1339 2951 1513 3034 intelligitur
1534 2971 1603 3016 earm

210 3057 344 3139 apostolo
359 3057 501 3139 tribuitur,
523 3067 554 3122 ut
568 3059 691 3141 proinde
713 3058 784 3123 aliis
807 3058 905 3122 locum
927 3077 986 3122 non
1008 3058 1155 3140 relinquat
1167 3065 1221 3122 eut
1241 3060 1369 3142 maline,
1391 3078 1430 3124 ne
1451 3060 1602 3142 apostatis

211 3167 339 3248 quidem.
383 3169 423 3231 lta
441 3168 528 3231 etiarn
548 3165 628 3248 lapis
650 3167 813 3254 aequioris
834 3168 1041 3251 intelligendus
1063 3175 1117 3231 est.
1160 3168 1344 3251 Quamquam
1364 3170 1444 3233 enim
1466 3171 1496 3233 in
1517 3172 1600 3234 sedi·

210 3277 277 3341 licio
299 3277 442 3341 materiali
459 3275 565 3357 plnres
586 3280 645 3342 sint
665 3278 777 3360 lapides
798 3277 971 3360 angularem
997 3285 1028 3341 at
1054 3295 1113 3360 quo
1133 3295 1225 3341 sensu
1242 3276 1369 3341 Domino
1391 3279 1542 3360 tributor,
1572 3281 1600 3342 in

210 3386 344 3450 aedilicio
365 3387 506 3469 spirituali
526 3394 637 3450 eertum
659 3396 705 3452 est
723 3386 830 3468 plures
859 3405 928 3451 esse
958 3405 1018 3451 non
1040 3405 1139 3468 posse.
1184 3387 1231 3451 vt.
1253 3387 1345 3470 lgitur
1371 3390 1449 3452 siin
1469 3389 1528 3452 lroe
1549 3409 1602 3454 ee

211 3495 320 3558 alesine
340 3503 411 3578 typo
431 3496 804 3583 praetersundarnenturn
831 3494 999 3575 inoirtdtk,
1031 3498 1126 3579 ipsum
1147 3498 1284 3561 nimirum
1306 3496 1483 3579 Dominum,
1513 3500 1603 3564 inerit

212 3614 364 3688 praeterea
391 3606 470 3699 aliud
496 3606 631 3687 midde,
664 3605 865 3684 iomanem,
885 3614 915 3670 et
943 3606 1060 3688 quidem
1087 3605 1157 3670 iliud
1190 3608 1284 3689 ipsum
1311 3625 1431 3690 quoque
1454 3618 1602 3692 ιιιιιαιις

210 3717 342 3798 sequitur
369 3723 400 3779 et
429 3723 463 3779 ιιι
490 3717 623 3801 eloquiis
647 3715 785 3782 aranon
811 3722 960 3798 antityptr
988 3717 1106 3798 praeter
1132 3715 1277 3781 Christum
1307 3716 1385 3781 aliud
1413 3737 1484 3782 esso
1513 3722 1603 3784 etiarn

211 3826 428 3889 fundamentum
444 3826 558 3889 risibile
580 3834 610 3890 et
624 3827 791 3905 humanum,
812 3827 981 3909 pariterque
995 3827 1123 3905 unierrrn,
1142 3825 1223 3906 quod
1244 3843 1303 3889 non
1322 3825 1401 3890 aliud
1415 3847 1487 3893 esse
1508 3832 1601 3911 potuit

211 3954 299 4017 quarn
321 3937 510 4019 episeopus.“
684 3930 686 3935 ’
795 3949 797 3953 ’
1044 3942 1048 3949 ’
1098 3996 1101 4003 .

318 4050 367 4109 84.
411 4045 492 4119 Quae
519 4047 637 4128 quidem
665 4047 762 4109 ornnia
785 4064 882 4127 neque
908 4053 986 4109 tanta
1007 4064 1095 4125 cura,
1128 4064 1225 4128 neque
1255 4052 1333 4111 tanta
1360 4047 1529 4129 prolixitate
1551 4049 1603 4112 de

211 4155 406 4236 scripsissem,
427 4156 482 4217 nisi
497 4140 649 4236 quoddam*
661 4157 748 4219 veluti
763 4156 875 4237 ingenii
897 4155 997 4218 lumen
1010 4154 1167 4238 referrent,
1189 4156 1337 4239 multaque
1355 4159 1399 4219 rei
1413 4155 1605 4221 tttusrmnoaa

275 4355 320 4430 ⁵²)
341 4354 493 4412 naas-tx.
517 4354 562 4413 ti.
930 4358 967 4412 sit
987 4358 1127 4431 mystieum
1147 4358 1245 4415 curistt
1266 4373 1381 4434 eorpus,
1400 4362 1472 4417 etri
1493 4358 1603 4432 qnando

274 4487 319 4563 ιι)
340 4488 360 4544 q
379 4488 491 4561 qrmqp,
514 4487 598 4545 xpp,
621 4487 646 4546 1,
795 4474 798 4479 “
822 4512 826 4520 .
929 4464 1042 4537 plurium
1063 4471 1188 4522 ooetnurn
1209 4466 1372 4522 mentionem
1400 4464 1542 4540 inlinient,
1570 4466 1604 4522 il-

276 4618 321 4693 ὁι)
340 4619 375 4675 n.
397 4618 488 4677 xrrv.
510 4619 563 4693 ee,
586 4620 686 4677 raam.
707 4618 789 4677 xxx.
813 4620 859 4678 ra.
929 4569 1604 4751 'offifflzffljffizffi

274 4752 319 4825 ⁸⁵)
338 4751 437 4824 Epiros.
459 4752 494 4835 ΙΙ.Ι
514 4750 739 4809 20-21-22.
789 4800 791 4805 .
929 4783 1069 4857 emmiu,
1095 4784 1169 4857 quod
1188 4797 1242 4840 m
1261 4783 1411 4856 me
1431 4790 1486 4842 m
1505 4785 1602 4842 m
1663 4834 1664 4849 χ

276 4881 321 4955 ³⁶)
348 4882 429 4955 Atqui
454 4884 575 4957 nuspiam
596 4886 751 4957 scripturae
771 4884 880 4959 loquun-
931 4888 979 4945 lriti
1000 4904 1079 4961 quana
1099 4891 1201 4949 risibili
1222 4891 1310 4964 eapite
1329 4897 1446 4963 raam.

215 4993 256 5041 tor
280 4987 331 5042 nisi
360 4988 393 5042 de
419 4991 495 5046 unies
517 4989 646 5063 adelesia,
676 5006 754 5063 quarn
776 4993 878 5049 ooieum
993 4996 1037 5069 ⁵⁷)
1058 4996 1370 5073 nrut.vtt.24·-25,
1392 4998 1455 5057 luo.
1469 4998 1577 5057 vise.
