3324 5382
655 309 802 376 CAPUT
842 308 949 376 xvir.
1431 314 1488 373 ssr

110 478 291 541 Αιιαοτίιειο
311 485 494 543 τοιειιαοτιε
513 477 624 540 maiore
645 477 725 540 illum
744 478 918 556 eminuisse,
947 475 1015 540 inde
1037 476 1147 557 liquido
1170 479 1294 558 eruitur,
1317 477 1396 559 quod
1416 480 1494 541 inter

109 587 237 651 creditos
266 587 322 650 sibi
350 605 425 651 oves
447 586 596 668 apostolos
618 605 736 670 quoque
758 588 840 669 ipsos
860 588 1030 650 nommant.
1072 585 1113 648 lli
1132 605 1230 669 nequo
1251 588 1422 651 auotoritme
1443 606 1492 650 oa·

106 698 204 760 ruisse
226 715 302 779 quoe
326 696 403 761 loret
423 702 594 759 intensione
615 697 723 776 maior,
749 697 796 760 sin
817 698 913 759 minus
934 713 972 758 oo
993 697 1113 759 nomine
1135 696 1315 778 ostenditur,
1337 695 1417 779 quod
1438 696 1492 760 aii·

108 824 185 888 quos
206 807 269 887 ipse
289 806 381 869 edere
408 812 491 869 aetus
518 806 662 887 potuerit,
694 821 769 887 quos
796 804 920 887 apostoli
948 804 1053 887 reliqui
1080 805 1171 869 edere
1197 824 1257 869 non
1285 813 1424 889 possent,
1455 823 1492 869 eo

108 924 192 980 certe
218 916 379 999 colligitur,
407 915 485 997 quod
510 922 592 979 οοίια
619 913 758 995 apostolis
782 917 993 978 σοιααιαιεοΗ
1017 934 1077 979 non
1099 917 1170 978 oilro
1193 918 1303 996 supitii
1330 911 1494 995 ὑπεροχήν

1 1049 2 1124 j
108 1034 140 1089 et
162 1033 343 1089 oecumenici
363 1033 501 1105 portoria
524 1022 671 1103 ἐξουσίαν
690 1022 792 1087 Petrus
813 1033 1037 1107 exsequeretur.

217 1142 287 1199 239.
330 1134 482 1199 Accedunt
506 1135 538 1198 V.
566 1133 625 1199 looi
652 1133 867 1216 significatione
895 1135 1048 1214 simillimi,
1078 1135 1182 1216 quihus
1211 1133 1389 1215 edocemur,
1421 1134 1492 1197 nihii

1 1251 2 1272 ¹
107 1245 254 1308 contineri
274 1247 301 1277 ²³
332 1245 501 1326 phrenion,
533 1245 585 1307 sni
612 1242 706 1328 ταύτῃ
732 1247 770 1329 τῇ
794 1249 892 1327 πέτρᾳ
920 1241 1121 1326 οἰκοδομήσω
1149 1265 1213 1325 μου
1233 1236 1289 1319 τήν
1309 1243 1492 1321 εκκλησίοινε

108 1351 206 1418 δοίσω
232 1356 284 1418 σοί
311 1348 369 1430 τάς
394 1354 478 1429 κλεῖς
506 1355 558 1431 τῆς
578 1351 738 1437 βασιλείας
759 1356 822 1419 τῶν
842 1352 1004 1434 οὐρανώνε
1031 1342 1057 1417 ’ὃ
1076 1347 1133 1416 ίάν
1154 1350 1249 1435 δήσής
1269 1352 1319 1416 dni
1342 1355 1395 1429 τῆς
1418 1355 1491 1435 γῆς,

109 1467 196 1528 ἔσται
217 1462 383 1546 δεδεμένον
403 1467 523 1536 ἐντοῖς
544 1461 710 1545 οάρανοῖςι
738 1456 758 1528 h*
777 1458 834 1528 ίάν
854 1462 948 1547 λύσῃς
969 1465 1020 1527 ἐπὶ
1041 1464 1092 1541 τῆς
1113 1464 1187 1545 γῆς,
1218 1464 1304 1526 ἔσται
1325 1461 1492 1543 λελυμένον

107 1579 143 1636 όν
157 1579 223 1648 τοῖς
244 1572 411 1654 siponeis:
430 1574 484 1637 καὶ
505 1574 544 1637 σύ
565 1594 639 1637 ποτε
660 1579 850 1657 ἐπιστρέψας
872 1569 1016 1653 στήριξον
1036 1570 1109 1647 τούς
1130 1570 1293 1657 ἀδελφούς
1314 1589 1390 1635 ooo:
1414 1573 1492 1653 quod

1 1721 2 1728 ι
108 1701 170 1745 non
198 1684 377 1765 exprimatur
404 1683 552 1760 formulis,
585 1681 679 1766 βόσκε
706 1679 745 1747 τά
772 1682 867 1766 ἀρνία
893 1704 974 1765 μον,
1008 1685 1155 1765 ποίμαινε
1182 1675 1221 1746 τά
1251 1680 1395 1765 πρόβατά
1416 1703 1490 1765 μου.

1 1841 2 1888 i
108 1791 200 1854 Huius
221 1794 299 1855 enim
323 1791 529 1874 ἱσοδυναμίας
551 1791 668 1872 duplex
690 1796 817 1875 suppetit
840 1801 934 1869 sotio,
966 1795 1057 1857 altera
1080 1811 1154 1875 quse
1177 1814 1220 1856 ere
1240 1791 1365 1875 infinita
1386 1794 1492 1874 petitur

106 1901 333 1986 aipnifieolione
355 1903 511 1965 verborum
532 1899 657 1984 βόσκειν
677 1904 730 1967 καὶ
750 1905 942 1984 ποιμαίνειν,
972 1921 1117 1985 quamque
1144 1903 1309 1985 urgendum
1331 1920 1400 1966 esse
1420 1918 1492 1964 oon·

108 2019 206 2074 textus
227 2010 400 2092 persuadet:
424 2030 459 2073 ac
476 2010 567 2075 altera
586 2031 661 2094 quae
681 2012 750 2075 inde
771 2012 893 2093 ducitur,
916 2012 994 2096 quod
1009 2013 1166 2094 postremis
1181 2011 1312 2075 formulis
1327 2018 1492 2092 exequutio

110 2142 219 2184 eorum
243 2128 493 2200 prmniseionunr,
522 2122 818 2201 ἀετίίααίίοααταραε
843 2122 1030 2203 exhiheatur,
1060 2140 1133 2204 quos
1159 2124 1274 2204 priores
1298 2121 1422 2204 phrases
1443 2139 1491 2184 re-

1 2209 2 2246 *
109 2236 306 2311 praesentant.
348 2230 464 2294 Priores
486 2239 582 2294 autem
604 2231 727 2312 phrases
749 2239 922 2313 potestatem
943 2231 1075 2296 referunt
1096 2251 1155 2295 non
1178 2234 1417 2308 communem²⁴,
1438 2231 1492 2295 sed

1 2401 2 2410 ,
106 2346 277 2419 proprian,
298 2341 352 2403 sed
373 2362 539 2419 sommam,
562 2359 706 2422 quamque
729 2342 844 2423 ipsimet
865 2341 989 2423 apostoli
1007 2351 1226 2405 revererentur.

217 2449 287 2512 Jure
309 2451 397 2532 igitur
419 2450 464 2513 vl
486 2449 585 2514 Patres
608 2469 674 2513 cum
689 2449 939 2533 ΟίιτγεοεῑοωοΗ
964 2459 1100 2532 statuunt,
1124 2453 1222 2517 verbis
1237 2451 1342 2515 Christi
1357 2450 1491 2516 tribulam

109 2560 202 2621 fuisse
223 2559 309 2623 Petro
331 2553 387 2636 τήν
409 2560 603 2641 προστασίαν
625 2564 688 2625 τῶν
708 2560 875 2648 ἀδελφῶν,
904 2562 999 2643 iisque
1027 2563 1204 2625 tantumdem
1232 2561 1427 2643 significatum
1455 2581 1490 2626 ao

108 2677 252 2750 procerte
273 2666 435 2753 frutribus
463 2676 635 2747 uniuersis,
666 2691 701 2733 ac
724 2673 786 2735 iore
809 2671 1044 2754 'theophylactus
1058 2675 1086 2706 ²⁸
1111 2692 1146 2735 ea
1167 2680 1305 2754 repetens
1327 2691 1402 2754 quae
1423 2691 1491 2754 per·

2 2829 3 2842 .
110 2782 180 2843 enni
200 2780 353 2842 traditione
376 2780 412 2842 ad
435 2799 501 2842 eum
523 2798 616 2861 usque
640 2779 830 2859 devenerant,
852 2781 966 2843 serihit:
1013 2778 1073 2865 Τῷ
1091 2780 1205 2864 Πότρῳ
1225 2776 1279 2859 τήν
1298 2782 1493 2865 προστασίαν

1 2877 2 2884 ¹
109 2890 172 2951 τῶν
192 2890 245 2964 τῆς
268 2891 451 2970 οἰκουμένης
472 2887 640 2971 προβάτων
662 2887 845 2972 ἐγχειρίζει,
878 2886 937 2954 οὐκ
957 2886 1044 2975 ditm
1065 2889 1117 2967 de,
1148 2889 1232 2957 ἀλλά
1252 2892 1352 2977 τούτῳ
1379 2891 1492 2969 ταύτην

110 2997 232 3073 δίδωσι,
255 3001 382 3080 πρῶτον
396 3003 463 3074 μέν,
484 2998 531 3061 ότι
552 2996 679 3065 πάντων
699 3004 839 3081 ἔκκριτος
853 3001 906 3064 καί
924 3003 1023 3082 στόμα
1043 3004 1100 3064 τοῦ
1116 3003 1219 3083 χοροῦ
1239 3006 1364 3078 παντός,
1386 3004 1491 3066 ἔπειτα

111 3102 234 3183 δεικνάς
256 3106 358 3191 αὐτῷ,
383 3106 430 3170 δ’τι
452 3115 514 3189 χρή
535 3108 687 3193 stuppeis,
710 3106 755 3185 οίς
776 3112 828 3187 τῆς
848 3108 1011 3192 ἀρνήσεως
1031 3106 1251 3193 ἐξειλημμένής.

218 3224 289 3280 240.
337 3217 447 3291 Quibus
476 3218 676 3301 expoliendis,
712 3220 976 3327 confirmandisqup
1002 3223 1281 3302 opportunissimum
1310 3225 1380 3303 erit,
1414 3241 1490 3304 quae

110 3327 241 3391 Christus
264 3335 293 3390 et
314 3326 417 3391 Paulus
436 3327 474 3390 de
493 3349 619 3391 munem
636 3336 773 3409 portoria
794 3328 926 3410 tradunt,
954 3330 1084 3394 nonnihil
1106 3333 1293 3413 expendere,
1324 3342 1385 3396 tum
1406 3352 1491 3415 prae·

1 3513 2 3528 ¹
110 3455 182 3499 sens
204 3434 412 3499 ellatumoum
434 3456 471 3499 eo
495 3438 572 3518 quod
594 3446 640 3501 est
660 3439 736 3520 apud
756 3438 902 3501 Lucam²⁷
923 3447 1049 3519 propius
1072 3462 1255 3521 componere.
1294 3441 1393 3524 ltaque
1416 3444 1492 3506 inter

110 3564 233 3609 munera
259 3548 383 3628 pastoris
411 3545 480 3609 illud
502 3546 596 3611 semel
616 3567 652 3611 ac
672 3566 805 3629 rursum,
836 3567 892 3610 eeu
913 3550 1042 3612 omniurn
1065 3552 1287 3633 gravissimum,
1318 3551 1447 3615 Christus
1460 3556 1489 3586 ²⁸

1 3703 2 3706 .
110 3662 311 3736 connumerat,
334 3656 416 3734 quod
435 3652 475 3717 oh
497 3678 532 3719 eo
552 3677 623 3720 noer
644 3658 836 3736 erudiuntur,
856 3657 1035 3722 salubribus
1057 3658 1266 3743 informentur
1287 3660 1443 3738 doetrirris,
1462 3669 1492 3725 er

111 3764 154 3827 ud
173 3772 291 3827 rectum
312 3771 524 3846 sinceramque
537 3765 634 3848 fidem
651 3766 875 3847 provehantur:
902 3767 1006 3851 Ὑμεῖς
1027 3767 1065 3831 οά
1087 3768 1257 3833 πιστεύετε·
1279 3768 1318 3833 οὐ
1338 3767 1403 3853 γάρ
1423 3775 1491 3834 ἐστε

1 3950 2 3959 ¹
110 3878 146 3935 dx
165 3876 229 3936 rain
250 3870 420 3955 προβάτων
439 3878 503 3938 ταῖν
521 3879 622 3951 ἐμῶν.
656 3875 772 3953 καθιείς
799 3873 889 3941 είπον
915 3876 1007 3960 ὑμῖν,
1042 3876 1081 3942 τά
1112 3878 1253 3962 πρόβατα
1281 3877 1319 3943 τά
1347 3879 1407 3961 ipe*
1438 3883 1491 3958 τῆς

1 4005 2 4076 J
111 3985 220 4067 φωνῆς
241 4004 305 4066 μου
325 3980 448 4058 ἀκούει,
470 3978 730 4067 κάγοί,γιναίσκω
750 3984 848 4063 αὐτά,
875 3988 928 4050 καί
947 3985 1165 4052 ἀκολουθοῦσί
1185 4011 1249 4072 μοι.
1291 3989 1395 4054 Paulus
1418 4009 1491 4053 vero

2 4590 3 4595 η
114 4508 210 4580 reliqui
237 4511 353 4583 apostoli
377 4514 527 4569 oomeotire
553 4528 612 4568 oum
632 4513 711 4569 Petro
731 4513 778 4569 de·

2 4622 3 4717 }
113 4614 221 4691 herent,
248 4617 311 4673 hoio
330 4625 417 4675 sutem
437 4620 479 4679 ius
499 4626 572 4676 esset
591 4620 776 4677 eonsensionis

110 4093 148 4156 de
165 4094 323 4157 institutos
339 4094 453 4156 Christo
468 4095 497 4157 in
512 4095 639 4159 eeclesia
657 4098 817 4160 ministerio
831 4101 871 4179 ²⁹,
895 4099 949 4160 ait:
985 4093 1056 4161 Καὶ
1076 4096 1172 4172 αὐτὸς
1193 4096 1307 4175 ίδωκε,
1329 4094 1403 4175 τοάς
1422 4107 1490 4182 μέν,

2 4282 3 4307 1
111 4201 321 4279 ἀποστόλους,
342 4197 414 4279 τούς
436 4203 480 4280 δι’,
502 4204 678 4289 προφήτας,
699 4203 773 4281 τούς
795 4205 839 4282 δέ,
860 4204 1093 4290 εὐαγγελιστάς,
1115 4203 1189 4284 toric
1204 4207 1249 4285 δέ,
1269 4216 1423 4291 ποιμένας
1438 4213 1489 4275 καί

176 4403 222 4478 ²²)
248 4403 322 4470 Quae
346 4395 469 4483 ὑπεροχή
497 4421 531 4463 eo
557 4407 721 4480 pertinebat,
750 4414 779 4464 ut
890 4408 1346 4483 2⁸)1nrohn0mtxxxvffl.

888 4566 932 4642 ²⁶)
954 4567 1056 4625 Comm.
1077 4568 1105 4625 in
1124 4568 1186 4627 doh.
1205 4569 1276 4628 xxt
1300 4570 1346 4627 15.

115 4722 292 4796 imperandae
887 4725 932 4800 ²⁷)
953 4724 1016 4783 Loo.
1036 4726 1117 4785 xxti
1139 4726 1279 4784 st-se.

178 4879 223 4954 ²³)
239 4882 329 4938 lirtth.
341 4882 411 4940 xvi.
424 4882 549 4958 18-20,
562 4884 624 4942 luo
635 4882 716 4940 xxfl.
728 4883 775 4941 32.
886 4883 931 4957 ²⁸)
952 4884 1013 4941 ioh.
1033 4885 1066 4942 Χ.
1087 4884 1433 4944 3-4-8-26-27.

180 5038 225 5115 ²⁴)
245 5038 308 5116 Cap.
328 5040 372 5100 ill.
393 5056 466 5117 seqq.
888 5041 932 5119 ⁴¹⁰)
952 5041 1050 5118 Ephes.
1071 5043 1117 5103 lv.
1139 5043 1186 5104 11.
