3358 5400
645 247 789 317 cotun
829 247 939 317 XXV·
1418 250 1481 311 249

110 419 176 483 stoli
194 417 375 502 simpiciter,
396 437 526 504 praeque
548 420 682 485 obnoxiis
703 419 843 504 pratibus
864 416 948 503 primi
969 423 1052 498 sunt,
1079 406 1228 483 utnullu's
1248 417 1399 482 intereos
1419 435 1481 482 me·

114 529 166 593 iori
189 531 354 594 auctoritate
379 530 554 613 praecellat,
581 530 694 608 idest,
720 531 765 595 sic
792 529 915 613 aposloli
936 535 1004 593 stunt
1023 527 1123 610 primi,
1150 535 1182 591 nt
1202 528 1261 593 sint
1281 529 1369 592 etiarn
1388 528 1481 592 unde·

115 657 221 721 quaque
234 658 330 722 pares
373 640 433 706 Sed
452 640 597 705 eiusmodi
614 641 786 720 additiones,
808 639 1078 719 conversionesque
1091 637 1321 720 propositionum
1334 637 1481 703 haeresim

114 748 223 830 quidem
242 750 463 831 protestantium
485 750 648 832 continent,
669 749 749 814 Penii
771 766 844 813 vero
866 748 1027 811 doctrinam
1050 745 1215 811 nubatenus
1235 747 1375 811 reientnt

210 864 280 922 324.
322 858 414 922 hnmo
435 858 471 922 eb
494 878 531 923 ea
550 861 595 924 sic
608 859 774 940 abhorrent,
796 865 828 922 ut
847 857 918 921 nihil
938 858 1014 921 inter
1033 862 1188 938 utrumque
1204 855 1338 921 hostilius
1359 856 1483 939 cogitari

109 984 193 1050 posse
212 968 353 1031 uideatur.
397 968 494 1032 lbndit
514 970 667 1034 enimvero
689 969 854 1051 repetitque
878 967 983 1030 Penius
1004 966 1137 1029 eminere
1157 967 1316 1049 apostolos,
1338 968 1481 1031 omnium-

110 1095 164 1159 que
182 1078 295 1158 primos
316 1080 346 1141 in
365 1078 492 1141 ecclesia
507 1097 575 1141 esse
590 1078 777 1142 constitutos:
799 1075 854 1140 sed
876 1083 1007 1139 mutuum
1028 1093 1130 1140 eorum
1150 1084 1318 1159 respectum
1337 1095 1373 1141 ac
1394 1077 1483 1141 veluti

107 1183 242 1250 mosum
271 1205 369 1270 neque
394 1188 520 1270 explicet
546 1206 643 1269 neque
671 1186 779 1251 delinit.
820 1184 887 1249 Non
916 1185 1041 1267 explicat
1067 1193 1163 1249 utrum
1188 1184 1341 1266 aequales
1357 1193 1481 1267 penitus

106 1296 226 1375 luerint,
258 1315 358 1378 neque
382 1297 482 1369 delinit
501 1318 574 1360 nam
596 1319 679 1361 onae
692 1295 780 1380 forte
800 1293 917 1359 alteros
938 1293 1052 1358 honore
1073 1304 1161 1378 utque
1181 1297 1353 1360 auctoritate
1375 1296 1483 1360 ceteris

106 1406 316 1470 antecelluerit.
360 1407 457 1481 Quare
478 1413 510 1469 nt
530 1406 567 1470 de
591 1407 653 1487 his,
675 1406 861 1488 quibus-tote
881 1410 995 1467 constat
1014 1408 1176 1486 praesentis
1195 1406 1415 1471 controversiae
1436 1424 1483 1469 aa·

103 1517 160 1598 tio,
180 1523 248 1599 epte
268 1515 425 1595 iudicetur,
445 1534 571 1580 necesse
592 1518 711 1580 omnino
733 1522 779 1579 est
798 1533 864 1577 cum
886 1512 1009 1576 obiectis
1031 1515 1205 1579 testimoniis
1227 1516 1283 1580 alia
1304 1535 1483 1599 componere

104 1644 178 1708 qnae
207 1626 363 1709 Scripturis
390 1627 561 1709 consignata
588 1626 627 1691 ad
648 1634 775 1689 mutuam
802 1625 880 1686 inter
901 1621 1050 1704 apostolos
1075 1630 1184 1702 σχέσιν
1203 1625 1378 1689 reseruntur.
1421 1625 1482 1690 Ne·

105 1753 190 1799 cesse
212 1743 261 1799 est
281 1736 434 1818 cvangelio
455 1735 624 1815 considere,
652 1735 815 1817 primitivae
837 1731 982 1796 ecclesiae
1009 1732 1161 1797 historiam
1185 1735 1370 1817 expendere,
1401 1742 1432 1798 et
1457 1736 1483 1799 si

106 1863 182 1927 quae
211 1848 243 1909 in
270 1845 336 1908 aliis
366 1846 496 1927 epistolis
529 1853 578 1908 aut
606 1844 716 1907 diserte
743 1841 849 1905 Paulus
877 1841 1040 1924 scripserit,
1074 1849 1122 1905 aut
1149 1851 1311 1926 opportune
1340 1843 1483 1926 indicarit,

105 1954 262 2038 diligenter
288 1955 486 2018 considerare.
528 1953 623 2028 Ouum
646 1954 724 2017 enim
745 1953 870 2034 ipsemet
891 1958 1030 2033 testetur,
1060 1954 1221 2037 principem
1240 1956 1270 2017 in
1292 1954 1420 2019 ecclesia
1440 1954 1484 2017 lo·

105 2083 185 2145 cnm,
207 2064 323 2128 Christo
343 2073 480 2143 auctore,
502 2063 641 2146 apostolis
662 2063 838 2141 convenire,
861 2079 958 2144 neque
979 2060 1009 2125 id
1029 2064 1070 2125 uti
1090 2081 1143 2145 per
1164 2071 1210 2129 est
1232 2064 1364 2147 intelligi,
1384 2081 1483 2146 neque

104 2175 211 2256 erponi
231 2180 367 2237 accurate
385 2181 496 2256 potest,
518 2175 574 2237 nisi
594 2175 675 2256 prius
696 2172 801 2238 Christi
822 2169 979 2249 ordinatio,
1002 2171 1199 2255 institutisque
1219 2173 1299 2237 clere
1318 2173 1484 2237 evidenter-

106 2302 164 2365 que
184 2286 352 2347 innotuerit.
1181 2358 1185 2367 1

7 2462 8 2467 χ
187 2394 287 2469 ·Οιιίιι
313 2411 402 2476 porro
430 2401 476 2457 est
505 2393 584 2476 quod
612 2393 659 2456 vel
688 2393 718 2455 in
745 2390 909 2473 evangeliis
930 2392 1093 2472 cemimus,
1123 2393 1170 2456 vel
1192 2394 1222 2456 in
1243 2392 1326 2458 lictis
1348 2393 1485 2475 legimus,

6 2536 8 2541 .
105 2505 151 2567 vel
171 2506 201 2568 in
223 2503 303 2566 Pauli
321 2503 424 2567 litteris
445 2500 630 2586 reperimusl
657 2519 761 2564 omnes
782 2518 821 2561 ne
842 2499 992 2581 apostolos
1012 2500 1105 2565 luisse
1125 2520 1245 2584 prorsus
1265 2503 1421 2585 aequales,
1448 2522 1486 2567 en

108 2622 206 2678 contra
229 2632 318 2678 unum
339 2613 464 2691 exiliis,
489 2632 615 2695 eumque
631 2613 779 2678 Simonem
794 2611 912 2673 Petrum
933 2609 1068 2673 omnibns
1090 2619 1119 2675 et
1140 2613 1263 2695 singulis
1281 2612 1486 2696 praerogativo

107 2727 283 2788 auctoritatis
313 2721 509 2787 excelluisse?
537 2743 614 2806 quae
642 2722 793 2803 hucusque
820 2738 879 2783 non
910 2719 1109 2802 perfunctorie
1130 2721 1310 2805 leviterque,
1344 2722 1399 2786 sed
1421 2722 1487 2786 date

107 2852 210 2916 opera,
240 2833 447 2917 diligentiaque
476 2852 533 2916 qua
559 2833 704 2916 potuimus
732 2830 834 2894 meiori
861 2831 891 2892 in
914 2830 1041 2894 medium
1063 2831 1249 2913 protulimus,
1276 2832 1485 2915 expendimus,

107 2944 324 3023 vindicavimus,
344 2945 382 3007 ite
403 2963 438 3008 se
460 2942 568 3006 habent
587 2949 620 3004 ιιι
639 2942 755 3004 Petrum
769 2940 894 3022 propriis
916 2940 1091 3022 eximiisque
1110 2948 1227 3004 auctum
1249 2942 1344 3025 donis,
1365 2944 1485 3025 potiori-

108 3069 163 3132 que
183 3054 353 3116 auctoritate
376 3054 513 3117 donatum
533 3051 697 3115 luculenter
713 3049 875 3113 ostendant.
919 3049 1002 3123 Quod
1025 3051 1102 3112 enim
1122 3049 1284 3116 Matthaeus
1306 3055 1336 3116 in
1357 3051 1487 3116 texendo

109 3163 303 3242 apostolorum
326 3163 500 3245 catologo²⁰
525 3160 641 3241 scribit,
663 3161 804 3241 πρῶτος,
826 3158 945 3242 Σίμων
965 3160 983 3221 d
1005 3159 1173 3243 λεγόμενος
1192 3159 1335 3243 Πέτρος,
1354 3167 1483 3242 prim,

8 3308 10 3321 ·
106 3268 215 3335 Sinon
242 3278 294 3351 qut
320 3273 433 3336 dimtur
462 3270 598 3347 Petrus,
626 3271 717 3351 idest,
745 3270 897 3352 princeps,
926 3277 1153 3353 ceterorumque
1180 3272 1244 3335 iure
1266 3279 1296 3334 et
1316 3271 1486 3335 auctoritate

107 3389 210 3462 caput,
232 3381 262 3444 id
281 3382 385 3446 Christi
410 3383 504 3465 gestis
525 3381 684 3463 dictisque,
707 3380 738 3443 id
759 3381 1006 3464 evangelistarum
1028 3381 1174 3445 scribendi
1195 3381 1324 3461 ratione,
1346 3381 1375 3444 id
1396 3380 1486 3445 histo·

107 3491 149 3554 ria
170 3494 319 3556 noscentis
341 3492 496 3572 ecclesiae,
518 3500 605 3574 atque
621 3491 649 3554 id
656 3491 741 3572 ¹Pauli
763 3489 903 3574 subrepto
916 3498 993 3555 tenta
1014 3493 1220 3574 perspicuitate
1240 3491 1435 3570 confirmatur,
1457 3499 1489 3555 ιιι

106 3599 220 3684 integre
238 3600 449 3685 scripturorum
464 3601 522 3665 bde
534 3603 638 3684 negari
658 3601 736 3664 haud
757 3602 859 3683 possit,
881 3600 974 3664 luisse
989 3600 1115 3682 Petrum
1136 3608 1168 3664 ut
1187 3601 1332 3666 Eusebius
1345 3605 1372 3635 ²¹
1397 3608 1487 3681 notet,

107 3706 160 3773 τὸν
173 3709 328 3794 xpcttepov
342 3711 396 3775 καὶ
411 3717 512 3793 μέγαν
526 3713 590 3774 τῶν
602 3710 797 3785 ἀποστόλων,
818 3710 872 3775 τὸν
885 3708 997 3792 ἀρετῆς
1015 3715 1107 3776 ἕνεκα
1126 3714 1191 3776 τῶν
1208 3711 1327 3776 λοιπῶν
1339 3707 1489 3776 ἁπάντων

9 3806 11 3835 ¹
108 3819 304 3903 προήγορον,
333 3822 380 3885 vel
402 3829 433 3885 ut
452 3822 588 3904 vulgatus
611 3821 768 3905 Dionysius
781 3824 809 3853 ²²
834 3822 947 3901 subdit,
972 3814 1027 3898 miv
1046 3821 1228 3905 κορυφαίαν
1242 3821 1297 3884 καὶ
1315 3818 1488 3904 πρεσβυτά-

107 3950 161 4006 την
180 3933 248 3995 τῶν
268 3930 435 4013 θεολόγων
455 3929 617 4013 ἀκρότητα.

213 4040 277 4115 Ouo
304 4043 392 4124 igitur
415 4049 500 4123 pacto
529 4059 588 4104 non
608 4040 751 4122 probabili
772 4041 954 4121 coniectura,
986 4058 1083 4122 neque
1110 4042 1190 4104 tenui
1216 4042 1398 4123 suspicione,
1432 4041 1488 4104 sed

10 4126 11 4147 ¹
108 4157 187 4213 certo
208 4148 371 4233 libretoque
393 4151 499 4214 indicio
521 4150 775 4231 interpretabimur
801 4149 881 4231 quod
909 4149 1027 4229 dicitur,
1057 4148 1153 4213 ἔθετο
1183 4151 1201 4212 ό
1222 4148 1304 4223 θεὸς
1330 4155 1365 4214 ἐν
1383 4152 1420 4234 τῇ
1438 4154 1488 4213 ἐκ-

110 4257 219 4340 xlqolqc
239 4261 365 4341 πρῶτον
384 4258 605 4335 decessiove?
626 4257 763 4322 uidelicet
784 4262 955 4327 necessario
972 4260 1010 4323 its
1024 4260 1292 4341 interpretabimur:
1316 4258 1404 4323 Deus
1426 4282 1487 4324 οσι-

108 4373 192 4430 mom
210 4375 325 4455 primos
344 4392 422 4450 prae
439 4367 609 4451 prophetis,
638 4365 850 4451 maspetum,
877 4366 1055 4447 pastoribus
1083 4376 1114 4431 ct
1134 4367 1308 4433 doctoribus
1330 4377 1433 4450 posuit
1454 4377 1488 4434 im
1542 4376 1544 4382 ‘

10 4464 12 4473 ’
110 4474 238 4541 ecclesie
258 4479 425 4560 apostolor,
446 4487 529 4561 ipsos
551 4486 656 4542 cutem
677 4475 829 4558 apostolos
850 4484 896 4540 ito
915 4486 1023 4542 mutuo
1044 4479 1182 4542 devincit
1203 4479 1429 4562 copulavitquc,
1451 4492 1486 4546 ut

109 4605 159 4648 eoa
179 4595 260 4652 soter
281 4597 477 4665 αιισιοσιισισ,
508 4594 676 4669 capitisque
696 4584 808 4650 bonore
829 4583 946 4650 Petrus
967 4588 1173 4653 antecelleret.
1216 4591 1297 4656 Sicut
1319 4593 1397 4657 enim
1417 4594 1488 4657 reli-

171 4872 216 4946 ”)
235 4872 325 4928 mh·
346 4872 380 4928 Χ·
401 4872 429 4928 2·
884 4874 1107 4950 ²²)1tedtvtnis
1128 4875 1294 4947 nominibus,
1315 4889 1374 4946 cap.
1395 4873 1439 4930 tlt.

171 4979 216 5056 ²¹)
237 4977 269 5036 il.
290 4977 321 5035 Ε.
343 4978 389 5037 tib.
403 4978 435 5037 11.
458 4993 514 5049 cap.
528 4975 597 5034 lllll.
