3258 5400
696 176 843 246 CAPUT
882 179 958 246 XX.
1452 182 1511 248 188

119 351 240 415 iniustis
262 366 382 434 operam
403 356 577 432 tempusque
598 348 750 433 ludamus,
772 359 803 415 et
823 369 882 435 quo
904 351 1107 415 contendimus
1128 349 1340 433 vehementius,
1364 370 1401 416 eo
1421 373 1438 417 a
1459 373 1512 418 ve-

13 447 16 451 *
115 463 211 525 ritate
233 461 351 545 longius
371 460 575 525 abscedamus.

231 576 301 634 229.
344 569 454 644 Quibus
474 568 617 647 iudicatis,
637 568 836 651 interrogabo,
859 570 1037 633 adverterint
1058 588 1114 633 nec
1131 590 1169 634 ne
1183 578 1387 652 protestantes,
1412 574 1509 637 ouius-

116 678 204 742 modi
226 682 263 742 sit
286 680 394 743 lactum
415 679 494 761 quod
514 678 675 759 adducunt,
703 687 811 760 atquo
833 679 903 743 illud
923 698 1036 762 genere
1056 679 1266 760 comprehendi
1287 679 1407 744 debeat:
1433 680 1508 764 legi·

116 791 225 852 timum
246 807 285 852 ne
314 788 400 851 luerit
426 807 464 851 an
485 789 638 853 iniustum:
673 796 784 852 certum
806 807 845 852 ne
866 808 903 852 an
925 789 1094 872 ambiguum
1116 797 1145 852 et
1168 789 1294 852 dubium.
1336 789 1508 872 Responde-

119 899 197 961 bunt
226 898 314 961 dnbio
339 896 456 978 procul,
485 904 515 960 et
544 904 656 961 certum
682 897 752 962 illud
778 898 833 961 sibi
861 917 941 980 csse,
972 906 1002 961 et
1022 898 1200 981 legitimum,
1229 900 1353 981 eiusque
1378 907 1508 981 naturae,

121 1008 205 1090 quod
228 1026 294 1071 cum
315 1024 451 1088 suprema
465 1006 542 1069 Petri
563 1008 734 1070 auctoritate
749 1010 885 1090 componi
907 1007 1071 1072 nullatenus
1093 1011 1192 1090 possit.
1236 1008 1295 1073 Sed
1316 1026 1413 1072 nonne
1437 1029 1507 1073 con·

120 1119 196 1181 ditio
221 1118 350 1180 omnium
376 1118 482 1198 prima,
512 1135 589 1198 quaa
618 1116 755 1199 legitimis
780 1116 864 1180 lactis
889 1119 988 1181 inesse
1016 1117 1118 1198 dehet,
1146 1117 1204 1181 huo
1225 1117 1314 1198 redit,
1340 1106 1372 1180 ut
1397 1118 1433 1181 ab
1461 1118 1506 1181 his
1557 1160 1561 1169 -

119 1216 369 1311 proficiscantur,¹
393 1228 442 1308 qui
471 1227 534 1289 iure
560 1226 666 1309 agendi
693 1229 751 1290 sint
775 1224 919 1308 praeditii
954 1226 1023 1290 nihil
1052 1226 1259 1307 manifestius,
1280 1246 1368 1308 quum
1394 1228 1506 1309 iniqua,

117 1340 229 1418 inania,
252 1337 390 1418 irritaque
410 1335 571 1399 habeanttu
593 1352 796 1418 quaecumque
818 1338 914 1399 omnia
936 1337 1000 1399 sine
1021 1338 1085 1398 iure
1105 1343 1294 1418 peraguntur.
1336 1336 1397 1399 llac
1419 1338 1507 1419 igitur

118 1447 271 1510 dumtaxat
300 1445 369 1527 lege
396 1444 503 1508 iactum
533 1447 612 1526 quod
641 1447 791 1528 obiicitur,
821 1446 982 1529 legitimum
1004 1445 1216 1526 aestimabitur,
1245 1446 1270 1508 si
1291 1463 1345 1508 eos
1366 1445 1504 1510 habuisse
1601 1488 1607 1498 ·

116 1564 258 1619 auctores
276 1555 491 1639 comprobetur,
514 1559 562 1637 qui
585 1574 640 1620 suo
654 1558 717 1619 iure
731 1556 816 1619 Petro
837 1556 1066 1639 refragarentur.
1110 1555 1233 1629 Quinam
1255 1573 1326 1617 vero
1347 1555 1388 1619 illi
1409 1563 1501 1637 erant,

117 1686 210 1749 quem
232 1667 345 1748 locum,
377 1685 502 1749 mamae
524 1666 647 1749 gradum
668 1667 698 1728 in
720 1665 846 1729 eeclesia
868 1663 1058 1729 obtinebant?
1086 1663 1250 1747 pastoribus
1271 1683 1310 1726 ne
1331 1682 1367 1726 an
1390 1663 1503 1745 ovibus,

118 1777 270 1859 magistris
297 1794 336 1840 na
357 1794 395 1840 an
416 1776 578 1858 discipulis,
607 1775 789 1857 praesidibus
810 1793 849 1838 no
870 1793 907 1837 an
929 1773 1067 1856 subditis,
1095 1774 1288 1856 obsoniisque
1310 1791 1503 1838 connumera·

117 1884 255 1951 beaturi

225 2003 296 2060 2³0.
339 1995 462 2072 Quinam
490 1996 611 2078 hierint,
640 1993 686 2059 his
712 1995 831 2059 omnino
859 1994 958 2058 uerbis
985 1995 1103 2058 Lucas⁹
1139 1995 1283 2059 declarat:
1310 1993 1501 2077 inexplanata

115 2103 200 2186 πρὸς
222 2103 320 2169 αὐτὸν
340 2107 369 2168 οἱ
390 2110 425 2169 ἐκ
446 2109 622 2189 περιτομῆς,
645 2105 844 2186 disceptabant
857 2123 923 2168 cum
942 2108 968 2138 Η
992 2123 1029 2168 eo
1053 2108 1100 2189 qui
1117 2114 1199 2169 eraut
1213 2126 1251 2169 ex
1266 2106 1499 2169 circumcisione.

115 2215 326 2289 Quaerendum
352 2218 440 2300 igitur
465 2224 526 2297 est,
559 2217 676 2298 quinam
705 2215 844 2295 formula,
879 2215 907 2278 ol
932 2219 968 2278 dx
994 2218 1176 2299 περιτομῆς,
1207 2215 1416 2299 significentur.
1458 2215 1500 2279 Ea

112 2332 215 2389 autem
242 2345 302 2389 non
330 2325 489 2409 significari
518 2325 682 2407 apostolos,
711 2325 815 2406 quibus
843 2325 973 2389 Christus
992 2329 1016 2359 Η
1049 2326 1135 2408 dixit,
1162 2333 1214 2406 qui
1241 2348 1295 2389 cos
1322 2326 1424 2404 comt,
1452 2347 1499 2388 me

114 2437 219 2513 audi,
242 2445 273 2500 et
294 2443 347 2516 qui
364 2457 418 2500 cos
439 2441 572 2516 apernit,
600 2456 648 2498 me
667 2441 798 2514 spermit,
820 2453 855 2497 aa
872 2438 898 2467 Η
922 2453 1054 2517 rusum,
1082 2457 1172 2499 umen
1193 2437 1260 2500 dico
1280 2435 1380 2514 cobis,
1408 2458 1498 2516 quae-

114 2567 248 2626 cumque
277 2545 481 2632 alligaveritis
501 2564 594 2625 super
614 2553 745 2620 imam,
776 2553 867 2607 arunt
887 2544 984 2629 ligata
1012 2553 1041 2608 et
1063 2553 1096 2608 tn
1117 2545 1217 2609 caclo:
1243 2556 1273 2610 el
1292 2568 1498 2629 quaecumque

1 2685 2 2698 ι
114 2656 273 2719 colueritis
300 2675 395 2737 anper
424 2663 552 2730 terram,
584 2662 676 2717 munt
701 2652 803 2718 soluta
834 2662 868 2717 et
894 2663 926 2717 ta
953 2654 1055 2732 caclo,-
1087 2655 1276 2719 indubiialum
1304 2676 1371 2721 esse
1401 2659 1497 2723 debet.

25 2785 29 2789 ’
110 2766 279 2847 Numquam
300 2769 378 2831 enim
401 2768 430 2830 in
451 2767 588 2829 universa
611 2766 759 2847 Scriptura
787 2763 901 2844 verbis,
930 2766 959 2827 oi
981 2770 1016 2828 ia
1037 2769 1218 2848 περιτομῆς,
1247 2767 1371 2849 apostoli
1399 2769 1496 2851 expri-

114 2884 241 2941 muntur.

221 2985 261 3047 ht
285 2985 306 3048 ii
328 2986 415 3049 etiam
434 3003 523 3067 quom
549 2991 665 3064 essent,
688 2981 799 3065 fideles
823 2990 998 3047 circumcisi
1024 2988 1182 3066 nuncupari
1205 2992 1346 3066 poterant.
1389 2985 1495 3067 Utique

112 3096 221 3159 eodem
242 3103 342 3178 pacto,
374 3112 432 3176 quo
457 3096 618 3178 principes,
644 3112 794 3177 regesque
822 3112 909 3175 quum
931 3100 1014 3157 οίοτο
1035 3096 1106 3175 sint,
1134 3094 1189 3157 hae
1210 3095 1334 3175 simplici
1357 3093 1495 3175 nudaque

113 3204 307 3286 appellatione
326 3203 495 3268 efferuntur.
538 3204 623 3268 Nullo
644 3205 758 3268 scilicet
778 3212 871 3285 pacto.
914 3202 1000 3277 Quod
1020 3205 1075 3267 erit
1097 3204 1277 3284 evidentius,
1303 3205 1329 3267 si
1351 3223 1386 3268 ca
1407 3222 1493 3268 reco-

112 3314 208 3378 lantur
229 3313 334 3396 quibus
349 3317 374 3348 Η
397 3314 492 3377 Lucas
519 3315 642 3378 orditur:
674 3306 815 3391 ἥκουσαν
834 3312 870 3377 δὲ
892 3314 922 3376 oi
941 3309 1109 3377 ἀπόστολοι
1129 3315 1182 3377 καὶ
1203 3316 1233 3376 oi
1252 3310 1396 3401 ἀδελφοί.
1440 3314 1493 3376 At·
1584 3320 1588 3330 '

112 3424 162 3505 qui
184 3425 272 3486 etiam
293 3423 416 3505 apostoli
438 3431 520 3487 eraut
532 3422 675 3508 fratres,
697 3431 727 3486 et
747 3432 845 3487 umen
867 3442 883 3486 a
906 3423 1041 3486 iratribus
1062 3430 1263 3486 secernuntur.

219 3531 343 3595 Accedit
364 3534 502 3596 orahonis
520 3537 544 3567 ¹⁴
569 3536 678 3614 series,
700 3552 718 3596 e
740 3550 797 3615 qua
817 3539 906 3615 patet,
928 3526 1002 3608 τούς
1023 3538 1057 3596 ἐκ
1079 3536 1247 3615 περιτομῆς
1269 3533 1391 3598 eosdem
1413 3552 1491 3614 esse,

112 3645 161 3723 qui
181 3642 315 3724 proxime
337 3644 529 3707 nominantur.
571 3643 705 3706 Proxime
727 3649 823 3705 autem
850 3643 1034 3704 nominantur
1061 3644 1090 3704 oi
1109 3640 1258 3727 ἀδελφοί,
1288 3643 1435 3723 iidemque
1456 3642 1492 3706 ab

112 3750 252 3832 apostolis
279 3753 446 3815 nominatim
473 3759 653 3833 separantur.
697 3750 780 3814 Unde
796 3753 822 3786 Η
854 3750 1095 3835 chrysostomus:
1139 3750 1255 3828 „Macci
1278 3756 1411 3816 τοιοῦτοι
1433 3749 1493 3814 διε-

113 3860 256 3940 κρίνοντο
283 3862 312 3924 oi
338 3865 374 3923 dx
402 3865 588 3944 περιτομῆς,
616 3860 682 3940 οὐχ
711 3862 739 3924 ol
764 3859 947 3924 ἀπόστολοι.
974 3869 1040 3942 post
1061 3861 1136 3925 haec
1157 3863 1356 3945 disceptabant
1383 3863 1432 3944 qui
1454 3882 1493 3925 ax

112 3970 353 4052 circumcisione,
390 3989 450 4035 non
489 3971 644 4054 apostoli.“
696 3971 825 4053 Longius
857 3969 1043 4052 progreditur
1073 3971 1249 4054 Epiphanius
1266 3974 1304 4053 Η,
1339 3973 1490 4053 inquiens:

112 4080 213 4163 „ldem
235 4079 284 4142 ille
308 4080 490 4160 (Corinthus)
512 4081 578 4163 luit,
608 4084 657 4164 qui
684 4080 880 4164 apostolorum
910 4087 1041 4161 tempore
1062 4080 1212 4143 tumultum
1242 4081 1321 4145 illum
1346 4083 1490 4161 excitavit,

113 4207 178 4254 cum
207 4189 348 4272 lacobus,
382 4192 531 4272 ceterique
560 4192 683 4274 apostoli
710 4191 810 4253 literas
839 4188 1023 4253 Antiochiam
1051 4193 1230 4271 scripserunt
1255 4165 1302 4255 his
1331 4190 1429 4254 verbis
1445 4194 1490 4252 ¹⁷:

171 4375 200 4451 ’)
222 4375 284 4433 Act.
304 4376 350 4433 xl.
371 4376 400 4433 2.
891 4375 934 4450 Η)
955 4375 1046 4432 blatth
1067 4374 1162 4430 xvlli.
1186 4373 1231 4432 18.

177 4481 220 4556 Η)
241 4480 337 4538 Acrius
353 4483 484 4557 interpres
497 4484 630 4559 vulgatus,
650 4485 695 4557 qui
715 4483 777 4540 rod·
891 4484 896 4514 ¹
919 4482 933 4556 )
953 4480 1014 4537 Act.
1035 4479 1081 4536 lll.
1104 4478 1130 4535 1.

114 4589 152 4646 dit
170 4596 277 4646 contra
318 4588 373 4645 Sed
393 4605 503 4647 ccccmo
516 4605 569 4647 nou
583 4594 641 4667 aatq
660 4605 775 4664 praepo-
819 4605 822 4611 ⁴
893 4589 898 4618 ¹
921 4588 935 4661 )
956 4587 1023 4644 lbid.
1045 4603 1088 4642 vv.
1112 4584 1211 4643 1-3.

112 4696 174 4753 sitio
195 4695 265 4751 caim
285 4686 357 4771 προς
377 4696 404 4752 in
423 4695 474 4751 hac
495 4697 693 4756 constructione
714 4703 775 4775 apte
889 4695 894 4724 ¹
919 4692 980 4768 )ln
1001 4693 1069 4749 Acta
1091 4691 1186 4764 Apost.
1208 4691 1279 4747 bom.
1300 4689 1395 4747 xxiv.
1415 4707 1441 4745 n.
1462 4686 1490 4743 1.

891 4799 897 4827 “
920 4798 934 4871 )

922 4903 937 4979 )

905 4483 915 4513 ³

907 4589 916 4618 t

905 4696 915 4723 b

114 4803 225 4859 ratitum
243 4817 313 4859 m.
906 4797 916 4829 ⁶
955 4798 1064 4853 llaares.
1085 4796 1204 4852 xxviii.
1226 4795 1252 4869 s.
1267 4795 1300 4852 ll.

178 4905 223 4981 ¹¹)
241 4905 304 4963 huc.
325 4906 358 4963 x.
381 4904 427 4963 lo.
893 4905 918 4937 Η
958 4902 1018 4961 hat
1039 4902 1097 4957 XV.
1118 4900 1166 4959 24.
1206 4982 1212 5001 ³
