3258 5400
171 153 232 215 ldS
689 146 820 215 utnon
860 147 1026 215 nuttios

170 320 223 385 xci
244 316 348 392 αὐτός,
371 316 425 381 καὶ
444 314 710 396 ὀχειοοτονήσας,
732 317 785 381 καὶ
805 317 1009 382 saxonense
1031 315 1211 382 παντάπασι
1231 316 1284 381 καὶ
1303 316 1356 394 τῆς
1369 317 1550 395 κοινωνίας,

170 428 216 506 οἱς
237 428 357 508 Σίμων
378 428 396 487 d
417 426 522 509 μάγος
543 423 605 490 airrd
625 429 683 491 τοῦ
702 426 836 506 Πέτρου.
879 428 956 492 ldeut
977 448 995 492 e
1016 427 1145 509 Dionysii
1175 428 1275 509 exigtti
1295 427 1450 491 versione:
1493 429 1551 509 „Si

170 540 235 622 quis
257 538 421 620 episcopus,
443 545 491 600 aut
511 536 680 620 presbyter,
702 545 750 600 aut
773 538 922 619 diaconus,
942 557 996 621 per
1018 539 1156 620 pecunias
1178 536 1254 600 hunc
1275 537 1433 600 obtinuerit
1451 537 1552 621 digni-

168 656 274 729 telcm3
296 647 446 709 delicietur
468 648 581 727 etipse
603 653 633 710 et
654 647 803 711 ordinatur
823 649 895 728 eius,
918 666 936 709 e
958 667 975 710 a
997 647 1202 711 communione
1223 647 1317 711 modis
1338 647 1473 710 omnibus
1494 647 1553 710 ab·

169 757 331 838 scindatur3
359 757 434 821 sicut
455 756 555 820 Simon
582 774 685 838 magus
710 756 862 820 aPetro.⁴⁴
904 757 986 831 Quae
1005 756 1266 839 postrema'verba
1280 759 1307 791 ⁴¹
1330 757 1361 818 in
1381 756 1445 820 aliis
1465 756 1553 820 cudi-

170 868 268 946 cibus,
298 847 531 947 editionibusque¹
550 873 617 929 sunt
636 862 816 930 huiusmodi:
847 864 893 942 οἱς
912 864 1032 946 Σίμων
1061 867 1079 927 d
1100 863 1204 947 μάγος
1231 863 1283 929 ὑπ’
1305 866 1384 946 ἐμοῦ
1404 863 1551 944 Πέτρον,

169 983 250 1040 elcut
271 974 379 1039 Simon
399 996 508 1059 meque
530 998 551 1038 ο
571 997 620 1037 mc
641 972 745 1041 Petro.

276 1091 345 1149 209.
390 1084 448 1149 Sed
474 1084 632 1166 probabilis
659 1104 698 1149 ne
723 1086 829 1150 horum
859 1086 986 1149 narratio
1005 1084 1108 1149 baberi
1128 1091 1244 1170 posset,
1273 1085 1330 1148 nisi
1350 1084 1452 1147 Petrus
1474 1103 1551 1168 prae

169 1196 303 1260 iohanne
324 1192 531 1258 excelluisseti
574 1194 754 1274 „Probabilis
777 1198 833 1259 erit
847 1194 1004 1276 namati0,⁴‘
1026 1195 1118 1276 inquit
1131 1199 1158 1229 ⁴⁴
1183 1195 1301 1275 Tullius,
1324 1195 1371 1274 „si
1393 1197 1423 1257 in
1444 1214 1481 1258 ea
1505 1196 1553 1257 vi·

169 1304 313 1368 debentur
333 1305 442 1384 inesse,
465 1322 540 1385 quue
562 1303 658 1368 solent
678 1322 820 1386 apparere
841 1305 871 1367 in
892 1305 1030 1367 veritate:
1053 1306 1079 1368 si
1100 1321 1289 1386 personarum
1305 1303 1461 1386 dignitates
1482 1322 1551 1367 scr·

170 1414 324 1479 rabuntur:
351 1415 376 1476 si
403 1431 525 1476 caussae
546 1412 689 1477 lectorum
714 1413 899 1477 exstabnnl.⁴⁴
940 1411 1030 1495 Atqui
1051 1416 1076 1477 si
1104 1415 1208 1478 eadem
1238 1413 1341 1477 tuisse
1361 1411 1551 1492 excellentia,

169 1525 273 1589 eadem
293 1523 371 1586 Petri
393 1530 422 1587 et
441 1523 582 1587 tubunnis
603 1525 769 1603 auctoritas,
791 1542 887 1605 neque
912 1525 1070 1587 narrationi
1092 1526 1222 1588 inessent
1243 1542 1319 1605 quae
1340 1524 1472 1585 comitari
1495 1542 1551 1585 ve·

167 1637 282 1699 ritatem
305 1632 410 1710 solent,
431 1650 529 1714 neque
551 1632 681 1715 dignitati
701 1650 893 1715 personarum
916 1633 1078 1696 consultum
1099 1634 1261 1713 videretur,
1284 1652 1381 1715 neque
1403 1631 1552 1696 lectorum

168 1763 291 1809 caussae
312 1748 493 1825 apparerent.
537 1741 611 1817 Quid
633 1743 721 1824 igitur
740 1738 896 1823 superest?
917 1743 992 1805 istud
1014 1761 1113 1824 unum,
1134 1743 1249 1807 Petrum
1270 1743 1395 1808 Jobanni
1416 1742 1551 1805 antecel-

167 1855 266 1918 luisse.
311 1851 370 1917 Sed
394 1852 418 1913 si
432 1851 557 1915 iohanni
579 1852 754 1931 antecelluit,
775 1852 839 1915 lieri
853 1870 891 1914 ne
909 1854 1009 1934 potuit,
1031 1859 1061 1914 ut
1082 1853 1187 1935 reliqui
1207 1853 1330 1935 apostoli
1352 1854 1457 1916 eadem
1480 1871 1552 1915 cum

166 1964 253 2027 Petro
275 1961 444 2025 auctoritate
462 1957 645 2041 potirentur?
679 1969 746 2024 suot
764 1961 840 2025 haec
861 1957 1021 2025 dedocere
1042 1968 1071 2024 et
1092 1970 1191 2025 mutuo
1211 1964 1377 2044 pugnantis.
1419 1961 1552 2026 Eminuit

168 2090 242 2155 ergo
268 2073 345 2134 inter
371 2069 519 2151 apostolos
539 2069 656 2153 Petrus,
685 2090 719 2134 ec
740 2072 881 2134 maiorem
902 2089 973 2152 prae
993 2071 1049 2134 illis
1070 2070 1257 2153 dignitatem,
1285 2073 1552 2155 auctoritatemque

169 2183 287 2246 sortitos
309 2186 363 2242 est.

275 2294 346 2352 2¹0.
388 2287 480 2361 Quam
502 2288 577 2353 illius
599 2290 802 2353 excellentiam
824 2308 862 2353 eo
883 2292 970 2354 etiam
988 2290 1071 2372 mihi,
1094 2298 1231 2373 quantum
1252 2292 1322 2354 satis
1342 2297 1432 2373 esset,
1454 2291 1552 2373 signi-

167 2400 272 2463 ficasse
292 2397 372 2461 Deus
393 2397 515 2477 videtur,
538 2400 616 2481 quud
636 2399 776 2479 eilecerit,
798 2407 829 2463 ut
849 2400 991 2466 adversus
1011 2401 1161 2465 Simonem
1182 2419 1301 2483 magum
1323 2401 1423 2466 Simon
1444 2400 1551 2464 Petrus

168 2509 352 2573 consisteret
394 2506 502 2590 Ecquis
524 2511 601 2572 enim
616 2510 717 2575 Simon
736 2508 864 2594 magus?
885 2509 1022 2575 videlicet
1034 2515 1062 2546 ⁴⁴
1085 2515 1283 2607 προτότοκος
1298 2508 1447 2592 διαβόλου
1468 2510 1550 2585 υἱός,

167 2618 383 2683 haereticorum
396 2620 423 2651 ⁴⁴
455 2617 654 2702 coryphaeus,
684 2626 714 2682 et
739 2621 769 2683 in
799 2638 888 2703 οοοιο
914 2621 968 2683 ista
994 2619 1143 2706 Polycarpi
1157 2625 1183 2655 ⁴⁷
1213 2622 1361 2703 aptissime
1388 2619 1551 2701 quadram:

230 2858 406 2933 ⁴⁴)1lehuc
430 2858 505 2913 uaria
530 2859 645 2917 lectione
672 2860 765 2917 scribit
784 2860 834 2917 lle·
883 2875 989 2935 quoque
1008 2860 1160 2935 crederent,
1187 2876 1237 2934 pru
1257 2851 1315 2919 dni
1334 2856 1385 2919 aci
1410 2860 1551 2919 substituit

168 2964 309 3035 veregius:
350 2962 524 3038 „Antiquitus
551 2966 589 3021 itu
616 2965 769 3038 legebatur,
796 2956 835 3032 cie
882 2955 930 3022 ὑπ’
953 2960 1049 3041 ἐμοῦ.“

167 3066 268 3143 Σίμων
300 3068 393 3145 μάγος
423 3060 480 3127 dard
510 3067 561 3128 τοῦ
590 3069 710 3147 nepos.
760 3072 834 3129 Unde
946 3072 991 3147 ⁴⁴)
1010 3070 1050 3128 De
1070 3070 1171 3127 lavent
1192 3071 1238 3127 lib.
1253 3070 1273 3127 l.
1295 3070 1321 3145 5.
1339 3070 1409 3127 xxi.

167 3176 315 3248 Dionysius
336 3177 449 3247 exiguus
470 3179 559 3250 vertit,
579 3178 758 3234 sicutSimcn
770 3195 833 3234 mc-
945 3176 991 3252 ⁴⁵)
1011 3176 1039 3232 lu
1057 3178 1135 3249 epist
1150 3178 1301 3250 interpolat.
1314 3177 1410 3249 lguetii
1429 3176 1551 3235 sdl'rul·

167 3301 218 3357 9ur
239 3300 259 3338 ο
278 3282 376 3354 Petro‚·
408 3289 436 3338 et
462 3299 496 3339 ex
520 3298 555 3340 eo
578 3283 712 3356 Egbertus
737 3285 834 3340 ebora·
882 3256 983 3357 liunus,
1004 3283 1031 3356 §;
1052 3282 1098 3339 xt.

168 3388 256 3442 censis
284 3390 310 3444 iu
338 3387 463 3461 Excerpt.
512 3389 549 3444 nt
567 3397 677 3464 postea,
706 3393 833 3448 unesclo
946 3388 991 3463 ⁴⁴)
1016 3388 1061 3445 llti
1081 3393 1164 3444 testes
1184 3393 1245 3444 snut
1263 3387 1403 3460 lrenuens,
1430 3386 1549 3460 Epipha-

169 3508 223 3565 quo
244 3508 372 3549 canonum
401 3493 494 3551 borum
522 3496 735 3571 interpellatore,
764 3514 833 3553 nova
882 3496 957 3569 ulus,
978 3495 1076 3568 aliique
1096 3500 1217 3567 ueteres,
1245 3495 1462 3566 recentioresque
1481 3496 1548 3551 lme-

169 3598 236 3654 haec
262 3598 342 3653 lectio
364 3599 517 3656 introducta
538 3607 593 3675 est,
619 3592 668 3657 ὑπ’
688 3598 757 3675 ἐμοῦ
776 3601 833 3659 Πέ-
881 3616 978 3658 reseuu
999 3607 1177 3656 enarratores.

167 3721 242 3781 epos.
291 3703 434 3771 Quomodo
454 3706 522 3777 legit
541 3713 568 3761 et
587 3707 721 3763 lohannes
748 3711 833 3765 untio-
945 3706 989 3781 ⁴⁴)
1003 3706 1089 3779 Epist.
1101 3705 1249 3779 Polycarpi,
1265 3703 1359 3778 ΗΠ·
1381 3703 1465 3772 0¹¹t¹l¹¹
1479 3719 1545 3760 *¹0¹⁰

168 3812 266 3867 ebenus
293 3809 401 3866 Collect.
429 3826 487 3866 cau.
513 3812 556 3866 tit.
577 3810 629 3885 xl,
663 3819 692 3868 nt
717 3819 745 3869 et
770 3829 833 3870 con·
881 3814 1004 3869 lreuaeus
1030 3812 1121 3869 adver.
1148 3812 1257 3867 llaeres.
1284 3811 1330 3867 lib.
1351 3810 1395 3866 lll.
1422 3827 1480 3884 cap.
1502 3809 1547 3866 lll.

168 3917 258 3973 cilium
289 3917 428 3972 nicaenum
459 3917 602 3973 secundum
638 3933 695 3974 cun.
726 3919 765 3992 V,
806 3927 833 3976 et
881 3919 1001 3975 scribet:
1041 3908 1141 3983 Αὔτὸς
1164 3913 1194 3973 dd
1212 3908 1228 3974 ὁ
1249 3907 1441 3993 Πολύκαρπος
1460 3915 1545 3993 Map-

167 4037 260 4078 omnes
281 4036 438 4093 graecorum
460 4028 513 4078 tam
534 4024 655 4095 impressi
674 4041 753 4097 quam
768 4042 831 4082 mss.
882 4023 957 4081 κίονί
984 4041 1053 4082 nure
1077 4021 1114 4089 ele
1139 4013 1208 4100 ὄψιν
1236 4013 1314 4096 αὐτῷ
1343 4013 1470 4092 ἐλθόντι,
1501 4022 1549 4080 καὶ

168 4127 292 4198 codices,
321 4128 415 4200 qulbus
442 4128 528 4185 edhuc
552 4131 640 4199 gavisi
666 4146 774 4188 sumus:
805 4138 834 4187 et
882 4122 1009 4206 φήσαντι,
1030 4128 1187 4204 durylmroua
1202 4120 1287 4203 ἡμᾶς,
1308 4118 1468 4205 dnetpldq·
1489 4129 1547 4185 tm-

166 4233 299 4306 losephus
327 4235 467 4306 aegyptius
495 4236 539 4306 qui
566 4235 605 4289 sic
631 4237 832 4309 iuterpretatur:
881 4227 1069 4312 preduxeris
1088 4228 1265 4311 πρωτότοκον
1286 4231 1337 4292 τοῦ
1354 4229 1480 4292 corusci:
1501 4236 1549 4291 du-

167 4340 401 4413 Quemadmodum
419 4357 470 4413 epo
483 4340 579 4397 Petne
598 4341 719 4399 decium
737 4345 831 4400 rocie-
881 4343 978 4402 bitatiu
1000 4342 1136 4416 oboritur,
1164 4358 1196 4397 un
1217 4358 1285 4413 quae
1313 4358 1347 4396 ex
1367 4342 1488 4398 eiusdem
1512 4342 1545 4398 ad

168 4455 251 4504 tutem
270 4447 390 4504 Simoeis
410 4449 608 4519 iucundioris,
630 4466 744 4522 eiusque
763 4450 831 4523 Spi-
881 4449 1062 4522 Philippenses
1083 4448 1197 4521 epistole
1218 4447 1363 4521 retulimus,
1385 4446 1419 4503 ad
1433 4448 1545 4504 liureio·

167 4554 347 4610 ritus-sancti
378 4555 454 4610 iussu
486 4555 608 4611 ecclesie
638 4555 694 4612 Dei
727 4556 831 4629 expuli.
881 4572 939 4611 nem
961 4556 1051 4628 potius
1075 4570 1153 4627 quum
1175 4554 1209 4611 ed
1230 4555 1367 4611 Simonem
1388 4556 1544 4629 pertineant

167 4659 240 4715 llaec
267 4664 354 4716 autem
384 4663 519 4733 corruptio
547 4661 581 4717 ab
608 4662 697 4734 aliquo
728 4662 833 4718 videnrr
882 4661 935 4718 Sed
956 4661 1149 4717 dubitationem
1169 4660 1300 4732 praecidit
1318 4660 1431 4718 Grabius
1451 4661 1479 4717 iu
1498 4676 1547 4717 uc-

166 4766 336 4839 excogitata,
358 4766 400 4822 cui
421 4782 575 4839 persuasum
597 4767 660 4842 luit,
680 4768 731 4825 hos
752 4784 833 4829 cauo-
881 4769 916 4823 tis
931 4768 965 4823 ad
979 4768 1009 4824 T.
1023 4768 1043 4823 l.
1059 4768 1206 4840 spicilegii,
1226 4785 1289 4841 pag.
1303 4769 1371 4842 325,
1388 4773 1544 4841 argumento

170 4889 217 4929 nes
246 4889 310 4929 rere
336 4875 501 4947 apostolicos
528 4890 603 4948 esse,
634 4875 705 4947 quud
730 4881 761 4932 ut
785 4876 832 4934 alii
881 4875 962 4933 ducto
982 4891 998 4931 e
1018 4883 1154 4950 tenpore,
1180 4890 1233 4947 quc
1259 4876 1373 4948 epistola
1394 4875 1428 4932 ud
1448 4875 1547 4950 Pbilip·
