3258 5400
610 296 795 379 caron
824 313 896 381 vn.
1411 315 1454 377 sa

48 483 244 566 pumma
263 483 465 566 disceptasse,
486 500 563 565 quae
583 482 754 549 admonete
774 483 956 565 potissimum
976 489 1144 563 constaret,
1165 500 1263 564 neque
1283 484 1366 547 mnis
1384 484 1451 548 titu-

50 593 97 657 lis
118 593 344 677 absolvamur,
369 596 420 658 vix
444 601 515 676 puto
535 594 641 659 adduci
667 595 698 657 in
726 594 955 657 conoovemmm
976 612 1074 674 posse.
1115 591 1160 656 De
1179 593 1353 675 praestantia
1374 596 1451 656 enim

48 702 285 785 disceptabant,
314 723 400 787 quiam
434 711 528 767 mater
553 704 678 769 filiorum
697 703 842 769 Zebedaei
855 705 882 743 ²⁷
908 702 955 766 luis
981 702 1080 766 verbis
1101 700 1346 784 enpressemtfl:
1374 706 1451 778 εἰπέ,

44 812 111 877 ἵνα
135 811 326 878 καθίσωσιν
352 804 444 878 οὗτοι
469 814 499 877 οί
520 812 579 879 oe'o
597 813 660 879 viel
681 834 761 896 μου,
789 807 834 888 εἷς
854 815 889 875 ἐκ
910 809 1022 889 δεξιῶν
1043 830 1119 888 σου,
1141 811 1195 877 καὶ
1215 807 1260 887 εἷς
1284 809 1318 890 ἐξ
1336 809 1451 876 εὐωνύ-

40 944 132 1003 μων
154 941 236 1000 σου,
260 928 295 987 ὲν
315 924 354 1008 eri
372 919 520 1006 βασιλείᾳ
540 940 607 987 σου.
651 923 766 987 Plurusis
787 939 889 1004 porro,
918 922 1026 985 redere
1051 928 1084 985 tn
1110 941 1205 1005 reque
1225 921 1269 987 od
1287 922 1450 987 decimam

39 1040 80 1095 et
104 1033 159 1096 ad
178 1039 352 1110 εἰοαίεαεε,
373 1033 450 1114 apud
470 1034 630 1115 scriptores
650 1041 709 1096 am
729 1049 831 1095 sacros
845 1032 886 1112 ²⁹,
907 1049 995 1114 quam
1015 1029 1152 1113 profanos
1166 1033 1195 1064 ’⁰
1220 1030 1351 1113 denotat,
1378 1031 1449 1095 alte-

37 1161 139 1222 rum,
163 1144 344 1225 tertiumque
365 1162 382 1207 ε
402 1144 533 1226 principe
553 1143 710 1225 dignitatis,
730 1142 940 1223 potestatisque
960 1140 1083 1222 gradum
1096 1142 1234 1203 nmcisci.
1263 1142 1405 1224 Apposite
1418 1142 1444 1175 ⁸¹

38 1252 341 1317 Rosenmuellerus:
384 1250 550 1333 „Dexterae
571 1240 653 1334 regis
675 1250 817 1331 assidere,
839 1250 984 1332 significat
996 1250 1093 1314 locum
1115 1270 1131 1314 a
1148 1269 1223 1333 rege
1244 1251 1404 1333 principem
1417 1252 1446 1285 ³²

37 1363 184 1427 hahere.
232 1362 348 1425 Tertius
366 1368 465 1425 autem
478 1348 516 1425 'iu
536 1378 633 1444 regno
654 1360 737 1424 locus
759 1368 977 1443 consequenter
997 1359 1170 1423 describitur
1196 1361 1331 1425 sessione
1352 1360 1389 1425 ad
1408 1368 1449 1424 ai

37 1480 202 1537 miron
221 1472 305 1554 regis
325 1471 409 1535 latus.
450 1471 525 1535 Nam
545 1478 578 1535 ut
599 1472 723 1552 quisque
744 1471 774 1533 in
796 1488 892 1553 regno
913 1471 1019 1550 maior,
1040 1470 1079 1532 ita
1099 1471 1165 1552 regi
1184 1471 1214 1534 in
1233 1470 1356 1552 publicis
1378 1489 1449 1535 con·

34 1581 199 1648 ventibus
219 1581 339 1662 propior
358 1579 510 1645 sedebat“
551 1579 594 1643 Ea
615 1580 704 1661 igino
726 1582 883 1643 occasione
905 1579 1020 1643 locutus
1042 1585 1088 1643 est
1102 1578 1241 1661 Christus,
1262 1586 1294 1643 ut
1315 1579 1448 1644 eiusdem

36 1710 159 1759 sermo
184 1690 224 1753 de
245 1691 450 1772 praestantiori
470 1690 642 1753 uumoritate
664 1689 756 1771 accipi
778 1688 893 1753 debeat

166 1806 221 1863 83.
263 1799 438 1863 Praesertim
466 1817 554 1882 quum
578 1806 703 1882 utraque
729 1798 765 1862 alr
792 1817 829 1862 eo
851 1798 977 1862 adhibito
1004 1801 1221 1881 comparati0⁸³
1246 1800 1446 1881 acceptionem

44 1914 148 1977 aliam
168 1926 231 1974 non
255 1908 337 1973 leret.
378 1907 446 1973 Nou
466 1911 571 1992 putitiu
584 1910 764 1992 comparatio
785 1928 912 1993 αεσοαε,
932 1926 1019 1990 quam
1039 1910 1116 1973 inter
1135 1909 1279 1973 humanos
1300 1909 1447 1991 principes

44 2029 80 2086 et
104 2018 262 2084 ecclcsiae
281 2013 458 2101 ἡγούμενον
477 2021 625 2103 proponit:
648 2020 788 2104 quidquid
809 2021 886 2083 enim
909 2020 939 2082 in
959 2019 1086 2084 humano
1099 2020 1262 2102 principatu
1282 2020 1447 2103 splendoris

39 2139 95 2195 est
119 2148 160 2192 ac
182 2144 327 2211 pompae,
348 2125 379 2189 id
398 2126 506 2192 abesse
526 2130 563 2193 alr
585 2131 731 2196 ecclesiae
751 2131 919 2213 praeposito
940 2129 1071 2193 Christus
1093 2128 1191 2210 iubet,
1221 2131 1268 2192 cui
1288 2137 1445 2212 propterea

35 2240 174 2304 nonnid
204 2216 545 2321 ancaranulam,
574 2259 633 2322 qua
654 2239 774 2304 iratmm
798 2238 1002 2302 emolumentis
1029 2240 1195 2322 prospiciet
1238 2238 1343 2322 Neque
1363 2258 1445 2303 com-

34 2350 172 2415 modius
196 2347 303 2429 patitur
320 2349 498 2429 comparatio
519 2347 702 2431 affirmans,
724 2368 781 2431 qua
802 2349 928 2411 irtumm
942 2348 1109 2430 praesidem
1125 2352 1292 2432 seeumipse
1313 2350 1443 2413 confert:

35 2480 108 2526 non
136 2459 222 2522 enirn
243 2454 348 2535 ίίῑοῑίε,
371 2459 545 2541 magnisque
565 2459 747 2539 nominibus,
771 2458 825 2522 sed
846 2459 952 2521 summi
973 2460 1133 2540 magisterii
1154 2461 1233 2541 iure,
1255 2459 1443 2541 supremique

34 2571 185 2637 rectoris
215 2567 387 2630 mcorimte
408 2569 522 2650 etipse
544 2569 695 2650 excelluit,
725 2575 755 2631 et
776 2568 932 2631 ecclesiam
955 2567 1137 2650 gubernavit.
1180 2568 1334 2633 Accedunt
1354 2587 1443 2631 voca·

34 2683 117 2747 bula
140 2679 206 2742 τοῦ
225 2672 406 2760 ceceanu,
436 2675 582 2761 μείζονος
609 2679 664 2743 καὶ
683 2675 874 2760 ἡγουμένου,
903 2679 1007 2761 quibus
1029 2680 1198 2762 dignitatem
1219 2681 1337 2744 extituri
1357 2698 1442 2761 prae·

35 2792 140 2876 positi
163 2786 299 2851 Christus
319 2785 501 2869 significavit.
545 2789 625 2853 Talia
646 2791 724 2852 enim
745 2795 828 2870 sunt,
852 2807 926 2870 quae
949 2787 1035 2852 simul
1057 2790 1171 2870 iuncta,
1194 2796 1311 2851 etcum
1335 2790 1442 2852 oratio·

35 2904 89 2966 ssia
116 2899 206 2962 serie
232 2896 421 2961 cohaerentia
439 2900 594 2980 primatum
613 2898 745 2962 referunt
766 2916 825 2960 non
845 2896 1029 2961 umbratilem
1058 2898 1112 2962 sed
1134 2898 1275 2979 solidum,
1307 2916 1367 2962 non
1386 2898 1441 2961 ho·

37 3013 135 3076 noris
159 3008 263 3089 specie
285 3006 472 3088 conclusum,
496 3007 551 3070 sed
572 3009 677 3071 eximia
698 3009 829 3089 inprimis
850 3009 1021 3071 auctoritate
1041 3008 1212 3091 praeditum.

162 3122 216 3179 el.
259 3114 329 3181 Sine
351 3136 407 3198 qua
429 3135 498 3199 spes
519 3118 614 3179 omnis
628 3117 790 3182 obiicienda
805 3117 882 3181 ieret
895 3118 1096 3201 consequendi
1111 3117 1185 3198 linis,
1208 3136 1296 3200 φεεεο
1311 3116 1441 3180 Christm

36 3235 71 3296 in
96 3230 251 3313 primatus
271 3227 449 3289 institutione
469 3225 631 3308 praelixam
651 3226 760 3291 habuit.
802 3228 845 3292 llo
867 3247 993 3310 namque
1015 3229 1164 3311 spectavit,
1186 3234 1218 3290 ul
1237 3226 1365 3290 ecclesia
1385 3226 1440 3291 sibi

37 3357 181 3422 semper.
203 3334 306 3399 similis
333 3334 423 3416 soret,
451 3334 617 3417 faciemque
645 3343 814 3400 constanter
834 3338 1046 3420 praeseferret,
1076 3339 1305 3421 quamprimum
1333 3338 1440 3401 induit:

37 3462 111 3517 tum
137 3454 172 3510 ut
192 3442 267 3509 ratio
290 3442 423 3527 adesset,
452 3464 509 3528 qua
537 3444 687 3528 multiplex
707 3446 783 3510 illius
811 3449 906 3512 unitas
919 3450 947 3483 ³⁵
978 3452 1089 3513 intuto
1113 3450 1316 3513 collocaretur.
1360 3449 1439 3513 Neu-

41 3572 132 3626 rrum
163 3573 238 3619 vero
265 3552 323 3617 tale
348 3561 410 3635 est,
440 3555 519 3638 quod
546 3556 617 3619 nudi
639 3555 778 3638 honoris,
809 3557 979 3640 ordinisque
999 3560 1123 3641 primatu
1145 3561 1308 3641 comparari
1338 3560 1437 3642 possit.

116 3766 166 3843 Ἡ)
186 3783 214 3822 u.
235 3765 283 3822 68.
834 3764 880 3842 ⁸⁰)
906 3766 1005 3825 Horum
1030 3770 1181 3826 testimonia
1207 3771 1308 3829 dabrmt
1331 3769 1437 3830 (iratus

114 3873 166 3949 ”)
187 3871 279 3929 ilattlr.
294 3869 353 3927 XX.
368 3868 424 3946 213
449 3869 495 3926 ubi
517 3870 723 3944 chrysostomus
773 3882 801 3931 et
820 3873 942 3931 lluiuoel.

40 3986 127 4042 bom·
153 3978 234 4036 LXV.
266 3976 301 4033 ΙΙ.
326 3975 417 4034 erVl·
448 3994 475 4033 n.
496 3976 524 4033 2.
555 3977 597 4032 sle
626 3977 722 4034 habet:
835 4004 880 4080 at)
902 4005 930 4061 pn
950 4006 1060 4063 scholiis
1081 4007 1115 4063 ad
1134 4007 1161 4062 h·
1182 4007 1199 4062 p·

42 4078 220 4165 Ἐβσίλσηο
247 4080 291 4151 ol,
321 4071 361 4148 ὥς
393 4076 475 4158 {perpe
504 4076 597 4157 οἶμαι,
631 4073 724 4156 laeter}
835 4137 863 4167 n
902 4136 958 4195 ln
1024 4138 1048 4195 n
1080 4137 1115 4194 ¹9

44 4178 533 4269 aiacemdudnidoidetcdpdrooq
545 4187 723 4259 καθεδεῖσθε,
867 4136 881 4212 )
915 4177 922 4191 ’
959 4154 1003 4209 03'
1049 4177 1056 4193 ’
1117 4178 1125 4193 ’

45 4291 104 4373 triv
132 4293 284 4373 sodale
306 4289 357 4368 eis
382 4292 525 4373 meoque
549 4286 652 4370 ταύτην
674 4293 723 4353 λα-
834 4269 880 4344 ³⁸)
900 4285 926 4324 ¹²·
947 4269 995 4326 ⁶⁹·

48 4404 127 4483 βσίν·
158 4398 206 4457 καί
225 4390 269 4458 ὅτι
287 4398 337 4476 μὲν
354 4395 411 4459 τοῖν
429 4391 522 4459 ditm
539 4399 623 4459 πλέον
642 4395 723 4479 εἶχον,
834 4401 880 4477 ³⁴)
901 4401 985 4470 Quom
1006 4415 1059 4458 uon
1079 4416 1141 4458 raro
1167 4400 1293 4475 formula,
1320 4389 1339 4455 εί
1357 4396 1435 4478 πρώ-

49 4500 172 4587 ᾔδεσαν·
193 4503 363 4564 ἐδεδοίκεσαν
382 4505 412 4565 dd
431 4507 551 4585 Πίερον,
570 4506 619 4565 καὶ
633 4506 723 4584 ίίγσυ·
772 4498 821 4573 τός
839 4524 908 4583 μον,
935 4507 1006 4563 idem
1033 4508 1123 4563 valeat
1141 4522 1188 4583 ac,
1215 4498 1232 4564 ὁ
1252 4498 1348 4584 ἅρχων
1366 4526 1434 4582 μου,

49 4630 112 4672 σεε·
141 4604 213 4681 avit,
239 4603 285 4668 ἵνα
302 4603 340 4680 εἷς
359 4614 390 4672 dx
408 4609 504 4686 δοξεῶν
527 4630 578 4673 σου
602 4613 722 4692 καθίσῃ,
772 4616 815 4670 vel
845 4621 874 4671 ut
906 4614 1068 4670 alexandrini
1100 4611 1243 4670 reddentes
1282 4613 1434 4672 hebraicum

53 4719 104 4777 nat
122 4708 162 4785 εἷς
180 4711 211 4788 ἐξ
230 4708 389 4797 εὐωνύμων·
409 4719 457 4778 καί
476 4720 662 4797 κατανείγοοσε
680 4718 722 4777 λί-
772 4726 847 4781 ΨΝἾ
873 4719 1028 4794 loquuntur,
1054 4709 1222 4796 αρσίεαρχός
1246 4735 1315 4795 poe:
1342 4724 1435 4779 eristi-

53 4843 162 4902 γοηες,
181 4822 248 4882 είαί.
771 4825 908 4899 moverim,
928 4824 990 4881 lreic
1009 4817 1057 4882 cde
1073 4820 1185 4901 πρῶτον
1203 4841 1258 4882 oon
1278 4826 1345 4882 male
1364 4826 1433 4884 verti

120 4930 168 5007 ²⁹)
187 4930 403 5005 ineptiis,
430 4930 473 4987 Po.
486 4929 564 4987 xlv.
579 4931 615 5005 a,
640 4929 721 4987 liebr.
770 4922 819 4988 to'e
837 4921 969 5007 ἄρχοντα.

57 5037 115 5098 xlt
137 5034 167 5094 3.
832 5034 879 5110 ³⁸)
899 5051 926 5091 u.
945 5032 994 5091 78.
