<?xml version="1.0" encoding="UTF-8"?>
<!DOCTYPE html PUBLIC "-//W3C//DTD XHTML 1.0 Transitional//EN"
    "http://www.w3.org/TR/xhtml1/DTD/xhtml1-transitional.dtd">
<html xmlns="http://www.w3.org/1999/xhtml" xml:lang="en" lang="en">
 <head>
  <title>
</title>
<meta http-equiv="Content-Type" content="text/html;charset=utf-8" />
  <meta name='ocr-system' content='tesseract 3.04.00' />
  <meta name='ocr-capabilities' content='ocr_page ocr_carea ocr_par ocr_line ocrx_word'/>
</head>
<body>
  <div class='ocr_page' id='page_1' title='image "./commentariusdep00passgoog_0615.png"; bbox 0 0 3324 5382; ppageno 0'>
   <div class='ocr_carea' id='block_1_1' title="bbox 649 318 1490 391">
    <p class='ocr_par' dir='ltr' id='par_1_1' title="bbox 649 318 1490 391">
     <span class='ocr_line' id='line_1_1' title="bbox 649 318 1490 391; baseline 0.005 -5"><span class='ocrx_word' id='word_1_1' title='bbox 649 318 796 388; x_wconf 72' lang='lat' dir='ltr'>CAPUT</span> <span class='ocrx_word' id='word_1_2' title='bbox 837 321 945 390; x_wconf 71' lang='lat' dir='ltr'><strong>xvn.</strong></span> <span class='ocrx_word' id='word_1_3' title='bbox 1428 326 1490 391; x_wconf 75' lang='grc'><strong>895</strong></span> 
     </span>
    </p>
   </div>
   <div class='ocr_carea' id='block_1_2' title="bbox 1 486 1490 2329">
    <p class='ocr_par' dir='ltr' id='par_1_2' title="bbox 102 486 1490 1127">
     <span class='ocr_line' id='line_1_2' title="bbox 214 486 1490 575; baseline 0.007 -24"><span class='ocrx_word' id='word_1_4' title='bbox 214 492 285 551; x_wconf 72' lang='lat' dir='ltr'><strong>m</strong></span> <span class='ocrx_word' id='word_1_5' title='bbox 327 486 479 571; x_wconf 81' lang='lat' dir='ltr'><strong>Epuibus</strong></span> <span class='ocrx_word' id='word_1_6' title='bbox 500 489 625 573; x_wconf 64' lang='lat' dir='ltr'><strong>mque</strong></span> <span class='ocrx_word' id='word_1_7' title='bbox 651 489 738 555; x_wconf 84' lang='lat' dir='ltr'><strong>lacile</strong></span> <span class='ocrx_word' id='word_1_8' title='bbox 762 491 869 555; x_wconf 70' lang='lat' dir='ltr'><strong>mutii:</strong></span> <span class='ocrx_word' id='word_1_9' title='bbox 906 490 1039 556; x_wconf 78' lang='lat' dir='ltr'><strong>Lunam</strong></span> <span class='ocrx_word' id='word_1_10' title='bbox 1060 492 1256 575; x_wconf 80' lang='lat' dir='ltr'><strong>eamdemque</strong></span> <span class='ocrx_word' id='word_1_11' title='bbox 1278 512 1348 558; x_wconf 88' lang='lat' dir='ltr'><strong>esse</strong></span> <span class='ocrx_word' id='word_1_12' title='bbox 1369 503 1490 561; x_wconf 90' lang='lat' dir='ltr'><strong>senteu-</strong></span> 
     </span>
     <span class='ocr_line' id='line_1_3' title="bbox 103 597 1489 686; baseline 0.005 -24"><span class='ocrx_word' id='word_1_13' title='bbox 103 598 194 677; x_wconf 88' lang='lat' dir='ltr'><strong>tiam,</strong></span> <span class='ocrx_word' id='word_1_14' title='bbox 228 615 305 680; x_wconf 82' lang='lat' dir='ltr'><strong>quae</strong></span> <span class='ocrx_word' id='word_1_15' title='bbox 333 616 351 660; x_wconf 92' lang='lat' dir='ltr'><strong>e</strong></span> <span class='ocrx_word' id='word_1_16' title='bbox 378 597 618 664; x_wconf 75' lang='lat' dir='ltr'>luculentioribus</span> <span class='ocrx_word' id='word_1_17' title='bbox 645 601 820 665; x_wconf 73' lang='lat' dir='ltr'><strong>testimoniis</strong></span> <span class='ocrx_word' id='word_1_18' title='bbox 834 605 860 635; x_wconf 82' lang='lat'><strong>⁴⁷</strong></span> <span class='ocrx_word' id='word_1_19' title='bbox 885 601 923 666; x_wconf 90' lang='lat' dir='ltr'><strong>de</strong></span> <span class='ocrx_word' id='word_1_20' title='bbox 942 601 1019 666; x_wconf 85' lang='lat' dir='ltr'><strong>Petri</strong></span> <span class='ocrx_word' id='word_1_21' title='bbox 1045 603 1170 686; x_wconf 85' lang='lat' dir='ltr'><strong>primatu</strong></span> <span class='ocrx_word' id='word_1_22' title='bbox 1198 603 1361 686; x_wconf 71' lang='lat' dir='ltr'><strong>colligitur:</strong></span> <span class='ocrx_word' id='word_1_23' title='bbox 1397 605 1431 669; x_wconf 72' lang='grc' dir='ltr'><strong>ΙΙ,</strong></span> <span class='ocrx_word' id='word_1_24' title='bbox 1452 610 1489 669; x_wconf 86' lang='lat' dir='ltr'><strong>eo</strong></span> 
     </span>
     <span class='ocr_line' id='line_1_4' title="bbox 104 708 1489 796; baseline 0.008 -27"><span class='ocrx_word' id='word_1_25' title='bbox 104 708 253 790; x_wconf 88' lang='lat' dir='ltr'><strong>pertinere</strong></span> <span class='ocrx_word' id='word_1_26' title='bbox 273 709 412 790; x_wconf 87' lang='lat' dir='ltr'><strong>primatus</strong></span> <span class='ocrx_word' id='word_1_27' title='bbox 431 709 658 789; x_wconf 88' lang='lat' dir='ltr'><strong>institutionem,</strong></span> <span class='ocrx_word' id='word_1_28' title='bbox 680 718 711 773; x_wconf 94' lang='lat' dir='ltr'><strong>ut</strong></span> <span class='ocrx_word' id='word_1_29' title='bbox 732 712 890 794; x_wconf 83' lang='lat' dir='ltr'><strong>conspicua</strong></span> <span class='ocrx_word' id='word_1_30' title='bbox 910 712 1059 776; x_wconf 86' lang='lat' dir='ltr'><strong>ecclesiae</strong></span> <span class='ocrx_word' id='word_1_31' title='bbox 1078 714 1189 793; x_wconf 86' lang='lat' dir='ltr'><strong>unitus,</strong></span> <span class='ocrx_word' id='word_1_32' title='bbox 1213 731 1301 794; x_wconf 83' lang='lat' dir='ltr'><strong>quam</strong></span> <span class='ocrx_word' id='word_1_33' title='bbox 1321 714 1489 796; x_wconf 76' lang='lat' dir='ltr'><strong>schismata,</strong></span> 
     </span>
     <span class='ocr_line' id='line_1_5' title="bbox 102 816 1490 904; baseline 0.005 -24"><span class='ocrx_word' id='word_1_34' title='bbox 102 816 308 900; x_wconf 68' lang='lat' dir='ltr'><strong>haeresesque</strong></span> <span class='ocrx_word' id='word_1_35' title='bbox 325 818 524 900; x_wconf 88' lang='lat' dir='ltr'><strong>pessumdant,</strong></span> <span class='ocrx_word' id='word_1_36' title='bbox 546 818 623 883; x_wconf 88' lang='lat' dir='ltr'><strong>iilius</strong></span> <span class='ocrx_word' id='word_1_37' title='bbox 637 822 742 884; x_wconf 80' lang='lat' dir='ltr'><strong>virtute</strong></span> <span class='ocrx_word' id='word_1_38' title='bbox 757 820 909 903; x_wconf 78' lang='lat' dir='ltr'><strong>formetur,</strong></span> <span class='ocrx_word' id='word_1_39' title='bbox 931 822 1113 904; x_wconf 85' lang='lat' dir='ltr'><strong>lormatuque</strong></span> <span class='ocrx_word' id='word_1_40' title='bbox 1135 822 1323 886; x_wconf 78' lang='lat' dir='ltr'><strong>defendatur:</strong></span> <span class='ocrx_word' id='word_1_41' title='bbox 1345 822 1391 886; x_wconf 81' lang='lat' dir='ltr'><strong>tlt</strong></span> <span class='ocrx_word' id='word_1_42' title='bbox 1412 823 1490 887; x_wconf 89' lang='lat' dir='ltr'><strong>huuc</strong></span> 
     </span>
     <span class='ocr_line' id='line_1_6' title="bbox 103 927 1489 1016; baseline 0.005 -26"><span class='ocrx_word' id='word_1_43' title='bbox 103 927 271 991; x_wconf 88' lang='lat' dir='ltr'><strong>instituendi</strong></span> <span class='ocrx_word' id='word_1_44' title='bbox 292 929 431 1010; x_wconf 79' lang='lat' dir='ltr'><strong>primunr</strong></span> <span class='ocrx_word' id='word_1_45' title='bbox 452 928 540 993; x_wconf 90' lang='lat' dir='ltr'><strong>linem</strong></span> <span class='ocrx_word' id='word_1_46' title='bbox 562 947 621 993; x_wconf 93' lang='lat' dir='ltr'><strong>non</strong></span> <span class='ocrx_word' id='word_1_47' title='bbox 640 931 736 993; x_wconf 89' lang='lat' dir='ltr'><strong>minus</strong></span> <span class='ocrx_word' id='word_1_48' title='bbox 757 930 904 1011; x_wconf 79' lang='lat' dir='ltr'><strong>formulis,</strong></span> <span class='ocrx_word' id='word_1_49' title='bbox 924 932 975 996; x_wconf 78' lang='lat' dir='ltr'><strong>inl</strong></span> <span class='ocrx_word' id='word_1_50' title='bbox 995 930 1090 1015; x_wconf 75' lang='grc' dir='ltr'><strong><em>ταύτῃ</em></strong></span> <span class='ocrx_word' id='word_1_51' title='bbox 1111 933 1148 1016; x_wconf 78' lang='grc' dir='ltr'><strong>τῇ</strong></span> <span class='ocrx_word' id='word_1_52' title='bbox 1168 938 1265 1014; x_wconf 73' lang='grc' dir='ltr'><strong><em>πέτρᾳ</em></strong></span> <span class='ocrx_word' id='word_1_53' title='bbox 1286 932 1489 1015; x_wconf 74' lang='grc' dir='ltr'><em>οἰκοδομήσω</em></span> 
     </span>
     <span class='ocr_line' id='line_1_7' title="bbox 102 1034 1490 1127; baseline 0.004 -26"><span class='ocrx_word' id='word_1_54' title='bbox 102 1059 168 1119; x_wconf 80' lang='grc' dir='ltr'><strong>μου</strong></span> <span class='ocrx_word' id='word_1_55' title='bbox 188 1036 245 1115; x_wconf 77' lang='lat' dir='ltr'><strong>sris</strong></span> <span class='ocrx_word' id='word_1_56' title='bbox 262 1037 441 1115; x_wconf 72' lang='grc' dir='ltr'><strong><em>ἐκκλησίαν,</em></strong></span> <span class='ocrx_word' id='word_1_57' title='bbox 464 1046 508 1119; x_wconf 90' lang='lat' dir='ltr'><strong>et,</strong></span> <span class='ocrx_word' id='word_1_58' title='bbox 530 1038 675 1120; x_wconf 78' lang='grc' dir='ltr'><em>στήριξον</em></span> <span class='ocrx_word' id='word_1_59' title='bbox 695 1034 770 1116; x_wconf 75' lang='grc' dir='ltr'><strong>τούς</strong></span> <span class='ocrx_word' id='word_1_60' title='bbox 791 1040 955 1127; x_wconf 74' lang='grc' dir='ltr'><strong>ἀδελφούς</strong></span> <span class='ocrx_word' id='word_1_61' title='bbox 975 1058 1045 1116; x_wconf 83' lang='grc' dir='ltr'><em>σου,</em></span> <span class='ocrx_word' id='word_1_62' title='bbox 1068 1059 1155 1123; x_wconf 61' lang='lat' dir='ltr'><strong>wem</strong></span> <span class='ocrx_word' id='word_1_63' title='bbox 1177 1040 1233 1120; x_wconf 91' lang='lat' dir='ltr'><strong>bis,</strong></span> <span class='ocrx_word' id='word_1_64' title='bbox 1254 1040 1349 1125; x_wconf 69' lang='lat' dir='ltr'><strong>eccas</strong></span> <span class='ocrx_word' id='word_1_65' title='bbox 1370 1039 1411 1106; x_wconf 78' lang='grc' dir='ltr'><strong>τοὶ</strong></span> <span class='ocrx_word' id='word_1_66' title='bbox 1432 1040 1490 1127; x_wconf 83' lang='grc' dir='ltr'><em>α’ρ-</em></span> 
     </span>
    </p>

    <p class='ocr_par' dir='ltr' id='par_1_3' title="bbox 1 1142 1490 1233">
     <span class='ocr_line' id='line_1_8' title="bbox 1 1142 1490 1233; baseline 0.005 -24"><span class='ocrx_word' id='word_1_67' title='bbox 1 1193 2 1228; x_wconf 74' lang='lat'><strong>,</strong></span> <span class='ocrx_word' id='word_1_68' title='bbox 104 1146 158 1211; x_wconf 81' lang='lat' dir='ltr'><strong>aius</strong></span> <span class='ocrx_word' id='word_1_69' title='bbox 175 1168 249 1229; x_wconf 85' lang='grc' dir='ltr'><em>μου,</em></span> <span class='ocrx_word' id='word_1_70' title='bbox 271 1148 417 1230; x_wconf 70' lang='lat' dir='ltr'><strong>colpam</strong></span> <span class='ocrx_word' id='word_1_71' title='bbox 438 1142 477 1212; x_wconf 79' lang='lat' dir='ltr'><strong>cui</strong></span> <span class='ocrx_word' id='word_1_72' title='bbox 497 1146 643 1231; x_wconf 68' lang='lat' dir='ltr'><strong>srpdilosoi</strong></span> <span class='ocrx_word' id='word_1_73' title='bbox 662 1172 743 1232; x_wconf 78' lang='lat' dir='ltr'><strong>poa,</strong></span> <span class='ocrx_word' id='word_1_74' title='bbox 766 1150 977 1215; x_wconf 80' lang='lat' dir='ltr'><strong>demonstrari:</strong></span> <span class='ocrx_word' id='word_1_75' title='bbox 1008 1149 1055 1213; x_wconf 76' lang='lat' dir='ltr'><strong>tv,</strong></span> <span class='ocrx_word' id='word_1_76' title='bbox 1078 1150 1232 1233; x_wconf 71' lang='lat' dir='ltr'><strong>descriptis</strong></span> <span class='ocrx_word' id='word_1_77' title='bbox 1255 1152 1380 1215; x_wconf 87' lang='lat' dir='ltr'><strong>oraculis</strong></span> <span class='ocrx_word' id='word_1_78' title='bbox 1403 1152 1490 1217; x_wconf 87' lang='lat' dir='ltr'><strong>Petro</strong></span> 
     </span>
    </p>

    <p class='ocr_par' dir='ltr' id='par_1_4' title="bbox 1 1256 1489 1674">
     <span class='ocr_line' id='line_1_9' title="bbox 1 1256 1489 1344; baseline 0.005 -25"><span class='ocrx_word' id='word_1_79' title='bbox 1 1263 2 1290; x_wconf 65' lang='lat'>¹</span> <span class='ocrx_word' id='word_1_80' title='bbox 104 1256 233 1321; x_wconf 81' lang='lat' dir='ltr'><strong>conferri</strong></span> <span class='ocrx_word' id='word_1_81' title='bbox 254 1256 299 1320; x_wconf 92' lang='lat' dir='ltr'><strong>ius</strong></span> <span class='ocrx_word' id='word_1_82' title='bbox 320 1258 474 1337; x_wconf 83' lang='lat' dir='ltr'><strong>eximium,</strong></span> <span class='ocrx_word' id='word_1_83' title='bbox 504 1265 592 1341; x_wconf 80' lang='lat' dir='ltr'><strong>atquo</strong></span> <span class='ocrx_word' id='word_1_84' title='bbox 613 1261 754 1323; x_wconf 90' lang='lat' dir='ltr'><strong>consortii</strong></span> <span class='ocrx_word' id='word_1_85' title='bbox 780 1269 933 1342; x_wconf 80' lang='lat' dir='ltr'><strong>expertem</strong></span> <span class='ocrx_word' id='word_1_86' title='bbox 954 1267 1143 1344; x_wconf 89' lang='lat' dir='ltr'><strong>potestatem,</strong></span> <span class='ocrx_word' id='word_1_87' title='bbox 1171 1279 1227 1343; x_wconf 90' lang='lat' dir='ltr'><strong>qua</strong></span> <span class='ocrx_word' id='word_1_88' title='bbox 1249 1263 1439 1344; x_wconf 87' lang='lat' dir='ltr'><strong>conspicuam</strong></span> <span class='ocrx_word' id='word_1_89' title='bbox 1459 1264 1489 1326; x_wconf 93' lang='lat' dir='ltr'><strong>in</strong></span> 
     </span>
     <span class='ocr_line' id='line_1_10' title="bbox 105 1358 1489 1454; baseline 0.005 -26"><span class='ocrx_word' id='word_1_90' title='bbox 105 1365 249 1429; x_wconf 83' lang='lat' dir='ltr'><strong>catholica</strong></span> <span class='ocrx_word' id='word_1_91' title='bbox 277 1366 407 1430; x_wconf 88' lang='lat' dir='ltr'><strong>ecclesia</strong></span> <span class='ocrx_word' id='word_1_92' title='bbox 436 1369 576 1431; x_wconf 70' lang='lat' dir='ltr'><strong>umtawm</strong></span> <span class='ocrx_word' id='word_1_93' title='bbox 603 1370 817 1433; x_wconf 89' lang='lat' dir='ltr'><strong>communionis</strong></span> <span class='ocrx_word' id='word_1_94' title='bbox 839 1378 869 1434; x_wconf 93' lang='lat' dir='ltr'><strong>et</strong></span> <span class='ocrx_word' id='word_1_95' title='bbox 889 1369 975 1450; x_wconf 89' lang='lat' dir='ltr'><strong>iidei,</strong></span> <span class='ocrx_word' id='word_1_96' title='bbox 1006 1358 1140 1451; x_wconf 90' lang='lat' dir='ltr'><strong>corporis</strong></span> <span class='ocrx_word' id='word_1_97' title='bbox 1169 1378 1257 1453; x_wconf 86' lang='lat' dir='ltr'><strong>atque</strong></span> <span class='ocrx_word' id='word_1_98' title='bbox 1278 1371 1405 1454; x_wconf 79' lang='lat' dir='ltr'><strong>symboli</strong></span> <span class='ocrx_word' id='word_1_99' title='bbox 1425 1380 1489 1436; x_wconf 91' lang='lat' dir='ltr'><strong>tue·</strong></span> 
     </span>
     <span class='ocr_line' id='line_1_11' title="bbox 103 1474 1488 1564; baseline 0.004 -24"><span class='ocrx_word' id='word_1_100' title='bbox 103 1483 201 1540; x_wconf 84' lang='lat' dir='ltr'><strong>retur:</strong></span> <span class='ocrx_word' id='word_1_101' title='bbox 222 1484 373 1559; x_wconf 85' lang='lat' dir='ltr'><strong>postremo</strong></span> <span class='ocrx_word' id='word_1_102' title='bbox 395 1478 430 1540; x_wconf 86' lang='lat' dir='ltr'><strong>V.</strong></span> <span class='ocrx_word' id='word_1_103' title='bbox 453 1496 513 1541; x_wconf 88' lang='lat' dir='ltr'><strong>non</strong></span> <span class='ocrx_word' id='word_1_104' title='bbox 536 1477 620 1542; x_wconf 86' lang='lat' dir='ltr'><strong>aliter</strong></span> <span class='ocrx_word' id='word_1_105' title='bbox 636 1498 654 1542; x_wconf 91' lang='lat' dir='ltr'><strong>e</strong></span> <span class='ocrx_word' id='word_1_106' title='bbox 669 1479 779 1563; x_wconf 80' lang='lat' dir='ltr'><strong>verbis,</strong></span> <span class='ocrx_word' id='word_1_107' title='bbox 798 1479 894 1564; x_wconf 80' lang='grc' dir='ltr'><strong><em>βόσκε</em></strong></span> <span class='ocrx_word' id='word_1_108' title='bbox 915 1474 956 1545; x_wconf 73' lang='grc' dir='ltr'><strong>τοὶ</strong></span> <span class='ocrx_word' id='word_1_109' title='bbox 976 1477 1072 1561; x_wconf 76' lang='grc' dir='ltr'><em>ἀρνία</em></span> <span class='ocrx_word' id='word_1_110' title='bbox 1092 1502 1166 1563; x_wconf 80' lang='grc' dir='ltr'><strong>μου,</strong></span> <span class='ocrx_word' id='word_1_111' title='bbox 1186 1482 1332 1559; x_wconf 78' lang='grc' dir='ltr'><strong><em>ποίμαινε</em></strong></span> <span class='ocrx_word' id='word_1_112' title='bbox 1353 1476 1392 1546; x_wconf 77' lang='grc' dir='ltr'><strong>τοὶ</strong></span> <span class='ocrx_word' id='word_1_113' title='bbox 1413 1484 1488 1564; x_wconf 68' lang='lat' dir='ltr'><strong>apti</strong></span> 
     </span>
     <span class='ocr_line' id='line_1_12' title="bbox 104 1586 1489 1674; baseline 0.002 -22"><span class='ocrx_word' id='word_1_114' title='bbox 104 1586 187 1672; x_wconf 70' lang='grc' dir='ltr'><em>βαιοὶ</em></span> <span class='ocrx_word' id='word_1_115' title='bbox 216 1608 297 1669; x_wconf 85' lang='grc' dir='ltr'><em>μου,</em></span> <span class='ocrx_word' id='word_1_116' title='bbox 330 1587 457 1652; x_wconf 79' lang='lat' dir='ltr'><strong>euidenti</strong></span> <span class='ocrx_word' id='word_1_117' title='bbox 485 1590 721 1671; x_wconf 82' lang='lat' dir='ltr'><strong>consequutione</strong></span> <span class='ocrx_word' id='word_1_118' title='bbox 749 1589 872 1670; x_wconf 87' lang='lat' dir='ltr'><strong>deduci,</strong></span> <span class='ocrx_word' id='word_1_119' title='bbox 904 1589 1018 1655; x_wconf 90' lang='lat' dir='ltr'><strong>alienos</strong></span> <span class='ocrx_word' id='word_1_120' title='bbox 1044 1608 1114 1653; x_wconf 88' lang='lat' dir='ltr'><strong>esse</strong></span> <span class='ocrx_word' id='word_1_121' title='bbox 1135 1591 1171 1653; x_wconf 89' lang='lat' dir='ltr'><strong>ab</strong></span> <span class='ocrx_word' id='word_1_122' title='bbox 1192 1590 1261 1653; x_wconf 84' lang='lat' dir='ltr'><strong>ovili</strong></span> <span class='ocrx_word' id='word_1_123' title='bbox 1283 1591 1407 1671; x_wconf 85' lang='lat' dir='ltr'><strong>Christi,</strong></span> <span class='ocrx_word' id='word_1_124' title='bbox 1440 1594 1489 1674; x_wconf 83' lang='lat' dir='ltr'><strong>qui</strong></span> 
     </span>
    </p>

    <p class='ocr_par' dir='ltr' id='par_1_5' title="bbox 1 1695 1490 2329">
     <span class='ocr_line' id='line_1_13' title="bbox 1 1695 1489 1784; baseline -0.003 -16"><span class='ocrx_word' id='word_1_125' title='bbox 1 1765 2 1768; x_wconf 74' lang='grc'>,</span> <span class='ocrx_word' id='word_1_126' title='bbox 103 1700 247 1763; x_wconf 82' lang='lat' dir='ltr'><strong>adversus</strong></span> <span class='ocrx_word' id='word_1_127' title='bbox 269 1695 386 1761; x_wconf 89' lang='lat' dir='ltr'><strong>Petrum</strong></span> <span class='ocrx_word' id='word_1_128' title='bbox 408 1699 630 1763; x_wconf 87' lang='lat' dir='ltr'><strong>oecumenicum</strong></span> <span class='ocrx_word' id='word_1_129' title='bbox 651 1708 799 1783; x_wconf 77' lang='lat' dir='ltr'><strong>pastorem</strong></span> <span class='ocrx_word' id='word_1_130' title='bbox 827 1699 987 1783; x_wconf 74' lang='lat' dir='ltr'><strong>rebellant,</strong></span> <span class='ocrx_word' id='word_1_131' title='bbox 1019 1718 1105 1782; x_wconf 88' lang='lat' dir='ltr'><strong>quam</strong></span> <span class='ocrx_word' id='word_1_132' title='bbox 1129 1720 1146 1762; x_wconf 90' lang='lat' dir='ltr'><strong>e</strong></span> <span class='ocrx_word' id='word_1_133' title='bbox 1169 1699 1283 1781; x_wconf 83' lang='lat' dir='ltr'><strong>verbis,</strong></span> <span class='ocrx_word' id='word_1_134' title='bbox 1317 1701 1367 1763; x_wconf 72' lang='lat' dir='ltr'><strong>dal</strong></span> <span class='ocrx_word' id='word_1_135' title='bbox 1395 1699 1489 1784; x_wconf 78' lang='grc' dir='ltr'><em>ταύτῃ</em></span> 
     </span>
     <span class='ocr_line' id='line_1_14' title="bbox 102 1802 1487 1898; baseline 0.001 -26"><span class='ocrx_word' id='word_1_136' title='bbox 102 1811 140 1893; x_wconf 76' lang='grc' dir='ltr'><strong>τῇ</strong></span> <span class='ocrx_word' id='word_1_137' title='bbox 160 1813 259 1891; x_wconf 74' lang='lat' dir='ltr'><strong>ndspp</strong></span> <span class='ocrx_word' id='word_1_138' title='bbox 279 1806 482 1891; x_wconf 65' lang='grc' dir='ltr'><em>οἰκοδομήσω</em></span> <span class='ocrx_word' id='word_1_139' title='bbox 502 1830 566 1892; x_wconf 85' lang='grc' dir='ltr'><strong>μου</strong></span> <span class='ocrx_word' id='word_1_140' title='bbox 587 1806 643 1887; x_wconf 69' lang='grc' dir='ltr'><strong>τήν</strong></span> <span class='ocrx_word' id='word_1_141' title='bbox 664 1810 846 1887; x_wconf 73' lang='grc' dir='ltr'><strong><em>ἐκκλησίαν,</em></strong></span> <span class='ocrx_word' id='word_1_142' title='bbox 874 1817 919 1892; x_wconf 90' lang='lat' dir='ltr'><strong>et,</strong></span> <span class='ocrx_word' id='word_1_143' title='bbox 949 1804 1096 1891; x_wconf 81' lang='grc' dir='ltr'><strong>οτήριξοκ</strong></span> <span class='ocrx_word' id='word_1_144' title='bbox 1123 1802 1198 1885; x_wconf 75' lang='grc' dir='ltr'><strong>τούς</strong></span> <span class='ocrx_word' id='word_1_145' title='bbox 1226 1807 1388 1898; x_wconf 71' lang='grc' dir='ltr'><strong>ἀδελφούς</strong></span> <span class='ocrx_word' id='word_1_146' title='bbox 1419 1828 1487 1887; x_wconf 85' lang='grc' dir='ltr'><em>σου,</em></span> 
     </span>
     <span class='ocr_line' id='line_1_15' title="bbox 103 1917 1490 2006; baseline -0.001 -23"><span class='ocrx_word' id='word_1_147' title='bbox 103 1927 154 1983; x_wconf 86' lang='lat' dir='ltr'><strong>aut</strong></span> <span class='ocrx_word' id='word_1_148' title='bbox 180 1917 242 1983; x_wconf 74' lang='lat' dir='ltr'><strong>leo</strong></span> <span class='ocrx_word' id='word_1_149' title='bbox 257 1922 285 1951; x_wconf 82' lang='lat'><strong>⁴⁸</strong></span> <span class='ocrx_word' id='word_1_150' title='bbox 315 1918 486 2001; x_wconf 77' lang='lat' dir='ltr'><strong>collegerit,</strong></span> <span class='ocrx_word' id='word_1_151' title='bbox 521 1927 611 1983; x_wconf 64' lang='lat' dir='ltr'><strong>nanis</strong></span> <span class='ocrx_word' id='word_1_152' title='bbox 633 1944 653 1985; x_wconf 91' lang='lat' dir='ltr'><strong>o</strong></span> <span class='ocrx_word' id='word_1_153' title='bbox 674 1941 819 2006; x_wconf 79' lang='lat' dir='ltr'><strong>compope</strong></span> <span class='ocrx_word' id='word_1_154' title='bbox 837 1918 930 1983; x_wconf 81' lang='lat' dir='ltr'><strong>butas</strong></span> <span class='ocrx_word' id='word_1_155' title='bbox 952 1918 1177 2001; x_wconf 72' lang='lat' dir='ltr'><strong>aedificationis</strong></span> <span class='ocrx_word' id='word_1_156' title='bbox 1200 1918 1321 1985; x_wconf 79' lang='lat' dir='ltr'><strong>alterans</strong></span> <span class='ocrx_word' id='word_1_157' title='bbox 1344 1929 1407 1998; x_wconf 85' lang='lat' dir='ltr'><strong>est,</strong></span> <span class='ocrx_word' id='word_1_158' title='bbox 1437 1926 1490 2000; x_wconf 81' lang='lat' dir='ltr'><strong>poi</strong></span> 
     </span>
     <span class='ocr_line' id='line_1_16' title="bbox 102 2023 1489 2112; baseline -0.001 -20"><span class='ocrx_word' id='word_1_159' title='bbox 102 2027 184 2092; x_wconf 81' lang='lat' dir='ltr'><strong>deaii</strong></span> <span class='ocrx_word' id='word_1_160' title='bbox 205 2023 297 2090; x_wconf 85' lang='lat' dir='ltr'><strong>Petri</strong></span> <span class='ocrx_word' id='word_1_161' title='bbox 317 2026 543 2112; x_wconf 68' lang='lat' dir='ltr'><strong>consessionem</strong></span> <span class='ocrx_word' id='word_1_162' title='bbox 564 2052 625 2094; x_wconf 85' lang='lat' dir='ltr'><strong>non</strong></span> <span class='ocrx_word' id='word_1_163' title='bbox 646 2037 737 2111; x_wconf 84' lang='lat' dir='ltr'><strong>capii,</strong></span> <span class='ocrx_word' id='word_1_164' title='bbox 760 2040 809 2095; x_wconf 90' lang='lat' dir='ltr'><strong>aul</strong></span> <span class='ocrx_word' id='word_1_165' title='bbox 823 2035 851 2066; x_wconf 78' lang='lat'><strong>⁴¹</strong></span> <span class='ocrx_word' id='word_1_166' title='bbox 874 2031 953 2095; x_wconf 89' lang='lat' dir='ltr'><strong>Beda</strong></span> <span class='ocrx_word' id='word_1_167' title='bbox 976 2030 1165 2106; x_wconf 78' lang='lat' dir='ltr'><strong>concluserit,</strong></span> <span class='ocrx_word' id='word_1_168' title='bbox 1188 2053 1209 2094; x_wconf 88' lang='lat' dir='ltr'><strong>o</strong></span> <span class='ocrx_word' id='word_1_169' title='bbox 1230 2036 1320 2094; x_wconf 86' lang='lat' dir='ltr'><strong>cuins</strong></span> <span class='ocrx_word' id='word_1_170' title='bbox 1341 2037 1489 2093; x_wconf 84' lang='lat' dir='ltr'><strong>soeieloic</strong></span> 
     </span>
     <span class='ocr_line' id='line_1_17' title="bbox 101 2137 1489 2224; baseline -0.001 -21"><span class='ocrx_word' id='word_1_171' title='bbox 101 2137 310 2222; x_wconf 75' lang='lat' dir='ltr'><strong>consessionis</strong></span> <span class='ocrx_word' id='word_1_172' title='bbox 331 2144 471 2219; x_wconf 61' lang='lat' dir='ltr'><strong>monis</strong></span> <span class='ocrx_word' id='word_1_173' title='bbox 494 2140 668 2217; x_wconf 52' lang='lat' dir='ltr'><strong>brionnii,</strong></span> <span class='ocrx_word' id='word_1_174' title='bbox 690 2146 829 2220; x_wconf 66' lang='lat' dir='ltr'><strong>womois</strong></span> <span class='ocrx_word' id='word_1_175' title='bbox 849 2137 910 2203; x_wconf 83' lang='lat' dir='ltr'><strong>sibi</strong></span> <span class='ocrx_word' id='word_1_176' title='bbox 930 2159 1063 2224; x_wconf 73' lang='lat' dir='ltr'><strong>magnus</strong></span> <span class='ocrx_word' id='word_1_177' title='bbox 1084 2139 1235 2217; x_wconf 78' lang='lat' dir='ltr'><strong>videatur,</strong></span> <span class='ocrx_word' id='word_1_178' title='bbox 1257 2139 1301 2203; x_wconf 77' lang='lat' dir='ltr'><strong>ud</strong></span> <span class='ocrx_word' id='word_1_179' title='bbox 1312 2137 1489 2221; x_wconf 79' lang='lat' dir='ltr'><strong>aedificium</strong></span> 
     </span>
     <span class='ocr_line' id='line_1_18' title="bbox 102 2246 494 2329; baseline -0.003 -17"><span class='ocrx_word' id='word_1_180' title='bbox 102 2246 251 2313; x_wconf 75' lang='lat' dir='ltr'><strong>eccleciae</strong></span> <span class='ocrx_word' id='word_1_181' title='bbox 272 2270 334 2312; x_wconf 87' lang='lat' dir='ltr'><strong>non</strong></span> <span class='ocrx_word' id='word_1_182' title='bbox 352 2256 494 2329; x_wconf 81' lang='lat' dir='ltr'><strong>pertinet.</strong></span> 
     </span>
    </p>
   </div>
   <div class='ocr_carea' id='block_1_3' title="bbox 1 2750 1489 4747">
    <p class='ocr_par' dir='ltr' id='par_1_6' title="bbox 1 2750 1489 4747">
     <span class='ocr_line' id='line_1_19' title="bbox 211 2750 1489 2885; baseline -0.001 -21"><span class='ocrx_word' id='word_1_183' title='bbox 211 2808 281 2864; x_wconf 79' lang='lat'><strong>245.</strong></span> <span class='ocrx_word' id='word_1_184' title='bbox 316 2750 425 2885; x_wconf 77' lang='lat' dir='ltr'><strong>litque</strong></span> <span class='ocrx_word' id='word_1_185' title='bbox 446 2800 521 2865; x_wconf 89' lang='lat' dir='ltr'><strong>baec</strong></span> <span class='ocrx_word' id='word_1_186' title='bbox 543 2800 629 2864; x_wconf 87' lang='lat' dir='ltr'><strong>bubni</strong></span> <span class='ocrx_word' id='word_1_187' title='bbox 648 2820 723 2883; x_wconf 86' lang='lat' dir='ltr'><strong>quse</strong></span> <span class='ocrx_word' id='word_1_188' title='bbox 739 2801 776 2865; x_wconf 92' lang='lat' dir='ltr'><strong>de</strong></span> <span class='ocrx_word' id='word_1_189' title='bbox 791 2800 967 2884; x_wconf 84' lang='lat' dir='ltr'><strong>gravissima</strong></span> <span class='ocrx_word' id='word_1_190' title='bbox 989 2803 1162 2883; x_wconf 76' lang='lat' dir='ltr'><strong>quaestione</strong></span> <span class='ocrx_word' id='word_1_191' title='bbox 1181 2817 1388 2883; x_wconf 83' lang='lat' dir='ltr'><strong>proponerem,</strong></span> <span class='ocrx_word' id='word_1_192' title='bbox 1411 2799 1489 2863; x_wconf 91' lang='lat' dir='ltr'><strong>unde</strong></span> 
     </span>
     <span class='ocr_line' id='line_1_20' title="bbox 102 2909 1488 2993; baseline -0.002 -18"><span class='ocrx_word' id='word_1_193' title='bbox 102 2930 220 2975; x_wconf 86' lang='lat' dir='ltr'><strong>manum</strong></span> <span class='ocrx_word' id='word_1_194' title='bbox 249 2930 267 2973; x_wconf 91' lang='lat' dir='ltr'><strong>e</strong></span> <span class='ocrx_word' id='word_1_195' title='bbox 295 2910 392 2975; x_wconf 90' lang='lat' dir='ltr'><strong>tabula</strong></span> <span class='ocrx_word' id='word_1_196' title='bbox 419 2912 558 2974; x_wconf 91' lang='lat' dir='ltr'><strong>continuo</strong></span> <span class='ocrx_word' id='word_1_197' title='bbox 588 2929 756 2989; x_wconf 81' lang='lat' dir='ltr'><strong>moverem,</strong></span> <span class='ocrx_word' id='word_1_198' title='bbox 787 2911 843 2974; x_wconf 93' lang='lat' dir='ltr'><strong>nisi</strong></span> <span class='ocrx_word' id='word_1_199' title='bbox 864 2911 900 2972; x_wconf 90' lang='lat' dir='ltr'><strong>iis</strong></span> <span class='ocrx_word' id='word_1_200' title='bbox 921 2910 1046 2974; x_wconf 88' lang='lat' dir='ltr'><strong>loriasse</strong></span> <span class='ocrx_word' id='word_1_201' title='bbox 1068 2928 1127 2974; x_wconf 92' lang='lat' dir='ltr'><strong>non</strong></span> <span class='ocrx_word' id='word_1_202' title='bbox 1149 2912 1249 2993; x_wconf 77' lang='lat' dir='ltr'><strong>paucis</strong></span> <span class='ocrx_word' id='word_1_203' title='bbox 1273 2909 1488 2973; x_wconf 87' lang='lat' dir='ltr'><strong>occurrendum</strong></span> 
     </span>
     <span class='ocr_line' id='line_1_21' title="bbox 1 3018 1487 3103; baseline -0.001 -19"><span class='ocrx_word' id='word_1_204' title='bbox 1 3025 2 3042; x_wconf 66' lang='lat'>¹</span> <span class='ocrx_word' id='word_1_205' title='bbox 102 3040 172 3086; x_wconf 88' lang='lat' dir='ltr'><strong>esso</strong></span> <span class='ocrx_word' id='word_1_206' title='bbox 198 3021 372 3100; x_wconf 88' lang='lat' dir='ltr'><strong>arbitrarer,</strong></span> <span class='ocrx_word' id='word_1_207' title='bbox 403 3021 451 3102; x_wconf 85' lang='lat' dir='ltr'><strong>qui</strong></span> <span class='ocrx_word' id='word_1_208' title='bbox 479 3020 516 3082; x_wconf 92' lang='lat' dir='ltr'><strong>de</strong></span> <span class='ocrx_word' id='word_1_209' title='bbox 545 3038 593 3083; x_wconf 91' lang='lat' dir='ltr'><strong>me</strong></span> <span class='ocrx_word' id='word_1_210' title='bbox 622 3027 855 3103; x_wconf 87' lang='lat' dir='ltr'><strong>conquerantur,</strong></span> <span class='ocrx_word' id='word_1_211' title='bbox 885 3020 963 3102; x_wconf 91' lang='lat' dir='ltr'><strong>quod</strong></span> <span class='ocrx_word' id='word_1_212' title='bbox 985 3021 1104 3084; x_wconf 87' lang='lat' dir='ltr'><strong>nimium</strong></span> <span class='ocrx_word' id='word_1_213' title='bbox 1126 3021 1281 3103; x_wconf 79' lang='lat' dir='ltr'><strong>prolixitati</strong></span> <span class='ocrx_word' id='word_1_214' title='bbox 1302 3018 1487 3099; x_wconf 86' lang='lat' dir='ltr'><strong>indulserim,</strong></span> 
     </span>
     <span class='ocr_line' id='line_1_22' title="bbox 1 3129 1487 3212; baseline -0.002 -19"><span class='ocrx_word' id='word_1_215' title='bbox 1 3175 2 3206; x_wconf 77' lang='lat'><strong>,</strong></span> <span class='ocrx_word' id='word_1_216' title='bbox 102 3149 201 3212; x_wconf 89' lang='lat' dir='ltr'><strong>neque</strong></span> <span class='ocrx_word' id='word_1_217' title='bbox 229 3130 314 3208; x_wconf 90' lang='lat' dir='ltr'><strong>mihi,</strong></span> <span class='ocrx_word' id='word_1_218' title='bbox 344 3131 528 3211; x_wconf 87' lang='lat' dir='ltr'><strong>orationique</strong></span> <span class='ocrx_word' id='word_1_219' title='bbox 558 3148 643 3193; x_wconf 89' lang='lat' dir='ltr'><strong>meae</strong></span> <span class='ocrx_word' id='word_1_220' title='bbox 671 3147 784 3211; x_wconf 83' lang='lat' dir='ltr'><strong>aequos</strong></span> <span class='ocrx_word' id='word_1_221' title='bbox 809 3137 966 3211; x_wconf 85' lang='lat' dir='ltr'><strong>certosque</strong></span> <span class='ocrx_word' id='word_1_222' title='bbox 987 3129 1062 3192; x_wconf 90' lang='lat' dir='ltr'><strong>ilnes</strong></span> <span class='ocrx_word' id='word_1_223' title='bbox 1084 3130 1374 3210; x_wconf 87' lang='lat' dir='ltr'><strong>circumscripserim.</strong></span> <span class='ocrx_word' id='word_1_224' title='bbox 1418 3129 1487 3202; x_wconf 86' lang='lat' dir='ltr'><strong>Qui·</strong></span> 
     </span>
     <span class='ocr_line' id='line_1_23' title="bbox 101 3237 1487 3321; baseline -0.001 -19"><span class='ocrx_word' id='word_1_225' title='bbox 101 3241 173 3319; x_wconf 91' lang='lat' dir='ltr'><strong>bus,</strong></span> <span class='ocrx_word' id='word_1_226' title='bbox 202 3242 227 3303; x_wconf 93' lang='lat' dir='ltr'><strong>si</strong></span> <span class='ocrx_word' id='word_1_227' title='bbox 251 3237 385 3303; x_wconf 76' lang='lat' dir='ltr'><strong>hermenii</strong></span> <span class='ocrx_word' id='word_1_228' title='bbox 406 3242 479 3319; x_wconf 90' lang='lat' dir='ltr'><strong>sini,</strong></span> <span class='ocrx_word' id='word_1_229' title='bbox 509 3238 714 3320; x_wconf 85' lang='lat' dir='ltr'><strong>respondebo,</strong></span> <span class='ocrx_word' id='word_1_230' title='bbox 745 3244 777 3300; x_wconf 90' lang='lat' dir='ltr'><strong>ut</strong></span> <span class='ocrx_word' id='word_1_231' title='bbox 803 3237 941 3320; x_wconf 83' lang='lat' dir='ltr'><strong>quidquid</strong></span> <span class='ocrx_word' id='word_1_232' title='bbox 967 3241 1080 3321; x_wconf 90' lang='lat' dir='ltr'><strong>peccati</strong></span> <span class='ocrx_word' id='word_1_233' title='bbox 1106 3240 1161 3302; x_wconf 92' lang='lat' dir='ltr'><strong>bac</strong></span> <span class='ocrx_word' id='word_1_234' title='bbox 1184 3238 1221 3302; x_wconf 91' lang='lat' dir='ltr'><strong>de</strong></span> <span class='ocrx_word' id='word_1_235' title='bbox 1244 3256 1350 3302; x_wconf 86' lang='lat' dir='ltr'><strong>caussa</strong></span> <span class='ocrx_word' id='word_1_236' title='bbox 1372 3247 1487 3301; x_wconf 72' lang='lat' dir='ltr'><strong>conua-</strong></span> 
     </span>
     <span class='ocr_line' id='line_1_24' title="bbox 102 3348 1487 3432; baseline -0.001 -20.068"><span class='ocrx_word' id='word_1_237' title='bbox 102 3351 215 3429; x_wconf 80' lang='lat' dir='ltr'><strong>aerim,</strong></span> <span class='ocrx_word' id='word_1_238' title='bbox 237 3350 316 3413; x_wconf 91' lang='lat' dir='ltr'><strong>bono</strong></span> <span class='ocrx_word' id='word_1_239' title='bbox 337 3350 451 3431; x_wconf 86' lang='lat' dir='ltr'><strong>animo,</strong></span> <span class='ocrx_word' id='word_1_240' title='bbox 474 3367 533 3430; x_wconf 91' lang='lat' dir='ltr'><strong>quo</strong></span> <span class='ocrx_word' id='word_1_241' title='bbox 554 3349 702 3411; x_wconf 88' lang='lat' dir='ltr'><strong>communi</strong></span> <span class='ocrx_word' id='word_1_242' title='bbox 723 3348 833 3412; x_wconf 89' lang='lat' dir='ltr'><strong>utilitati</strong></span> <span class='ocrx_word' id='word_1_243' title='bbox 855 3356 1043 3430; x_wconf 86' lang='lat' dir='ltr'><strong>prospectum</strong></span> <span class='ocrx_word' id='word_1_244' title='bbox 1065 3349 1153 3427; x_wconf 87' lang='lat' dir='ltr'><strong>volui,</strong></span> <span class='ocrx_word' id='word_1_245' title='bbox 1176 3349 1335 3432; x_wconf 88' lang='lat' dir='ltr'><strong>ignoscere</strong></span> <span class='ocrx_word' id='word_1_246' title='bbox 1358 3367 1396 3411; x_wconf 92' lang='lat' dir='ltr'><strong>ne</strong></span> <span class='ocrx_word' id='word_1_247' title='bbox 1418 3367 1487 3431; x_wconf 88' lang='lat' dir='ltr'><strong>gru-</strong></span> 
     </span>
     <span class='ocr_line' id='line_1_25' title="bbox 1 3456 1487 3540; baseline 0 -20"><span class='ocrx_word' id='word_1_248' title='bbox 1 3491 2 3500; x_wconf 47' lang='lat'>1</span> <span class='ocrx_word' id='word_1_249' title='bbox 104 3467 228 3540; x_wconf 70' lang='lat' dir='ltr'><strong>ventur,</strong></span> <span class='ocrx_word' id='word_1_250' title='bbox 264 3460 309 3522; x_wconf 89' lang='lat' dir='ltr'><strong>sin</strong></span> <span class='ocrx_word' id='word_1_251' title='bbox 337 3459 450 3539; x_wconf 91' lang='lat' dir='ltr'><strong>minus,</strong></span> <span class='ocrx_word' id='word_1_252' title='bbox 484 3459 576 3522; x_wconf 89' lang='lat' dir='ltr'><strong>sciant</strong></span> <span class='ocrx_word' id='word_1_253' title='bbox 603 3476 658 3521; x_wconf 90' lang='lat' dir='ltr'><strong>nos</strong></span> <span class='ocrx_word' id='word_1_254' title='bbox 686 3476 755 3521; x_wconf 86' lang='lat' dir='ltr'><strong>esse</strong></span> <span class='ocrx_word' id='word_1_255' title='bbox 784 3456 966 3539; x_wconf 89' lang='lat' dir='ltr'><strong>compendiis</strong></span> <span class='ocrx_word' id='word_1_256' title='bbox 993 3457 1090 3539; x_wconf 91' lang='lat' dir='ltr'><strong>paullo</strong></span> <span class='ocrx_word' id='word_1_257' title='bbox 1120 3458 1313 3537; x_wconf 78' lang='lat' dir='ltr'><strong>intensiones,</strong></span> <span class='ocrx_word' id='word_1_258' title='bbox 1346 3458 1424 3539; x_wconf 88' lang='lat' dir='ltr'><strong>quod</strong></span> <span class='ocrx_word' id='word_1_259' title='bbox 1452 3478 1487 3521; x_wconf 89' lang='lat' dir='ltr'><strong>ea</strong></span> 
     </span>
     <span class='ocr_line' id='line_1_26' title="bbox 104 3566 1487 3650; baseline -0.002 -18"><span class='ocrx_word' id='word_1_260' title='bbox 104 3568 254 3650; x_wconf 88' lang='lat' dir='ltr'><strong>dispendia</strong></span> <span class='ocrx_word' id='word_1_261' title='bbox 282 3586 350 3632; x_wconf 89' lang='lat' dir='ltr'><strong>esse</strong></span> <span class='ocrx_word' id='word_1_262' title='bbox 376 3575 527 3650; x_wconf 89' lang='lat' dir='ltr'><strong>putemus,</strong></span> <span class='ocrx_word' id='word_1_263' title='bbox 557 3566 763 3648; x_wconf 89' lang='lat' dir='ltr'><strong>scribendique</strong></span> <span class='ocrx_word' id='word_1_264' title='bbox 784 3569 929 3632; x_wconf 87' lang='lat' dir='ltr'><strong>rationem</strong></span> <span class='ocrx_word' id='word_1_265' title='bbox 951 3569 1070 3631; x_wconf 89' lang='lat' dir='ltr'><strong>minime</strong></span> <span class='ocrx_word' id='word_1_266' title='bbox 1093 3568 1200 3630; x_wconf 86' lang='lat' dir='ltr'><strong>sectari</strong></span> <span class='ocrx_word' id='word_1_267' title='bbox 1221 3568 1280 3630; x_wconf 84' lang='lat' dir='ltr'><strong>Caii</strong></span> <span class='ocrx_word' id='word_1_268' title='bbox 1302 3566 1487 3647; x_wconf 80' lang='lat' dir='ltr'><strong>Amafinii⁶⁰,</strong></span> 
     </span>
     <span class='ocr_line' id='line_1_27' title="bbox 103 3676 1489 3761; baseline -0.001 -21"><span class='ocrx_word' id='word_1_269' title='bbox 103 3695 190 3761; x_wconf 65' lang='lat' dir='ltr'><strong>mam</strong></span> <span class='ocrx_word' id='word_1_270' title='bbox 212 3696 272 3740; x_wconf 94' lang='lat' dir='ltr'><strong>uon</strong></span> <span class='ocrx_word' id='word_1_271' title='bbox 300 3676 391 3740; x_wconf 85' lang='lat' dir='ltr'><strong>luisse</strong></span> <span class='ocrx_word' id='word_1_272' title='bbox 420 3677 556 3741; x_wconf 87' lang='lat' dir='ltr'><strong>subtilem</strong></span> <span class='ocrx_word' id='word_1_273' title='bbox 581 3676 811 3760; x_wconf 76' lang='lat' dir='ltr'><strong>diligentemque</strong></span> <span class='ocrx_word' id='word_1_274' title='bbox 839 3677 908 3740; x_wconf 90' lang='lat' dir='ltr'><strong>inde</strong></span> <span class='ocrx_word' id='word_1_275' title='bbox 930 3676 1040 3739; x_wconf 87' lang='lat' dir='ltr'><strong>Tullius</strong></span> <span class='ocrx_word' id='word_1_276' title='bbox 1065 3678 1156 3755; x_wconf 87' lang='lat' dir='ltr'><strong>eruit,</strong></span> <span class='ocrx_word' id='word_1_277' title='bbox 1191 3676 1269 3759; x_wconf 89' lang='lat' dir='ltr'><strong>quod</strong></span> <span class='ocrx_word' id='word_1_278' title='bbox 1298 3676 1375 3739; x_wconf 90' lang='lat' dir='ltr'><strong>illius</strong></span> <span class='ocrx_word' id='word_1_279' title='bbox 1401 3695 1489 3757; x_wconf 88' lang='lat' dir='ltr'><strong>prae-</strong></span> 
     </span>
     <span class='ocr_line' id='line_1_28' title="bbox 103 3783 1487 3871; baseline -0.003 -20"><span class='ocrx_word' id='word_1_280' title='bbox 103 3789 255 3869; x_wconf 90' lang='lat' dir='ltr'><strong>ceptiones</strong></span> <span class='ocrx_word' id='word_1_281' title='bbox 277 3794 306 3849; x_wconf 85' lang='lat' dir='ltr'><strong>et</strong></span> <span class='ocrx_word' id='word_1_282' title='bbox 321 3784 422 3871; x_wconf 81' lang='lat' dir='ltr'><strong>focile</strong></span> <span class='ocrx_word' id='word_1_283' title='bbox 444 3786 661 3866; x_wconf 87' lang='lat' dir='ltr'><strong>ediscerentur,</strong></span> <span class='ocrx_word' id='word_1_284' title='bbox 691 3793 721 3848; x_wconf 87' lang='lat' dir='ltr'><strong>et</strong></span> <span class='ocrx_word' id='word_1_285' title='bbox 742 3783 783 3848; x_wconf 86' lang='lat' dir='ltr'><strong>ab</strong></span> <span class='ocrx_word' id='word_1_286' title='bbox 802 3787 933 3850; x_wconf 84' lang='lat' dir='ltr'><strong>indoctis</strong></span> <span class='ocrx_word' id='word_1_287' title='bbox 955 3785 1157 3867; x_wconf 86' lang='lat' dir='ltr'><strong>probarentur.</strong></span> <span class='ocrx_word' id='word_1_288' title='bbox 1201 3785 1263 3849; x_wconf 90' lang='lat' dir='ltr'><strong>Nisi</strong></span> <span class='ocrx_word' id='word_1_289' title='bbox 1285 3788 1340 3850; x_wconf 90' lang='lat' dir='ltr'><strong>ista</strong></span> <span class='ocrx_word' id='word_1_290' title='bbox 1361 3784 1487 3849; x_wconf 83' lang='lat' dir='ltr'><strong>saliace-</strong></span> 
     </span>
     <span class='ocr_line' id='line_1_29' title="bbox 1 3894 1487 3979; baseline -0.001 -21"><span class='ocrx_word' id='word_1_291' title='bbox 1 3965 2 3974; x_wconf 8' lang='grc' dir='ltr'>χ</span> <span class='ocrx_word' id='word_1_292' title='bbox 100 3897 176 3977; x_wconf 90' lang='lat' dir='ltr'><strong>rint,</strong></span> <span class='ocrx_word' id='word_1_293' title='bbox 209 3896 312 3959; x_wconf 87' lang='lat' dir='ltr'><strong>addam</strong></span> <span class='ocrx_word' id='word_1_294' title='bbox 341 3896 467 3979; x_wconf 85' lang='lat' dir='ltr'><strong>quaein</strong></span> <span class='ocrx_word' id='word_1_295' title='bbox 490 3913 605 3959; x_wconf 91' lang='lat' dir='ltr'><strong>renon</strong></span> <span class='ocrx_word' id='word_1_296' title='bbox 633 3895 766 3960; x_wconf 90' lang='lat' dir='ltr'><strong>dissimili</strong></span> <span class='ocrx_word' id='word_1_297' title='bbox 786 3896 893 3959; x_wconf 87' lang='lat' dir='ltr'><strong>Plinius</strong></span> <span class='ocrx_word' id='word_1_298' title='bbox 906 3899 931 3929; x_wconf 76' lang='lat'><strong>⁵¹</strong></span> <span class='ocrx_word' id='word_1_299' title='bbox 957 3897 1088 3976; x_wconf 85' lang='lat' dir='ltr'><strong>scripsit:</strong></span> <span class='ocrx_word' id='word_1_300' title='bbox 1133 3894 1234 3974; x_wconf 85' lang='lat' dir='ltr'><strong>„Sicut</strong></span> <span class='ocrx_word' id='word_1_301' title='bbox 1262 3914 1416 3977; x_wconf 82' lang='lat' dir='ltr'><strong>verentur,</strong></span> <span class='ocrx_word' id='word_1_302' title='bbox 1449 3915 1487 3957; x_wconf 90' lang='lat' dir='ltr'><strong>ne</strong></span> 
     </span>
     <span class='ocr_line' id='line_1_30' title="bbox 2 4004 1489 4089; baseline -0.002 -20"><span class='ocrx_word' id='word_1_303' title='bbox 2 4074 3 4079; x_wconf 6' lang='grc' dir='ltr'>χ</span> <span class='ocrx_word' id='word_1_304' title='bbox 103 4006 275 4089; x_wconf 89' lang='lat' dir='ltr'><strong>quibusdam</strong></span> <span class='ocrx_word' id='word_1_305' title='bbox 296 4024 363 4088; x_wconf 85' lang='lat' dir='ltr'><strong>pars</strong></span> <span class='ocrx_word' id='word_1_306' title='bbox 385 4005 496 4088; x_wconf 90' lang='lat' dir='ltr'><strong>aliqua,</strong></span> <span class='ocrx_word' id='word_1_307' title='bbox 519 4004 681 4069; x_wconf 87' lang='lat' dir='ltr'><strong>secundum</strong></span> <span class='ocrx_word' id='word_1_308' title='bbox 699 4008 841 4088; x_wconf 85' lang='lat' dir='ltr'><strong>cuiusque</strong></span> <span class='ocrx_word' id='word_1_309' title='bbox 860 4012 1009 4084; x_wconf 89' lang='lat' dir='ltr'><strong>naturam,</strong></span> <span class='ocrx_word' id='word_1_310' title='bbox 1031 4022 1090 4068; x_wconf 92' lang='lat' dir='ltr'><strong>non</strong></span> <span class='ocrx_word' id='word_1_311' title='bbox 1112 4004 1267 4085; x_wconf 88' lang='lat' dir='ltr'><strong>probetur,</strong></span> <span class='ocrx_word' id='word_1_312' title='bbox 1294 4006 1333 4067; x_wconf 87' lang='lat' dir='ltr'><strong>ite</strong></span> <span class='ocrx_word' id='word_1_313' title='bbox 1355 4005 1489 4067; x_wconf 85' lang='lat' dir='ltr'><strong>videntur</strong></span> 
     </span>
     <span class='ocr_line' id='line_1_31' title="bbox 2 4110 1488 4198; baseline -0.001 -20"><span class='ocrx_word' id='word_1_314' title='bbox 2 4110 3 4193; x_wconf 66' lang='lat' dir='ltr'>j</span> <span class='ocrx_word' id='word_1_315' title='bbox 101 4133 191 4198; x_wconf 89' lang='lat' dir='ltr'><strong>posse</strong></span> <span class='ocrx_word' id='word_1_316' title='bbox 213 4114 372 4194; x_wconf 82' lang='lat' dir='ltr'><strong>confidere,</strong></span> <span class='ocrx_word' id='word_1_317' title='bbox 394 4122 426 4177; x_wconf 91' lang='lat' dir='ltr'><strong>ut</strong></span> <span class='ocrx_word' id='word_1_318' title='bbox 445 4116 664 4178; x_wconf 88' lang='lat' dir='ltr'><strong>universitatem</strong></span> <span class='ocrx_word' id='word_1_319' title='bbox 685 4116 820 4179; x_wconf 88' lang='lat' dir='ltr'><strong>omnibus</strong></span> <span class='ocrx_word' id='word_1_320' title='bbox 842 4118 968 4179; x_wconf 73' lang='lat' dir='ltr'><strong>sanetas</strong></span> <span class='ocrx_word' id='word_1_321' title='bbox 990 4116 1052 4198; x_wconf 91' lang='lat' dir='ltr'><strong>ipsa</strong></span> <span class='ocrx_word' id='word_1_322' title='bbox 1074 4114 1270 4178; x_wconf 83' lang='lat' dir='ltr'><strong>commendet</strong></span> <span class='ocrx_word' id='word_1_323' title='bbox 1312 4114 1387 4181; x_wconf 81' lang='lat' dir='ltr'><strong>Natu</strong></span> <span class='ocrx_word' id='word_1_324' title='bbox 1409 4123 1438 4177; x_wconf 85' lang='lat' dir='ltr'><strong>ct</strong></span> <span class='ocrx_word' id='word_1_325' title='bbox 1458 4117 1488 4177; x_wconf 91' lang='lat' dir='ltr'><strong>in</strong></span> 
     </span>
     <span class='ocr_line' id='line_1_32' title="bbox 100 4223 1488 4308; baseline -0.002 -19"><span class='ocrx_word' id='word_1_326' title='bbox 100 4226 216 4289; x_wconf 89' lang='lat' dir='ltr'><strong>ratione</strong></span> <span class='ocrx_word' id='word_1_327' title='bbox 236 4224 447 4305; x_wconf 72' lang='lat' dir='ltr'><strong>conlisionem,</strong></span> <span class='ocrx_word' id='word_1_328' title='bbox 470 4225 634 4306; x_wconf 80' lang='lat' dir='ltr'><strong>quamvisa</strong></span> <span class='ocrx_word' id='word_1_329' title='bbox 650 4223 799 4306; x_wconf 87' lang='lat' dir='ltr'><strong>plerisque</strong></span> <span class='ocrx_word' id='word_1_330' title='bbox 822 4225 894 4288; x_wconf 91' lang='lat' dir='ltr'><strong>cibis</strong></span> <span class='ocrx_word' id='word_1_331' title='bbox 918 4224 1026 4308; x_wconf 91' lang='lat' dir='ltr'><strong>singuli</strong></span> <span class='ocrx_word' id='word_1_332' title='bbox 1047 4231 1256 4306; x_wconf 89' lang='lat' dir='ltr'><strong>temperemus,</strong></span> <span class='ocrx_word' id='word_1_333' title='bbox 1280 4230 1369 4287; x_wconf 87' lang='lat' dir='ltr'><strong>totam</strong></span> <span class='ocrx_word' id='word_1_334' title='bbox 1390 4232 1488 4286; x_wconf 88' lang='lat' dir='ltr'><strong>tamen</strong></span> 
     </span>
     <span class='ocr_line' id='line_1_33' title="bbox 101 4324 1488 4416; baseline -0.001 -19"><span class='ocrx_word' id='word_1_335' title='bbox 101 4352 226 4397; x_wconf 76' lang='lat' dir='ltr'><strong>menam</strong></span> <span class='ocrx_word' id='word_1_336' title='bbox 249 4332 368 4396; x_wconf 88' lang='lat' dir='ltr'><strong>laudare</strong></span> <span class='ocrx_word' id='word_1_337' title='bbox 390 4350 493 4396; x_wconf 89' lang='lat' dir='ltr'><strong>omnes</strong></span> <span class='ocrx_word' id='word_1_338' title='bbox 516 4332 655 4412; x_wconf 87' lang='lat' dir='ltr'><strong>solemus,</strong></span> <span class='ocrx_word' id='word_1_339' title='bbox 678 4324 734 4397; x_wconf 83' lang='lat' dir='ltr'><strong>nec</strong></span> <span class='ocrx_word' id='word_1_340' title='bbox 756 4353 791 4397; x_wconf 90' lang='lat' dir='ltr'><strong>ea</strong></span> <span class='ocrx_word' id='word_1_341' title='bbox 806 4352 882 4416; x_wconf 84' lang='lat' dir='ltr'><strong>quae</strong></span> <span class='ocrx_word' id='word_1_342' title='bbox 902 4332 1070 4397; x_wconf 83' lang='lat' dir='ltr'><strong>stomachus</strong></span> <span class='ocrx_word' id='word_1_343' title='bbox 1087 4339 1190 4396; x_wconf 90' lang='lat' dir='ltr'><strong>noster</strong></span> <span class='ocrx_word' id='word_1_344' title='bbox 1210 4340 1337 4413; x_wconf 89' lang='lat' dir='ltr'><strong>recusat,</strong></span> <span class='ocrx_word' id='word_1_345' title='bbox 1360 4333 1488 4396; x_wconf 88' lang='lat' dir='ltr'><strong>adimunt</strong></span> 
     </span>
     <span class='ocr_line' id='line_1_34' title="bbox 102 4442 652 4526; baseline -0.004 -19"><span class='ocrx_word' id='word_1_346' title='bbox 102 4445 225 4526; x_wconf 87' lang='lat' dir='ltr'><strong>gratiam</strong></span> <span class='ocrx_word' id='word_1_347' title='bbox 247 4442 320 4522; x_wconf 88' lang='lat' dir='ltr'><strong>illis,</strong></span> <span class='ocrx_word' id='word_1_348' title='bbox 345 4462 362 4505; x_wconf 92' lang='lat' dir='ltr'><strong>a</strong></span> <span class='ocrx_word' id='word_1_349' title='bbox 383 4442 487 4525; x_wconf 88' lang='lat' dir='ltr'><strong>quibus</strong></span> <span class='ocrx_word' id='word_1_350' title='bbox 509 4444 652 4526; x_wconf 84' lang='lat' dir='ltr'><strong>capitur.“</strong></span> 
     </span>
     <span class='ocr_line' id='line_1_35' title="bbox 210 4550 1487 4635; baseline 0.001 -21"><span class='ocrx_word' id='word_1_351' title='bbox 210 4550 392 4635; x_wconf 81' lang='lat' dir='ltr'><strong>Quamquam</strong></span> <span class='ocrx_word' id='word_1_352' title='bbox 414 4552 539 4616; x_wconf 89' lang='lat' dir='ltr'><strong>arbitror</strong></span> <span class='ocrx_word' id='word_1_353' title='bbox 560 4571 657 4634; x_wconf 90' lang='lat' dir='ltr'><strong>neque</strong></span> <span class='ocrx_word' id='word_1_354' title='bbox 677 4552 890 4630; x_wconf 86' lang='lat' dir='ltr'><strong>necessariam,</strong></span> <span class='ocrx_word' id='word_1_355' title='bbox 913 4570 1010 4633; x_wconf 88' lang='lat' dir='ltr'><strong>neque</strong></span> <span class='ocrx_word' id='word_1_356' title='bbox 1025 4559 1217 4635; x_wconf 91' lang='lat' dir='ltr'><strong>opportunam</strong></span> <span class='ocrx_word' id='word_1_357' title='bbox 1234 4553 1304 4617; x_wconf 85' lang='lat' dir='ltr'><strong>satis</strong></span> <span class='ocrx_word' id='word_1_358' title='bbox 1321 4553 1396 4616; x_wconf 91' lang='lat' dir='ltr'><strong>banc</strong></span> <span class='ocrx_word' id='word_1_359' title='bbox 1419 4571 1487 4616; x_wconf 88' lang='lat' dir='ltr'><strong>csse</strong></span> 
     </span>
     <span class='ocr_line' id='line_1_36' title="bbox 2 4660 1485 4747; baseline -0.001 -22"><span class='ocrx_word' id='word_1_360' title='bbox 2 4714 3 4747; x_wconf 51' lang='lat'><strong>,</strong></span> <span class='ocrx_word' id='word_1_361' title='bbox 102 4662 340 4740; x_wconf 89' lang='lat' dir='ltr'><strong>excusationem,</strong></span> <span class='ocrx_word' id='word_1_362' title='bbox 371 4660 448 4743; x_wconf 86' lang='lat' dir='ltr'><strong>quod</strong></span> <span class='ocrx_word' id='word_1_363' title='bbox 478 4662 548 4725; x_wconf 90' lang='lat' dir='ltr'><strong>mibi</strong></span> <span class='ocrx_word' id='word_1_364' title='bbox 577 4662 678 4725; x_wconf 87' lang='lat' dir='ltr'><strong>videar</strong></span> <span class='ocrx_word' id='word_1_365' title='bbox 705 4679 765 4724; x_wconf 93' lang='lat' dir='ltr'><strong>non</strong></span> <span class='ocrx_word' id='word_1_366' title='bbox 793 4662 939 4726; x_wconf 90' lang='lat' dir='ltr'><strong>immerito</strong></span> <span class='ocrx_word' id='word_1_367' title='bbox 967 4663 1117 4725; x_wconf 89' lang='lat' dir='ltr'><strong>coniicere</strong></span> <span class='ocrx_word' id='word_1_368' title='bbox 1140 4661 1231 4745; x_wconf 88' lang='lat' dir='ltr'><strong>longe</strong></span> <span class='ocrx_word' id='word_1_369' title='bbox 1252 4661 1365 4726; x_wconf 83' lang='lat' dir='ltr'><strong>fisturos</strong></span> <span class='ocrx_word' id='word_1_370' title='bbox 1388 4662 1485 4744; x_wconf 88' lang='lat' dir='ltr'><strong>plures</strong></span> 
     </span>
    </p>
   </div>
   <div class='ocr_carea' id='block_1_4' title="bbox 104 4842 1422 5135">
    <p class='ocr_par' dir='ltr' id='par_1_7' title="bbox 2 4842 1422 5135">
     <span class='ocr_line' id='line_1_37' title="bbox 168 4842 1422 4919; baseline -0.002 -19"><span class='ocrx_word' id='word_1_371' title='bbox 168 4845 213 4919; x_wconf 80' lang='lat'><strong>⁴⁷)</strong></span> <span class='ocrx_word' id='word_1_372' title='bbox 233 4843 325 4899; x_wconf 82' lang='lat' dir='ltr'><strong>ldattln</strong></span> <span class='ocrx_word' id='word_1_373' title='bbox 347 4842 418 4899; x_wconf 82' lang='lat' dir='ltr'><strong>xvi.</strong></span> <span class='ocrx_word' id='word_1_374' title='bbox 442 4843 584 4915; x_wconf 80' lang='lat'><strong>18-20,</strong></span> <span class='ocrx_word' id='word_1_375' title='bbox 606 4843 667 4900; x_wconf 83' lang='lat' dir='ltr'><strong>Luc.</strong></span> <span class='ocrx_word' id='word_1_376' title='bbox 688 4842 770 4899; x_wconf 82' lang='lat' dir='ltr'><strong>xxti.</strong></span> <span class='ocrx_word' id='word_1_377' title='bbox 884 4844 929 4919; x_wconf 76' lang='lat'><strong>⁴⁹)</strong></span> <span class='ocrx_word' id='word_1_378' title='bbox 950 4843 1028 4899; x_wconf 88' lang='lat' dir='ltr'><strong>llom.</strong></span> <span class='ocrx_word' id='word_1_379' title='bbox 1050 4845 1083 4900; x_wconf 90' lang='lat' dir='ltr'><strong>de</strong></span> <span class='ocrx_word' id='word_1_380' title='bbox 1103 4842 1179 4900; x_wconf 73' lang='lat' dir='ltr'><strong>ieris</strong></span> <span class='ocrx_word' id='word_1_381' title='bbox 1200 4843 1243 4899; x_wconf 79' lang='grc' dir='ltr'><strong>ΙΙΙ.</strong></span> <span class='ocrx_word' id='word_1_382' title='bbox 1265 4844 1422 4900; x_wconf 87' lang='lat' dir='ltr'><strong>Palmarum.</strong></span> 
     </span>
     <span class='ocr_line' id='line_1_38' title="bbox 104 4948 1412 5024; baseline -0.004 -14.362"><span class='ocrx_word' id='word_1_383' title='bbox 104 4948 426 5023; x_wconf 81' lang='lat' dir='ltr'><strong>as-sa,ron.xx1.</strong></span> <span class='ocrx_word' id='word_1_384' title='bbox 450 4949 586 5007; x_wconf 82' lang='lat' dir='ltr'><strong>15-1a.</strong></span> <span class='ocrx_word' id='word_1_385' title='bbox 883 4952 928 5024; x_wconf 63' lang='grc' dir='ltr'><strong>Μο</strong></span> <span class='ocrx_word' id='word_1_386' title='bbox 950 4949 1070 5019; x_wconf 72' lang='lat' dir='ltr'><strong>ennean.</strong></span> <span class='ocrx_word' id='word_1_387' title='bbox 1092 4949 1195 5006; x_wconf 75' lang='lat' dir='ltr'><strong>rnen.</strong></span> <span class='ocrx_word' id='word_1_388' title='bbox 1216 4949 1262 5005; x_wconf 82' lang='lat' dir='ltr'><strong>nn</strong></span> <span class='ocrx_word' id='word_1_389' title='bbox 1278 4950 1323 5006; x_wconf 81' lang='grc' dir='ltr'><strong>ιν.</strong></span> <span class='ocrx_word' id='word_1_390' title='bbox 1344 4967 1370 5006; x_wconf 78' lang='lat' dir='ltr'><strong>n.</strong></span> <span class='ocrx_word' id='word_1_391' title='bbox 1385 4951 1412 5006; x_wconf 85' lang='lat' dir='ltr'><strong>s.</strong></span> 
     </span>
     <span class='ocr_line' id='line_1_39' title="bbox 172 5053 1224 5135; baseline -0.026 1"><span class='ocrx_word' id='word_1_392' title='bbox 172 5056 218 5135; x_wconf 72' lang='lat'><strong>⁴⁸)</strong></span> <span class='ocrx_word' id='word_1_393' title='bbox 238 5053 325 5134; x_wconf 49' lang='lat' dir='ltr'><strong>E1³¹⁸&amp;</strong></span> <span class='ocrx_word' id='word_1_394' title='bbox 344 5054 464 5117; x_wconf 70' lang='lat' dir='ltr'><strong>ffllfl·</strong></span> <span class='ocrx_word' id='word_1_395' title='bbox 485 5054 519 5113; x_wconf 73' lang='lat'><strong>¹¹·</strong></span> <span class='ocrx_word' id='word_1_396' title='bbox 539 5054 635 5116; x_wconf 75' lang='lat' dir='ltr'><strong>XXIX·</strong></span> <span class='ocrx_word' id='word_1_397' title='bbox 655 5072 683 5117; x_wconf 85' lang='lat' dir='ltr'><strong>tt·</strong></span> <span class='ocrx_word' id='word_1_398' title='bbox 699 5053 726 5114; x_wconf 80' lang='lat'><strong>1·</strong></span> <span class='ocrx_word' id='word_1_399' title='bbox 885 5056 931 5135; x_wconf 77' lang='lat'><strong>³¹)</strong></span> <span class='ocrx_word' id='word_1_400' title='bbox 950 5055 1008 5117; x_wconf 83' lang='lat' dir='ltr'><strong>tit.</strong></span> <span class='ocrx_word' id='word_1_401' title='bbox 1028 5054 1062 5115; x_wconf 82' lang='lat' dir='ltr'><strong>ll·</strong></span> <span class='ocrx_word' id='word_1_402' title='bbox 1089 5055 1169 5132; x_wconf 88' lang='lat' dir='ltr'><strong>epist.</strong></span> <span class='ocrx_word' id='word_1_403' title='bbox 1190 5056 1224 5111; x_wconf 87' lang='lat' dir='ltr'><strong>V.</strong></span> 
     </span>
    </p>
   </div>
   <div class='ocr_carea' id='block_1_5' title="bbox 1184 5158 1274 5240">
    <p class='ocr_par' dir='ltr' id='par_1_8' title="bbox 1184 5158 1274 5240">
     <span class='ocr_line' id='line_1_40' title="bbox 1184 5158 1274 5240; baseline 0 -27"><span class='ocrx_word' id='word_1_404' title='bbox 1184 5158 1274 5240; x_wconf 55' lang='lat'><strong>380</strong></span> 
     </span>
    </p>
   </div>
   <div class='ocr_carea' id='block_1_6' title="bbox 0 0 1666 5382">
    <p class='ocr_par' dir='ltr' id='par_1_9' title="bbox 0 0 1666 5382">
     <span class='ocr_line' id='line_1_41' title="bbox 0 0 1666 5382; baseline 0 0"><span class='ocrx_word' id='word_1_405' title='bbox 0 0 1666 5382; x_wconf 95' lang='lat' dir='ltr'><strong> </strong></span> 
     </span>
    </p>
   </div>
  </div>
 </body>
</html>
