3300 5402
165 318 228 382 add
654 318 784 382 umutt
825 316 1059 384 SECUNDUS

165 486 425 550 coaranobtineri
444 504 535 569 posse
547 486 722 569 desaiptam
743 489 773 551 in
797 487 894 551 bibliis
915 487 1064 551 ecclesiae
1080 488 1231 566 mann,
1254 503 1340 567 mam
1361 502 1431 549 esse
1453 484 1550 566 possit

164 598 228 660 sine
249 596 437 660 fundamento
458 596 571 675 domos,
592 598 658 660 sine
685 597 755 679 lege
776 596 956 677 concentus,
979 615 1015 659 ac
1035 598 1065 659 in
1085 595 1236 677 multiplici
1256 596 1398 657 varietate
1418 592 1494 655 ordo
1518 600 1550 655 et

164 705 346 788 pulchritudo
360 708 424 768 sinc
437 708 588 787 principio,
611 723 669 788 quo
685 705 832 787 multiplex
853 724 888 769 ac
902 708 1013 770 varimn
1035 708 1063 770 in
1085 723 1175 769 unum
1195 704 1355 786 redigatur.
1398 701 1546 784 „Utinam

163 819 281 896 utinam,
309 815 399 879 verba
419 823 487 879 sunt
501 819 525 850 ¹²
542 815 774 879 hlelanchthonis
795 820 825 879 in
838 816 930 879 literis
954 816 992 879 ad
1005 816 1204 879 Camemrium
1218 814 1291 877 dada
1305 830 1382 876 anuo
1396 811 1547 890 leXXX,

164 943 283 1007 possem
304 943 363 989 non
385 925 502 1007 quidem
524 925 757 989 dominationem
776 925 848 1003 (hoc
869 933 987 1007 spectro
1008 923 1201 1004 terrebantur,
1225 931 1274 987 aut
1294 924 1396 986 terreri
1418 940 1453 985 se
1475 938 1548 1003 pro·
1644 946 1645 949 ¹

165 1042 306 1099 anantes
320 1032 507 1112 simulabant)
523 1033 706 1115 confirmare,
729 1033 783 1098 sed
797 1035 1091 1101 adrntnmretionera
1105 1033 1212 1110 (credo
1226 1050 1286 1096 non
1300 1033 1405 1113 quous
1418 1048 1548 1094 vacum

166 1148 245 1223 iore)
260 1144 416 1207 restituere
433 1145 646 1226 episcoporum.
683 1143 778 1207 Video
793 1145 871 1207 euim
886 1143 1002 1225 qualem
1017 1145 1109 1207 simus
1123 1142 1248 1205 habituri
1262 1140 1428 1220 ecclesiam,
1449 1140 1548 1203 disso-
1644 1160 1645 1229 ᾗ

166 1252 226 1315 luta
238 1251 380 1333 πολιτείᾳ
392 1253 607 1317 ecclesiastica:
623 1254 710 1317 video
721 1260 825 1335 postea
839 1253 929 1316 multo
942 1251 1200 1317 intolerabiliorem
1215 1251 1340 1314 loturam
1353 1249 1549 1332 tyrrannidem,

166 1380 253 1445 pam
268 1370 354 1425 antea
368 1380 506 1445 umquam
520 1362 603 1427 iuit.“
634 1362 693 1428 Sed
710 1370 775 1426 erat
788 1364 875 1426 etiam
890 1380 943 1425 cru·
955 1369 1109 1443 praeterea
1124 1361 1238 1424 videret
1249 1359 1328 1441 quod
1343 1359 1473 1421 Grotium
1485 1374 1550 1420 non
1644 1380 1645 1385 ¹

166 1470 255 1549 latuit,
270 1473 379 1552 quique
392 1480 547 1555 propterea
559 1476 586 1508 ⁸⁸
602 1474 730 1555 scripsit:
758 1472 891 1553 „Gradus
905 1473 1138 1554 praepositorum
1152 1472 1181 1532 in
1197 1468 1324 1533 ecclesia
1339 1487 1407 1531 esse
1422 1467 1546 1547 debere,

167 1587 198 1643 et
210 1597 265 1661 per
278 1579 344 1642 illos
359 1580 469 1663 gradus
490 1583 689 1664 compaginari
703 1582 871 1662 ecclesiam,
894 1581 992 1645 docuit
1005 1599 1060 1644 nos
1074 1579 1188 1660 Paulus,
1210 1578 1434 1660 Ephes.lV.11.
1464 1576 1548 1639 Ordo

166 1690 273 1752 sivein
287 1688 418 1770 partibus
432 1691 535 1753 sivein
546 1698 607 1754 toto
622 1695 787 1756 contuetur
800 1694 959 1774 principatu
974 1691 1109 1774 quodam
1124 1690 1188 1752 sive
1202 1688 1361 1769 praepositi
1373 1688 1491 1750 unitate.

166 1797 220 1860 llic
240 1798 313 1861 ordo
335 1817 453 1880 semper
480 1799 510 1862 in
531 1799 658 1863 ecclesia
687 1821 808 1865 manere
829 1800 932 1881 debet,
965 1802 1033 1882 quia
1060 1816 1179 1881 semper
1204 1805 1303 1862 manet
1322 1815 1428 1874 causa,
1458 1795 1547 1875 idest,
1642 1840 1643 1843 ,

165 1907 327 1989 periculum
344 1907 540 1971 schismatis.“
581 1908 662 1971 131¹·
686 1912 769 1975 alibi:
792 1911 893 1993 „Siout
913 1913 1069 1989 exercitus,
1091 1912 1167 1973 sicut
1183 1910 1266 1971 narb
1283 1908 1349 1989 regi
1369 1924 1430 1969 nou
1449 1910 1551 1987 potest

166 2018 222 2080 nisi
243 2036 296 2099 per
316 2017 425 2100 gradm
446 2017 680 2100 praefectorum,
703 2022 753 2101 qui
778 2020 887 2104 gradm
909 2021 938 2083 in
961 2037 1050 2081 unum
1072 2019 1224 2099 desinaut3
1256 2018 1295 2079 ita
1325 2033 1383 2078 nec
1408 2014 1549 2077 ecclesia.

165 2125 284 2189 Etiamsi
306 2143 409 2188 omnes
429 2127 479 2207 qui
498 2136 566 2191 sunt
585 2130 615 2192 in
636 2129 772 2211 ccclesia,
794 2106 896 2193 essent
916 2128 1071 2192 dilectione
1092 2118 1205 2190 summa
1222 2125 1355 2208 praediti,
1378 2132 1474 2188 tamen
1494 2123 1548 2186 tali

168 2235 272 2298 ordine
297 2239 379 2297 esset
401 2251 484 2315 opus.
526 2234 606 2300 Deus
623 2255 682 2301 non
704 2247 781 2302 amat
802 2238 901 2303 iacere
922 2257 1042 2319 semper
1055 2236 1203 2316 miracula,
1226 2234 1278 2299 sed
1300 2234 1337 2297 ad
1358 2251 1408 2297 res
1422 2234 1554 2315 optim

168 2346 254 2408 etiam
276 2344 399 2424 optimas
421 2352 564 2409 monstrat
584 2348 661 2428 rias,
684 2348 777 2429 qualis
799 2356 845 2412 est
865 2348 902 2412 ad
923 2350 1062 2411 unitatem
1082 2346 1229 2410 ecclesiae
1250 2353 1349 2408 certos
1370 2343 1475 2407 ordo.“
1518 2344 1549 2405 Α
1644 2402 1645 2421 ,

168 2453 273 2535 mribus
294 2470 332 2515 ne
353 2452 412 2516 lato
434 2454 550 2536 quidem
571 2472 670 2538 ungue
698 2456 854 2520 discedens
866 2461 895 2492 ²⁰
917 2458 1086 2536 Leibnitins,
1116 2455 1231 2518 scribit:
1267 2454 1383 2534 „Quum
1404 2451 1484 2514 Deus
1505 2452 1547 2513 sit

168 2560 248 2626 Deus
269 2563 388 2643 ordinis,
411 2570 441 2626 et
460 2579 566 2645 corpus
582 2566 677 2628 'unius
707 2565 853 2630 ecclesiae
880 2567 1042 2630 catholicae
1068 2572 1099 2628 et
1117 2562 1296 2646 apostolicae
1316 2579 1376 2624 uuo
1399 2561 1547 2643 regimine

167 2672 389 2753 hierarchiaque
409 2673 567 2737 uniuersali
588 2675 804 2757 continendum,
827 2677 898 2740 iuris
911 2676 1008 2739 divim
1029 2678 1081 2755 sit3
1116 2690 1304 2755 consequens
1327 2679 1386 2750 est,
1415 2678 1446 2732 ut
1467 2671 1548 2732 eius·

169 2782 236 2845 dem
258 2784 295 2846 sit
315 2784 384 2845 iuris
405 2800 560 2864 supremus
580 2785 610 2846 in
632 2801 670 2847 eo
691 2785 845 2866 spiritualis
861 2788 1056 2868 magistratus,
1079 2784 1211 2846 terminis
1231 2801 1266 2845 se
1288 2782 1370 2843 iustis
1392 2780 1547 2843 mudhena

168 2891 258 2968 (haec
279 2892 369 2955 verba
391 2910 468 2955 nunc
489 2892 599 2973 addo),
629 2893 783 2957 directore
804 2902 948 2976 potestate
978 2895 1014 2957 ad
1036 2892 1212 2975 explendum
1234 2909 1355 2971 munus,
1376 2907 1429 2972 pro
1449 2888 1546 2952 sdute

169 3000 313 3065 ecclesiae
335 3001 443 3083 agendi
464 3001 598 3065 facultate
619 3003 792 3081 instructus,
821 3005 935 3066 tametsi
955 3002 1039 3067 loeus
1059 3023 1095 3066 ac
1121 3002 1209 3065 sedes
1232 3002 1316 3064 huius
1343 3000 1493 3081 potestatis
1518 3000 1549 3060 in

168 3110 323 3191 metropoli
345 3109 494 3173 christiani
516 3110 595 3174 orbis
617 3111 709 3176 llorna
729 3132 769 3176 ex
787 3112 922 3178 humanis
945 3112 1227 3181 considerationibus
1240 3114 1266 3144 ²¹
1292 3108 1462 3192 placuerit“

170 3348 265 3403 atrium
285 3351 314 3402 et
333 3344 495 3422 cubiculum,
528 3354 574 3404 aut
593 3349 662 3406 inter
682 3365 786 3406 manum
806 3357 834 3407 ct
882 3357 957 3425 runt,
981 3350 1009 3406 id
1023 3350 1047 3405 si
1062 3349 1137 3406 alteri
1157 3366 1235 3422 quam
1256 3364 1341 3406 coeco
1362 3347 1547 3421 adscripseris,

170 3454 285 3524 digitos.
330 3453 360 3509 st
385 3454 530 3524 primorum
556 3455 721 3511 macularunt
748 3457 833 3513 inno·
883 3456 1089 3512 wntomeliosns
1115 3456 1265 3512 habeberis.
1311 3456 1409 3512 licrorn
1436 3469 1489 3526 quo
1515 3469 1548 3508 se

171 3560 264 3616 cende
283 3556 404 3630 obstitit,
430 3561 569 3631 quominus
590 3561 735 3633 cogitando
758 3578 835 3635 prae-
882 3562 1042 3618 lloshemius
1055 3553 1194 3618 verteret?
1214 3578 1297 3634 neque
1312 3561 1422 3617 iniciari
1440 3564 1549 3633 poterut
1644 3616 1645 3619 ,

171 3666 301 3721 sentirent
335 3662 463 3738 insidias,
496 3681 562 3738 quas
593 3682 687 3724 samse
717 3669 833 3725 libertati
882 3669 1033 3726 doctrinam
1049 3675 1151 3741 patrum
1165 3667 1199 3724 de
1215 3669 1316 3723 unitate
1336 3666 1466 3722 ecclesiae
1487 3680 1548 3721 curn

170 3773 255 3829 nescii
283 3776 311 3826 et
337 3769 414 3826 inriti
441 3770 596 3848 struebant,
628 3775 730 3847 posteri
761 3781 833 3831 certe
882 3775 1010 3846 dogmate
1036 3774 1070 3830 dc
1097 3775 1220 3830 instituto
1252 3774 1365 3846 primatu
1398 3772 1548 3829 amasam
1644 3756 1645 3767 ²

171 3880 306 3934 acutiores
334 3876 451 3948 inerunt,
477 3893 563 3949 neque
590 3879 637 3936 diu
663 3879 833 3937 l’ontillcihus
882 3881 1017 3953 copulari:
1049 3896 1133 3953 neque
1160 3880 1297 3936 lutherano
1323 3878 1453 3949 theologo
1480 3878 1550 3933 inte·

171 3984 314 4041 obscurum
334 3982 392 4056 init,
413 3989 538 4053 quantorn
552 3984 595 4040 illa
607 3985 705 4058 placita
724 3987 833 4043 rimatis
882 4002 958 4058 grum
978 3992 1037 4042 erat
1056 3986 1183 4059 proiiteri,
1204 3985 1303 4057 dogma
1324 3985 1358 4040 de
1379 3984 1549 4041 instintione

170 4088 317 4160 haherent,
352 4087 386 4143 ad
415 4090 561 4159 polenum
590 4097 619 4147 et
648 4094 832 4149 auctoritatem
881 4093 1009 4165 primatus
1030 4092 1273 4164 antiquissimorum
1292 4097 1395 4163 patrum
1417 4089 1547 4161 sulingio
1644 4108 1645 4127 ¹

145 4222 148 4229 =
172 4210 247 4250 suam
267 4192 483 4250 stabiliendam.“
883 4194 987 4253 muniri.
1028 4198 1097 4265 Quid
1117 4212 1184 4270 ergo
1212 4196 1318 4253 consilii
1346 4186 1459 4270 cespiti
1488 4198 1548 4269 ipse

232 4298 287 4354 Sed
311 4313 388 4371 qoam
413 4305 494 4356 uocat
518 4302 704 4360 insonandum
728 4305 834 4362 llcahe-
883 4304 1083 4361 minuam
1112 4310 1202 4378 patres
1233 4304 1317 4359 inisse
1345 4320 1444 4362 eonem
1474 4318 1550 4359 eom·

174 4393 262 4460 mins?
289 4405 440 4463 innocentia
459 4424 509 4481 nc,
534 4423 567 4463 au
586 4411 675 4480 potins
696 4399 833 4488 ἄβλοψία,
884 4416 986 4466 mantas
1007 4416 1058 4466 est.

175 4525 259 4582 eaque
286 4511 451 4569 incredibilis
478 4514 626 4570 existimari
653 4513 749 4591 debet,
782 4534 832 4591 qna
947 4515 990 4591 Η)
1011 4515 1107 4589 Epistt.
1128 4514 1176 4571 lib.
1191 4514 1236 4572 tv.
1258 4515 1337 4590 epist.
1351 4514 1418 4571 CIV.

173 4617 233 4689 guis
253 4633 306 4673 non
323 4619 408 4674 carnit
425 4621 596 4695 propinqua,
616 4623 760 4694 contigan,
781 4639 833 4681 cc·
947 4622 990 4698 ¹⁸)
1010 4622 1108 4680 Votum
1128 4637 1179 4695 pro
1199 4622 1283 4695 Pace,
1304 4621 1339 4677 ad
1360 4626 1409 4677 art.
1424 4619 1483 4678 vlt

173 4724 332 4796 waeran,
365 4731 394 4782 ut
420 4724 515 4796 digitis
546 4741 638 4783 manas
668 4718 833 4784 cohaerenti
947 4727 990 4802 Ι’)
1012 4729 1135 4786 Animad.
1155 4729 1183 4785 in
1204 4727 1382 4785 animadvers.
1396 4726 1493 4800 lliueti,
1513 4725 1547 4782 ad

173 4831 252 4899 Quod
271 4847 325 4887 non
346 4838 485 4888 cernantur
502 4841 622 4905 emoto,
648 4834 834 4907 aeirmctnpue,
882 4840 932 4891 art
954 4834 1012 4891 vlt
1246 4890 1250 4897 .

173 4938 202 4995 nr
223 4943 251 4993 a
270 4938 384 5009 annrgr
404 4945 431 4995 er
451 4939 562 4995 anun
575 4944 680 5014 mter,
699 4939 748 4996 ser
762 4940 834 5012 quor
944 4938 990 5015 ²·)
1010 4938 1097 5011 sprec
1115 4938 1184 4995 vrru
1205 4939 1270 4997 aare
1290 4937 1435 4996 remorre.

174 5060 259 5119 neque
279 5061 311 5101 ea
330 5045 479 5121 rideantur,
501 5061 569 5120 quaa
588 5046 614 5101 in
635 5043 729 5102 oculos
748 5046 835 5104 incur
926 5045 990 5121 .²')
1009 5044 1138 5102 Dicuntur
1161 5045 1228 5102 baec
1247 5061 1262 5100 a
1284 5046 1343 5103 uiro
1365 5043 1482 5101 maximo
1500 5058 1547 5102 nc·
