3324 5382
194 326 255 391 580
682 324 813 393 ninum
854 325 1089 395 SECUNDUS

193 500 315 559 lamini
342 503 562 577 componantur.
611 496 677 560 Non
709 516 757 561 me
791 499 931 579 praeterit
962 498 1076 579 aliquos
1112 517 1130 561 e
1160 498 1419 580 protestantium²⁸
1453 515 1572 562 numero

193 605 319 686 reperiri
340 607 390 686 qui
413 612 514 687 putant
536 604 665 670 conferri
686 607 772 670 simul
794 606 911 670 macta
931 625 990 670 non
1011 604 1167 688 subtecto,
1197 606 1324 671 conteni
1344 607 1429 671 simul
1449 625 1509 672 non
1529 603 1574 670 ori

193 705 395 791 καὶοῦτοι,
418 714 474 778 sed
492 714 542 797 μὲ
564 715 617 779 καὶ
637 714 831 792 τούτους,
862 723 950 796 atque
971 713 1047 780 adeo
1068 714 1230 779 subiectam
1252 716 1352 779 verbis
1373 715 1489 781 Domini
1508 735 1573 781 san·

194 824 314 886 tentiam
335 822 422 886 talem
444 841 528 887 esse:
565 822 668 910 dtlr‘ppta
688 846 737 888 are
754 823 827 905 plac
851 846 943 905 quam
962 822 1018 889 bor
1032 823 1178 911 adque
1212 826 1251 890 Aa
1272 844 1344 889 vero
1365 825 1442 891 banc
1463 844 1573 889 mecum

193 933 409 997 enarrationem
438 941 575 1015 reputare
602 952 661 997 non
690 952 824 1016 possum,
861 935 930 1017 quin
958 934 1035 998 illius
1063 936 1229 1000 auctoribus
1250 935 1383 1000 nonnihil
1403 936 1573 1001 smirascar.

192 1040 234 1105 Ea
254 1060 380 1125 namque
403 1050 466 1123 est,
489 1061 564 1126 quae
584 1051 643 1107 mm
665 1067 686 1107 o
705 1064 839 1124 peram
859 1052 926 1107 eitra
948 1051 1001 1124 pur·
1021 1050 1243 1130 buerropatur,
1266 1052 1378 1126 quique
1399 1054 1572 1131 buerroqat,
1648 1086 1650 1115 ι

197 1171 284 1234 quam
299 1152 338 1217 ab
362 1150 447 1218 obolo
467 1175 572 1231 scara,
594 1161 625 1217 et
642 1160 865 1239 promtiore
885 1151 1003 1239 lapibus
1025 1156 1284 1221 vehementissima
1304 1155 1452 1221 abban-et

301 1262 355 1337 oui
377 1265 454 1326 enirn
475 1262 497 1325 1.
516 1269 743 1348 interropotur,
774 1270 819 1326 est
837 1263 957 1344 Petrus,
979 1265 1004 1328 is
1027 1266 1161 1329 nimirum
1184 1267 1234 1347 qui
1254 1272 1363 1329 tractus
1385 1285 1402 1330 a
1420 1265 1505 1330 Patre
1524 1284 1573 1331 uo

194 1379 289 1453 verat,
324 1371 509 1454 solemnique
539 1372 764 1455 pmlessione²⁸
796 1373 1034 1453 confirmaverat,
1070 1370 1186 1438 Jecur»
1213 1396 1284 1439 carc
1304 1373 1479 1454 Cinctum,
1508 1397 1572 1460 per-
1649 1400 1650 1425 u

127 1476 130 1480 ⁴
193 1503 376 1561 marramque
395 1479 512 1561 prolem
533 1480 595 1546 Dei
614 1489 763 1545 eceman:
798 1484 904 1566 ispro
930 1485 1013 1548 cuius
1037 1485 1068 1547 in
1093 1482 1150 1548 fide
1179 1485 1378 1549 constantia⁸⁰
1401 1486 1490 1551 lesus
1511 1506 1573 1551 ora·

194 1600 293 1674 verat,
330 1600 360 1655 et
393 1593 439 1655 oui
460 1591 565 1656 batres
586 1593 792 1674 stabiliendos,
827 1593 1072 1676 roborandosque
1100 1594 1272 1658 tradiderat:
1307 1596 1333 1658 is
1360 1597 1411 1678 qni
1439 1599 1573 1660 suumin

194 1701 296 1765 lesum
318 1702 577 1784 propensissimam
599 1702 777 1768 voluntatem
790 1706 815 1737 ⁸¹
841 1703 1058 1784 declaraverat,
1093 1700 1245 1786 inquiens:
1280 1701 1398 1786 Κύριε,
1419 1700 1501 1788 parri
1521 1707 1575 1769 cori

193 1813 317 1894 ἕτοιμός
345 1814 409 1894 εἰμι
436 1813 489 1876 καὶ
516 1815 561 1888 εἰς
589 1806 736 1899 φυλακήν
763 1814 817 1877 καὶ
845 1816 890 1888 εἰς
918 1812 1065 1877 θάνατον
1089 1812 1298 1895 reperiendae:
1332 1816 1471 1898 isquam
1490 1815 1572 1880 tesm

193 1924 321 1986 omnium
343 1923 467 2004 primum
488 1924 564 1987 inter
585 1922 773 2005 apostolos⁸²
798 1923 994 2005 suimetipsius
1015 1926 1180 2005 praesentia
1200 1932 1268 2019 post
1286 1924 1433 1989 demeum
1455 1934 1572 1989 mortem

192 2039 356 2096 recrearet:
380 2034 405 2096 is
426 2032 542 2096 demum
565 2034 615 2114 qui
635 2032 689 2096 sub
709 2031 768 2097 boc
788 2034 883 2116 ipsum
905 2036 1058 2115 tempus³³
1083 2041 1115 2097 ut
1134 2039 1226 2097 ellim
1241 2033 1278 2098 ad
1291 2033 1394 2099 lesum
1411 2036 1571 2114 accederet

192 2142 321 2205 cuiusvis
343 2143 497 2224 impatiens
515 2161 628 2223 morae,
651 2150 738 2223 atque
760 2142 964 2209 ardentissima
986 2151 1067 2207 actus
1089 2145 1209 2207 caritate
1230 2163 1263 2208 sc
1284 2146 1357 2209 meri
1378 2145 1467 2225 dedit
1490 2163 1571 2227 quum

192 2252 297 2334 reliqui
318 2253 432 2316 interea
453 2250 586 2334 discipuli
606 2253 726 2335 navigio
749 2254 825 2316 vecti
847 2253 968 2316 tardius
990 2253 1262 2336 appropinquarent.
1304 2252 1396 2317 Estne
1419 2255 1508 2338 igitm
1528 2253 1572 2335 qui

191 2380 251 2425 non
272 2369 373 2425 cernat
394 2361 430 2424 ab
451 2362 590 2444 ingenio,
611 2360 648 2425 ab
669 2361 783 2443 indole,
804 2361 941 2444 Petrique
962 2379 1089 2444 persona
1110 2361 1319 2426 alienissimam
1340 2362 1434 2428 inisse
1454 2365 1571 2428 interro·

193 2473 357 2554 munnam,
387 2472 491 2535 maiori
510 2491 548 2535 ne
570 2472 690 2535 caritate
710 2470 813 2535 lesum
834 2474 945 2553 ipsum,
974 2490 1060 2554 quam
1080 2471 1246 2553 apostolos,
1268 2471 1488 2556 discipulosque
1507 2470 1570 2536 reli·

193 2599 267 2663 quos
288 2579 537 2663 prosequeretur?
576 2581 726 2645 Eiusmodi
752 2601 878 2664 namque
911 2582 1101 2663 interrogatio
1127 2580 1159 2645 li
1180 2581 1259 2645 buno
1279 2582 1420 2647 redderet
1441 2600 1568 2647 sensum:

189 2700 299 2773 potiori
325 2714 363 2755 nc
391 2713 495 2756 amare
524 2699 556 2755 ia
577 2691 682 2755 Deum
710 2699 739 2755 ct
766 2701 954 2769 creatorem,
991 2712 1081 2771 meam
1110 2698 1144 2754 io
1169 2689 1316 2767 bominac,
1353 2700 1569 2772 creaturaeque
1648 2776 1649 2781 ἵ

184 2801 347 2886 ferretum
382 2802 495 2865 scilieet
532 2809 674 2865 secaret
707 2823 747 2867 ae
776 2810 910 2882 priorum
938 2807 1169 2881 mirumque
1196 2800 1390 2879 mundaum,
1428 2824 1471 2866 aa
1497 2800 1569 2865 iilud

193 2920 299 2976 contra
325 2932 444 2975 ramma
473 2909 588 2974 sceiere
618 2911 894 2995 transprederetur.
945 2911 1007 2986 Oua
1038 2930 1111 2975 sane
1142 2912 1372 2994 interrogatione
1405 2912 1476 2975 nibil
1505 2910 1567 2975 nui

194 3024 345 3099 succurrit,
366 3022 444 3104 quod
466 3041 484 3085 a
504 3021 580 3085 Petri
602 3039 739 3104 persono,
761 3022 885 3102 eiusque
903 3019 1074 3084 charactere
1095 3020 1212 3103 longius
1232 3020 1357 3084 aberret
1441 3048 1444 3053 ·

299 3133 391 3196 Immo
411 3130 458 3195 lli.
481 3130 559 3213 quod
581 3133 676 3214 magis
696 3131 732 3196 ab
754 3132 817 3213 ipsa
838 3149 964 3212 persona
979 3149 1015 3194 ac
1036 3137 1256 3214 iaterrapaattr
1269 3130 1413 3212 dignitate
1428 3130 1566 3195 dissideat

194 3242 306 3305 Auctor
328 3244 406 3305 enim
426 3242 663 3324 interrogationis
685 3250 739 3331 est
752 3242 855 3322 lesus,
892 3242 939 3303 cui
958 3247 1114 3323 propterea
1136 3239 1324 3318 adscribitur,
1359 3239 1438 3320 quod
1467 3235 1564 3313 cernel,
1647 3280 1648 3337 q

193 3359 303 3415 iterum
332 3372 366 3414 ao
395 3359 484 3414 tertio
511 3371 527 3414 a
556 3350 642 3416 Petro
674 3351 840 3433 postularit,
876 3347 937 3413 sibi
966 3372 1017 3426 ne,
1052 3371 1094 3415 un
1120 3354 1211 3413 sociis
1234 3357 1337 3430 potiora
1358 3371 1398 3412 aa
1412 3344 1564 3432 fratribus

193 3467 313 3541 primas
341 3468 456 3524 ommia
485 3460 631 3544 deferret.
681 3460 790 3524 terum
821 3462 887 3543 quis
916 3458 994 3523 bano
1018 3459 1089 3522 lesu
1117 3456 1342 3522 sollicitudinem
1368 3460 1488 3539 tribuat,
1522 3462 1565 3519 aut
1646 3464 1647 3469 ’

193 3570 269 3633 banc
299 3569 340 3632 illi
372 3578 501 3635 mentem
532 3570 699 3635 commodet
726 3588 763 3634 eo
795 3570 890 3634 solum
912 3569 1045 3652 dignam,
1087 3570 1136 3652 qui
1166 3568 1313 3652 zelotypia
1341 3577 1489 3649 ureretur,
1522 3562 1564 3626 vel

193 3680 394 3745 aemulationis
415 3679 531 3744 stimulo
552 3677 753 3763 pungereturi

297 3790 343 3854 Ad
370 3790 444 3855 baec
472 3789 520 3852 [V.
558 3812 646 3871 quera
672 3790 759 3854 iesus
790 3788 973 3871 significabat
1003 3809 1151 3867 ammeca,
1187 3790 1338 3872 inquiens:
1374 3788 1503 3872 ripariola
1527 3805 1563 3866 με

193 3900 300 3962 πλεῖον
320 3897 456 3978 concor,-
493 3908 665 3964 rectumne
692 3920 730 3965 an
757 3908 990 3982 pmepostemm,
1026 3906 1187 3963 caritatem
1215 3919 1253 3963 ne
1284 3919 1321 3965 an
1353 3896 1563 3980 cupiditatem?

193 4010 378 4093 cupiditatem
398 4014 487 4074 nemo
507 4029 596 4074 sautu
617 4011 731 4075 dixerit.
775 4008 820 4072 De
842 4010 961 4073 caritate
982 4026 1057 4090 ergo
1072 4008 1285 4093 interrogabat.
1331 4010 1390 4075 Sed
1415 4006 1561 4074 caritasin

192 4121 354 4201 proximum
377 4139 394 4183 e
419 4120 518 4185 radice
540 4120 701 4185 suboleseit
720 4120 847 4184 cafimtis
866 4121 896 4182 in
917 4117 1026 4198 Deum,
1062 4125 1091 4182 et
1112 4122 1169 4184 nisi
1189 4123 1243 4186 ista
1265 4122 1475 4198 antecesserit,
1496 4132 1559 4179 oon

192 4231 275 4311 sequi
297 4229 343 4292 illa
367 4247 426 4293 non
446 4238 551 4313 potest.
595 4231 639 4295 Ne
663 4230 751 4313 igitur
772 4229 901 4293 cbristus
923 4229 961 4292 de
982 4229 1137 4311 cupiditate
1157 4229 1293 4313 loquutus
1315 4238 1483 4309 censeatur,
1516 4244 1558 4288 re·

191 4339 239 4401 iici
260 4339 457 4422 interpretatio
478 4340 574 4419 debet,
596 4359 653 4423 qua
674 4338 760 4402 simul
781 4335 897 4402 obiecta
918 4337 1045 4402 conlmri
1065 4338 1262 4420 perhibentur.

216 4520 220 4529 Ι
297 4454 366 4511 226.
409 4449 501 4524 Quam
527 4450 796 4534 interpretationem
820 4449 853 4510 V.
877 4465 936 4511 non
961 4449 1017 4529 ipsi
1047 4448 1142 4512 solum
1168 4451 1303 4516 catholici
1324 4458 1490 4517 comtanter
1510 4448 1557 4509 im

190 4557 363 4640 probarunt,
385 4558 440 4623 sed
460 4537 654 4642 protesisntes
675 4575 793 4641 quoque
815 4574 875 4621 non
894 4559 980 4640 pauci
999 4558 1218 4642 improbandam
1240 4580 1310 4627 esse
1333 4563 1470 4627 demere.
1501 4555 1556 4619 llos

252 4743 297 4817 ²⁸)
322 4745 430 4801 Videris
460 4744 591 4803 Oedernm
617 4747 643 4803 in
667 4743 853 4802 minanam,
964 4745 1008 4820 ³¹)
1030 4745 1097 4802 ibid.
1119 4764 1146 4804 v.
1166 4747 1214 4804 33.

190 4842 288 4922 sooria,
308 4865 371 4922 pag.
393 4849 459 4906 545.

253 4952 297 5027 Η)
318 4954 410 5010 liattb.
431 4952 500 5009 XVI.
525 4952 570 5010 tt.

252 5058 296 5128 ³⁰)
316 5057 377 5113 buc
398 5057 479 5115 xxii
500 5055 636 5115 31-33.
961 5062 1006 5137 ”)
1026 5063 1087 5121 tob.
1107 5062 1178 5123 xxi
1201 5064 1296 5123 7-8.

831 4972 846 4985 χ
962 4902 1007 4978 ³²)
1028 4905 1089 4962 rua.
1104 4904 1200 4963 xxiv.
1216 4904 1270 4981 aa,
1291 4904 1386 4963 acor.
1406 4902 1464 4961 xv.
1484 4905 1510 4959 s.
