3258 5400
206 271 272 367 ru⁴
724 266 858 331 urana
898 266 1063 333 narnus

314 440 381 497 174.
422 434 459 498 Et
483 436 530 498 via
558 435 676 516 quidem
701 433 889 517 hypaticum
918 435 994 499 haec
1022 442 1081 499 eat:
1123 434 1176 516 „si
1204 433 1333 497 Christum
1358 436 1388 497 in
1416 436 1564 518 evangeliis

206 564 272 609 eam
293 544 440 608 eeclesiae
463 545 707 608 administrandae
729 544 862 626 formam,
884 547 1086 625 rationemque
1108 543 1283 625 praefinivit,
1306 562 1380 624 quae
1399 544 1436 607 ad
1454 544 1565 623 Petrum,

205 661 351 734 umquam
373 654 548 736 principem,
578 662 721 736 caputque
741 657 929 736 conspicuum
948 660 1157 736 revocaretur;
1182 652 1268 716 huius
1294 653 1473 718 institutionis
1492 674 1566 730 urar,

207 771 407 839 eumedium,
437 760 701 845 ἀποτέλεσμα
727 772 828 827 extare
850 766 880 827 in
903 764 986 826 Actis
1011 762 1107 826 dehet
1148 763 1235 827 Extat
1254 771 1360 828 autern
1401 763 1472 826 Eam
1492 766 1568 845 igitar

208 873 337 937 Christus
359 872 505 936 ecclesiae
526 873 648 937 sormam
662 875 693 936 in
714 874 876 956 evangeliis
895 874 1023 955 instituit,
1047 889 1123 954 quae
1138 873 1175 936 ad
1191 873 1316 955 Petrum,
1338 872 1427 936 veluti
1446 872 1482 935 ad
1500 874 1566 955 pn'n·

208 984 318 1063 cipem,
343 984 591 1063 conspicuumque
612 991 698 1064 caput
717 984 857 1046 rediret.“

313 1091 450 1157 Succedit
468 1091 558 1154 altera
579 1093 642 1174 via,
663 1110 758 1174 eaque
779 1089 935 1169 clamata,
964 1108 1098 1173 quaeque
1119 1093 1242 1173 pmponi
1263 1093 1307 1155 sio
1327 1098 1438 1173 potest:
1480 1091 1566 1171 „Ome

208 1220 297 1265 nemo
319 1208 504 1284 exspectaret
522 1220 539 1263 a
559 1200 659 1282 Petro,
685 1202 740 1263 nisi
767 1200 965 1282 apostolorum
993 1202 1122 1263 omniurn
1144 1208 1230 1281 caput
1251 1209 1345 1264 esset:
1374 1219 1505 1283 quaeque
1522 1199 1567 1262 uhi

208 1331 225 1375 a
245 1311 331 1375 Petro
352 1313 415 1374 iure
437 1330 539 1375 omnes
559 1311 780 1393 pollicerentur,
811 1312 836 1373 si
858 1329 925 1373 eum
947 1330 964 1373 a
989 1310 1103 1373 Christo
1117 1309 1252 1373 omnihus
1273 1313 1471 1392 praepositum
1490 1327 1567 1392 aquo

209 1428 341 1503 acereut3
364 1420 411 1483 illa
431 1422 493 1503 ipsa
512 1430 591 1500 sunt,
614 1437 690 1502 quae
711 1422 741 1483 in
763 1420 960 1503 apostolorum
978 1418 1061 1482 Actis
1082 1436 1141 1482 nou
1162 1436 1297 1482 seorsum
1319 1438 1354 1482 ac
1376 1420 1504 1499 divisim,
1524 1418 1567 1482 aad

209 1531 348 1594 simulac
369 1532 545 1594 coniunctim
572 1532 609 1595 de
630 1531 715 1595 Petro
736 1537 898 1593 narrantur.
940 1528 983 1592 Ea
1004 1530 1092 1611 igitur
1118 1537 1164 1593 est
1184 1531 1305 1593 orientis
1327 1529 1474 1594 ecclesiae
1493 1529 1568 1591 histo

206 1643 250 1704 ria
277 1643 388 1723 primae
409 1641 550 1714 Actorum
570 1642 645 1723 parti
665 1643 864 1721 consignatas
878 1657 954 1720 quae
974 1637 1050 1701 Petri
1070 1640 1223 1719 primatum
1244 1638 1384 1720 postulat,
1415 1646 1568 1721 coquere

209 1758 287 1834 gato,
310 1753 404 1833 iisque
425 1750 508 1814 aliter
530 1751 667 1831 acceptis,
689 1767 764 1831 quoe
786 1750 823 1813 de
845 1748 977 1812 eiusdem
997 1748 1176 1812 institutione
1197 1749 1227 1811 in
1249 1750 1413 1831 evangeliis
1433 1748 1565 1825 hahentr,

209 1861 364 1943 explicari,
387 1859 547 1941 intelligire
568 1877 628 1922 non
649 1860 773 1941 potest.“

315 1971 443 2052 Utraque
465 1969 658 2034 concludendi
678 1970 726 2032 via
747 1975 834 2049 atque
855 1968 929 2030 ratio
950 1968 1103 2049 perspicua
1124 1974 1183 2046 est,
1208 1967 1387 2048 decretoria,
1411 1984 1569 2048 omnemque

211 2080 351 2143 emedio
380 2080 611 2143 controuersiam
637 2078 725 2157 tollit,
752 2077 909 2141 dummodo
937 2083 1035 2139 tamen
1063 2097 1099 2140 ea
1127 2078 1157 2140 in
1179 2077 1261 2140 Actis
1288 2096 1396 2141 revera
1423 2085 1568 2154 narrentur,

210 2207 285 2271 quoe
315 2188 528 2271 comprehensa
549 2188 653 2251 iisdem
676 2187 862 2252 affirmamusn
905 2187 1119 2269 Comprehendi
1147 2205 1236 2269 vero,
1263 2186 1340 2250 effici
1360 2187 1511 2270 dupliciter
1526 2203 1569 2269 po

123 2382 126 2389 Ι
210 2306 280 2379 test,
304 2304 472 2361 universim
491 2298 616 2380 primum
638 2304 724 2379 atque
747 2295 886 2378 infinite,
902 2317 958 2374 per
975 2306 1081 2377 parter
1104 2295 1210 2360 deinde
1230 2313 1438 2360 acccersunt.
1480 2296 1522 2360 m
1540 2312 1570 2358 eo

212 2408 424 2489 arupicahimur
445 2407 698 2470 demonstrationis
719 2406 824 2487 modo,
845 2425 933 2489 quem
954 2404 1121 2488 infinitum,
1143 2404 1413 2484 universalemque
1434 2407 1554 2469 diximus.

321 2522 388 2578 175.
430 2517 521 2599 lgitur
548 2516 626 2598 quod
653 2536 691 2579 ex
717 2516 878 2599 evangeliis
893 2518 922 2551 ³⁵
953 2516 1171 2595 adnotavimus,
1197 2516 1226 2579 id
1254 2515 1407 2580 transferri
1435 2516 1471 2579 ad
1495 2515 1571 2577 hum

213 2626 316 2708 dehet,
345 2625 477 2690 crebrius
498 2646 588 2690 unum
608 2626 737 2704 Petrum,
765 2644 851 2707 quam
872 2626 1002 2709 reliquos
1028 2627 1114 2691 simul
1134 2625 1283 2707 apostolos
1302 2626 1330 2689 in
1351 2628 1388 2688 iis
1410 2628 1572 2690 commemo

213 2738 280 2799 rari.
323 2736 400 2800 Saue
420 2736 521 2800 Petrus
542 2737 606 2820 plus
628 2756 715 2819 mam
737 2744 946 2821 quincunque,
968 2737 1016 2799 alii
1037 2755 1108 2800 vero
1123 2737 1272 2798 rarissime
1293 2733 1571 2817 accurun13etqd

211 2848 327 2928 saepius
348 2845 509 2927 laudantur,
531 2845 681 2909 lohannes
699 2853 729 2908 et
742 2846 879 2927 Jacohus,
903 2847 951 2909 ille
972 2854 1084 2924 septica
1106 2844 1153 2909 vel
1174 2853 1275 2922 oetier,
1296 2845 1345 2908 hic
1364 2855 1424 2924 ter,
1446 2854 1571 2926 qucum

211 2958 384 3019 nominatur.
426 2956 465 3019 At
484 2974 582 3019 nonne
604 2957 732 3018 omnium
753 2959 860 3019 teritur
880 2953 1020 3019 historia?
1041 2973 1139 3018 nonne
1158 2955 1250 3018 refert
1271 2955 1380 3037 Lucas,
1408 2975 1483 3038 quae
1501 2972 1570 3017 oom

212 3068 291 3130 muni
312 3067 417 3148 studia,
438 3068 658 3148 coniunctisque
672 3066 820 3130 laboribus
841 3067 871 3129 in
891 3065 1067 3128 exstmenda
1083 3064 1210 3128 ecclesia
1232 3066 1355 3148 apostoli
1376 3085 1481 3130 omues
1500 3083 1571 3147 prae

212 3174 364 3241 stiteruutl
386 3177 474 3239 duhio
494 3177 614 3258 procul,
637 3195 724 3258 quum
744 3177 813 3241 inde
833 3179 920 3240 etiam
942 3193 1001 3237 non
1021 3174 1151 3237 ultimum
1172 3177 1249 3238 inter
1268 3179 1407 3258 primam,
1430 3179 1571 3240 alteramve

212 3288 277 3350 lihri
302 3295 413 3369 partem
442 3287 599 3361 discrimen
625 3295 781 3369 repetatur.
808 3286 878 3360 ,uui
905 3304 979 3368 ergo
1000 3286 1044 3366 fit,
1075 3293 1106 3348 ut
1127 3284 1229 3349 Petrus
1249 3296 1313 3367 tam
1334 3285 1454 3364 credre,
1483 3286 1571 3366 reliqu

214 3399 277 3461 siue
304 3397 405 3479 simul,
433 3398 497 3460 sive
527 3415 661 3460 seorsum
690 3404 754 3460 tam
780 3417 854 3459 raro
881 3393 1055 3460 laudantur?
1083 3394 1150 3457 inde
1171 3395 1216 3477 fit,
1242 3396 1320 3477 quod
1340 3406 1408 3479 post
1429 3386 1571 3480 gloriosam

214 3509 418 3571 ascensionem
438 3507 539 3570 Petrus
558 3527 635 3587 prae
648 3508 788 3570 undecim
808 3502 974 3587 ἀναλόγως
994 3505 1089 3585 falerii,
1110 3506 1190 3587 quod
1209 3528 1286 3586 prae
1300 3514 1446 3570 uniuerso
1464 3505 1571 3588 cottepu

214 3617 344 3680 Christus
370 3615 465 3679 adhuc
491 3616 611 3679 visibilis
639 3621 788 3680 extiterat:
820 3617 897 3699 quod
925 3615 1026 3679 Petrus
1052 3624 1144 3695 eaput
1172 3623 1267 3696 esset,
1295 3617 1415 3699 reliqui,
1442 3626 1571 3698 umquam

213 3724 363 3804 membru,
384 3727 481 3790 eidem
502 3727 723 3789 subicerentur.

322 3841 390 3899 tto.
432 3835 523 3909 Quam
550 3834 745 3916 apostolorum
773 3831 933 3914 ὑπόταξιν,
961 3835 1097 3916 Petrique
1124 3838 1252 3899 vicissim
1280 3832 1445 3919 ὑπεροχὴν
1471 3835 1571 3911 clarius,

215 3947 436 4027 evidentiusque
463 3944 557 4007 Lucas
584 3946 614 4005 in
635 3944 717 4007 Actia
738 3945 880 4027 ostendit,
908 3963 996 4026 mum
1025 3944 1140 4025 quoties
1161 3963 1218 4008 una
1240 3964 1305 4008 cum
1331 3947 1452 4028 reliquis
1472 3946 1572 4008 Petrum

215 4058 378 4137 recensuit,
412 4055 452 4118 illi
474 4056 560 4117 toties
575 4055 603 4086 ³⁶
633 4055 741 4134 primas
765 4054 881 4136 detulit,
915 4054 1055 4135 illumque
1089 4056 1220 4137 principe
1244 4057 1311 4120 loco
1339 4054 1572 4120 commemorarit

215 4250 312 4321 ignatii
340 4248 486 4321 epistolae,
514 4264 545 4302 ea
572 4248 660 4303 omnia
680 4252 709 4302 et
727 4248 786 4304 sola
813 4262 877 4303 con·
925 4263 990 4321 pora
1011 4248 1064 4305 sihi
1083 4248 1213 4321 permissa
1234 4264 1266 4305 ea
1285 4248 1346 4319 lege
1364 4250 1479 4322 spatium
1497 4242 1573 4302 ruet

217 4358 291 4426 tinet,
312 4371 380 4428 quae
400 4355 525 4427 genuino,
546 4354 703 4426 sinceroque
723 4355 798 4425 operi
813 4368 877 4409 cou-
925 4360 1005 4429 runt,
1033 4370 1084 4426 qua
1110 4354 1173 4410 illud
1200 4355 1383 4428 decurrerent,
1411 4356 1435 4411 si
1455 4352 1573 4425 meritur

216 4465 332 4519 veniunt
373 4459 422 4516 Est
447 4473 514 4531 ergo
540 4463 681 4531 genuinum
707 4474 775 4531 opus
800 4465 877 4531 atque
926 4467 1090 4532 urgerentur.
1131 4460 1262 4531 Urgeutur
1281 4459 1378 4533 ergo.“

216 4564 377 4624 sincerum.“
417 4565 569 4639 Philosophi
594 4582 659 4623 vero
685 4566 746 4622 dum
766 4566 803 4621 ita
824 4565 878 4621 col·

217 4674 317 4743 liquat:
339 4672 390 4745 „Si
404 4687 515 4744 corpora
529 4673 661 4744 grauitate
676 4671 877 4744 impellerentur,

217 4780 267 4836 huo
286 4796 371 4851 neque
392 4779 443 4836 alla
463 4779 524 4851 lege
544 4780 596 4835 sibi
616 4780 745 4852 permissa
764 4779 877 4851 spatium
987 4776 1035 4851 ³⁸)
1059 4776 1250 4848 Argumenmm
1276 4776 1338 4833 huic
1365 4775 1522 4832 simillimum
1544 4782 1572 4825 er

218 4887 395 4945 decurrerent.
434 4885 581 4942 Decurmnt
605 4891 701 4942 autem.
741 4883 879 4957 lmpelluu-
927 4882 1077 4954 euangeliis
1122 4883 1307 4958 depromptum
1325 4882 1467 4967 xnuperius
1505 4875 1573 4934 adli·

217 5000 260 5052 tur
276 5006 346 5066 ,ergo
366 4990 527 5065 gmuitate“
571 4990 607 5048 Et
625 4991 762 5047 uicissim:
794 4990 880 5066 „Cor-
929 4988 1042 5047 humus.

989 4616 1034 4693 ³⁵)
1053 4635 1079 4673 u.
1103 4615 1168 4673 161.
1244 4698 1251 4707 Ι
