3258 5400
227 302 289 367 lid
749 302 879 370 [ABER
919 301 1086 372 sumus

227 472 282 536 sed
295 476 320 506 ⁴¹
347 471 384 534 ad
404 470 537 551 Petrum,
565 478 741 552 ceterosque
762 471 911 553 apostolos
932 491 1077 537 conversa
1097 474 1192 556 petiit,
1219 472 1249 535 ti
1268 470 1459 557 ποιήσωμεν,
1484 469 1578 556 ἄνδρες

227 580 379 666 dicimo&
399 580 585 643 nihilominus
608 581 770 663 evestigio
787 580 969 663 subditur⁴²,
991 581 1115 663 Πέτρος
1137 582 1174 646 δὲ
1194 584 1255 667 ἔφη
1275 581 1356 664 πρὸς
1368 580 1484 659 αὐτούς.
1510 583 1579 648 tute

229 689 378 769 miraculo,
400 707 458 770 quo
471 691 498 723 ⁴¹
523 689 643 753 claudus
664 695 699 753 ἐκ
721 689 840 765 κοιλίας
860 690 976 773 μηιρός
993 688 1092 755 αὑτοῦ
1110 697 1227 755 sanatus
1250 689 1311 772 llrit,
1334 692 1373 755 ad
1392 692 1499 756 Petnrm
1517 695 1579 755 ima

228 817 264 863 ac
284 799 446 862 iohannem
461 802 488 834 ⁴⁴
512 798 635 881 populus
657 798 803 879 oonllunit,
825 797 1000 880 συνέδραμε
1021 798 1100 880 πρὸς
1120 793 1236 874 αὐτούς
1257 803 1322 875 πᾶς
1343 802 1362 863 d
1382 801 1461 875 λαός.
1488 799 1580 863 Nibrio·

227 911 322 973 minus
337 913 365 945 ⁴⁵
388 927 463 971 unus
484 916 529 972 est
550 908 662 989 Petms,
684 910 733 989 qui
754 909 891 991 populum
914 908 1078 990 alloquitur,
1100 927 1345 991 communemque
1366 929 1493 974 cumcurn
1512 912 1537 973 in
1553 928 1580 971 se

227 1020 343 1102 recipit,
367 1013 448 1082 idaia
468 1016 504 1082 δὲ
526 1016 651 1099 Πέτρος
671 1015 862 1097 ἀπεκρίνατο
882 1016 961 1100 πρὸς
982 1018 1036 1081 τὸν
1059 1017 1145 1081 λαόν.

333 1129 361 1191 Α
382 1130 490 1192 ceteris
509 1128 697 1211 particulatim
713 1128 979 1192 commemorandis
994 1128 1136 1208 abstineo,
1159 1127 1206 1191 illa
1228 1128 1375 1193 indicasse
1390 1132 1417 1163 ⁴⁸
1442 1135 1579 1197 contentu

228 1241 316 1321 idque
342 1237 437 1301 iniero
466 1240 544 1321 quod
572 1248 617 1303 est
644 1259 681 1302 ex
707 1238 946 1302 antecedentibus
969 1256 1168 1318 consequens:
1198 1237 1331 1303 exbiberi
1353 1241 1458 1322 iugiter
1476 1238 1580 1307 Petrum«

227 1357 259 1413 ut
280 1351 329 1432 qui
355 1353 454 1432 στόμα
474 1350 538 1412 τῶν
557 1347 715 1429 μαθητῶν
732 1348 827 1427 fucrit,
849 1350 957 1430 primas
978 1366 1097 1428 semper
1117 1355 1214 1429 partes
1234 1350 1397 1430 occuparit,
1419 1349 1581 1411 sententian·

226 1478 284 1541 que
306 1478 387 1523 suam
409 1461 446 1523 ita
466 1457 633 1540 protulerit,
654 1464 686 1519 ut
707 1474 893 1521 communem
914 1476 983 1521 esse
1004 1457 1143 1540 apostolis
1163 1457 1285 1539 reliquis
1306 1457 1516 1539 significaverit

336 1575 402 1632 trs.
445 1568 509 1643 Quo
539 1575 636 1631 autem
664 1568 743 1647 iure,
773 1584 870 1648 quove
894 1569 1076 1649 potissimum
1102 1569 1220 1630 nomine
1248 1566 1328 1630 illum
1349 1570 1388 1631 ita
1416 1586 1449 1630 se
1472 1564 1580 1648 gessisse

225 1675 450 1742 ebimbimmt
479 1678 613 1741 iactantia
635 1695 688 1755 ne,
710 1677 855 1757 insitoque
877 1684 998 1740 naturae
1022 1675 1162 1740 iervorel
1189 1677 1243 1740 sed
1264 1696 1324 1741 non
1345 1676 1432 1741 aliam
1452 1674 1525 1737 mds
1543 1670 1580 1734 ud

225 1786 299 1869 buc,
328 1787 588 1870 imperfectusque,
618 1806 653 1849 ac
675 1786 761 1848 aliam
781 1785 885 1867 plenus
906 1804 972 1848 cum
995 1793 1076 1848 essct
1095 1786 1329 1868 Spiritu-sancto
1349 1787 1492 1849 rationem
1510 1780 1578 1843 iniri

224 1896 328 1978 Neque
350 1899 503 1961 iactantiae
525 1899 628 1979 igitur,
657 1914 755 1976 neque
784 1896 903 1976 ingenio
935 1895 1094 1958 ardentiori
1117 1915 1153 1958 ea
1174 1904 1270 1978 potest
1291 1895 1427 1959 adscribi.
1468 1894 1512 1956 Au
1530 1889 1581 1952 idco

225 2006 396 2085 reluctati,
420 2007 467 2069 vel
488 2008 576 2069 ctiam
598 2003 808 2088 πρωτοκλήσει
828 2002 991 2068 tribueturl
1021 2004 1075 2067 sed
1097 2013 1263 2069 commenta
1283 2004 1359 2069 baec
1380 2022 1467 2084 esse,
1487 1999 1582 2082 iaupt‘r

225 2116 293 2179 dem
314 2115 584 2197 comprobavimus,
612 2122 642 2177 ct
661 2133 777 2177 rursum
798 2112 1067 2196 comprobabimus,
1090 2132 1233 2195 spemque
1254 2114 1374 2195 alimus,
1403 2113 1523 2176 murrum
1541 2126 1582 2170 ne·

224 2227 333 2287 minem
353 2223 451 2307 paullo
473 2223 684 2304 cordatiorem,
706 2224 755 2305 qul
776 2224 859 2287 bisce
880 2223 1036 2287 admodum
1057 2223 1136 2290 fidat.

330 2333 406 2408 Quid
434 2333 523 2415 igitur
552 2341 597 2396 est
625 2330 792 2414 reliquuml
824 2340 959 2415 superest
982 2334 1119 2396 institutio
1148 2334 1301 2416 pmmatns,
1333 2352 1421 2416 quarn
1448 2326 1583 2411 evmgetir

225 2446 388 2523 continent,
409 2444 610 2523 Actorumque
630 2441 751 2507 bisloria
772 2443 933 2506 confirmat>

334 2558 400 2615 180.
442 2551 490 2614 Ad
518 2569 605 2633 quam
639 2552 888 2617 confirmationem
924 2559 954 2615 et
981 2551 1050 2614 illud
1077 2552 1265 2616 referendum
1292 2562 1352 2632 cst,
1391 2549 1472 2633 qood
1497 2547 1583 2623 latmi,

224 2682 311 2747 mum
335 2682 371 2725 ea
392 2660 534 2725 subtiliter
554 2671 760 2744 persequatur,
783 2662 974 2744 ampliterque
996 2661 1158 2743 describat,
1188 2680 1263 2744 quae
1284 2663 1404 2744 propria
1424 2668 1491 2725 sunt
1508 2656 1584 2733 leae
1627 2738 1628 2741 Ἴ

224 2792 260 2837 ea
282 2781 398 2853 contra,
427 2790 502 2853 quae
524 2772 561 2835 ad
580 2779 697 2835 ceteros
717 2778 850 2853 spectant
868 2760 1035 2853 apostolos,
1065 2772 1157 2834 innuit
1182 2773 1277 2854 potius
1299 2789 1387 2853 quam
1408 2776 1515 2834 narrat
1549 2765 1585 2827 ln

223 2885 285 2948 nuit
305 2882 453 2945 dumtaxat
473 2883 502 2961 a)
522 2881 702 2963 reliquorum
724 2882 900 2961 conciones,
932 2890 961 2945 at
982 2899 1054 2944 vero
1075 2881 1151 2945 Petri
1173 2899 1327 2944 sermones
1348 2883 1482 2964 integros
1501 2876 1583 2948 refert

222 2992 347 3075 illosque
377 2994 419 3055 uti
449 2992 610 3073 principem
637 2991 775 3053 bistoriae
810 2993 962 3054 materiam
988 2991 1137 3073 delegisse
1165 2991 1289 3054 videtur.
1332 2991 1428 3053 lnuuit
1458 2988 1588 3053 danunt

224 3102 258 3179 b)
279 3101 356 3165 edita
377 3119 395 3164 a
415 3102 523 3163 ceteris
543 3106 693 3182 portenta,
723 3108 752 3163 at
772 3119 845 3163 vero
865 3101 1032 3182 singulatim
1047 3105 1073 3135 ⁴⁷
1097 3109 1249 3181 recenset,
1279 3119 1355 3184 qnae
1374 3100 1480 3164 Petrus
1501 3097 1535 3160 ad
1551 3102 1586 3157 bu

224 3211 339 3291 endam,
361 3209 621 3290 stabiliendamque
641 3209 730 3272 tidem
746 3211 930 3292 perpetravit
972 3209 1016 3273 lle
1037 3212 1071 3273 iis
1093 3218 1125 3287 c)
1140 3212 1189 3293 qui
1211 3210 1333 3273 aliorum
1354 3228 1448 3292 opera
1469 3207 1505 3272 ad
1524 3203 1587 3267 cbri-

223 3322 314 3384 stiana
340 3322 466 3383 instituta
494 3319 689 3400 accesserint,
717 3320 833 3382 nonnisi
862 3320 1036 3401 paucissima
1057 3319 1163 3400 habet,
1192 3319 1247 3383 sed
1267 3319 1396 3401 pluribus
1421 3324 1504 3381 notat
1526 3327 1587 3395 quos

223 3428 299 3492 Petri
321 3429 519 3511 magisterium
541 3428 650 3491 lnrctuu
671 3430 826 3510 pepererit,
850 3436 881 3492 et
901 3437 1081 3511 quantopere
1103 3428 1140 3493 ad
1162 3416 1308 3492 eeclesiae
1329 3431 1511 3492 incrementa
1529 3440 1588 3486 corr

140 3560 146 3575 ·
223 3539 327 3602 tulerit.
369 3538 521 3601 Postremo
542 3539 574 3615 d)
589 3541 614 3601 si
635 3539 776 3600 memoria
797 3544 974 3619 reputentur,
998 3556 1073 3619 quae
1096 3540 1124 3600 iu
1145 3536 1298 3601 ὑποθέσει
1321 3541 1378 3602 τοῦ
1396 3536 1522 3621 βιβλίου
1535 3533 1586 3596 τῶν

223 3643 368 3729 πράξεων
395 3648 459 3713 τῶν
488 3645 674 3711 ἀποστόλων
700 3645 849 3709 Eutbalius
863 3651 891 3681 ⁴⁸
920 3654 1087 3727 enumerat,
1106 3670 1110 3679 ·
1127 3654 1157 3710 et
1185 3647 1289 3729 quibus
1318 3647 1475 3711 duodecim
1505 3645 1588 3728 prior·

223 3757 364 3820 Actorum
393 3758 487 3837 capita
512 3763 647 3819 constare
675 3755 778 3838 docet,
809 3758 912 3819 arbum
933 3758 989 3821 nisi
1010 3757 1151 3838 pleraque
1179 3759 1277 3821 omnia
1297 3757 1335 3820 ad
1355 3776 1446 3821 unum
1468 3761 1589 3839 spem

223 3865 340 3929 Petrum
362 3865 521 3928 videantur.

333 3980 400 4037 181.
443 3975 468 4037 E
495 3974 599 4057 quibus
619 3978 773 4058 perspicue
795 3975 950 4038 similitudo
972 3981 1106 4058 apparet,
1133 3994 1209 4057 quae
1231 3977 1307 4039 inter
1327 3975 1484 4056 Actorum,
1513 3990 1590 4036 erue

224 4084 428 4166 geliorumque
449 4084 599 4148 historiam
621 4090 725 4151 existit.
768 4087 848 4151 Sicut
870 4086 947 4148 enim
968 4084 1043 4147 baec
1059 4087 1162 4148 merito
1183 4083 1314 4149 historie
1336 4083 1471 4162 cenam
1491 4080 1590 4148 sicilia

224 4189 314 4256 Petri
339 4190 468 4257 distorta
495 4196 599 4256 merito
614 4196 642 4265 ’ἲ
672 4203 861 4278 nuncupatur.
905 4193 1155 4268 Quemadmodum
1183 4196 1261 4258 enim
1288 4203 1441 4277 utramque
1471 4208 1591 4272 effingi·

998 4453 1042 4531 ⁴⁷)
1063 4453 1153 4512 llabes
1178 4456 1229 4511 ista
1256 4456 1398 4528 diligenter
1416 4455 1450 4514 ab
1472 4455 1593 4512 Occurre-

891 4632 903 4671 ,
934 4559 981 4617 uio
1002 4561 1141 4618 recensita.

998 4693 1043 4767 ⁴⁸)
1053 4692 1133 4766 Apud
1141 4692 1329 4767 Zaccaqniuar,
1341 4686 1593 4765 puppim—dil&

998 4814 1044 4890 ⁴⁹)
1070 4814 1137 4871 llinc
1157 4829 1189 4872 ea
1210 4828 1316 4888 qnoque
1343 4813 1497 4889 apocrypha
1518 4812 1594 4869 Aa·

936 4936 1004 4992 quae
1024 4920 1187 4993 Varadeto,
1215 4921 1317 4977 small
1336 4921 1371 4978 V.
1391 4916 1595 4989 musabum

289 5020 317 5052 ⁴⁸
355 5021 394 5079 ct.
416 5023 476 5081 ne.
491 5024 536 5082 tv.
552 5022 643 5097 lin-l,
663 5019 803 5098 tut-e,
937 5024 1051 5101 epistola
1067 5025 1229 5084 adbaerent
1247 5022 1595 5101 tumnensium
