3374 5388
216 245 279 306 ild
708 240 840 307 ussit
881 241 1116 309 SECUNBUS

216 410 369 493 intelligat,
392 428 525 475 errorem
547 428 617 476 esse
636 428 697 474 non
710 411 791 474 illum
804 410 923 494 quidem
938 431 1056 489 ranam,
1075 416 1295 495 praesetnem
1313 417 1421 487 umen,
1442 424 1502 491 que
1523 425 1592 490 qne

217 522 315 585 iuncta
334 539 471 602 nexaque
494 528 562 584 sunt
582 539 642 584 non
662 539 752 585 secus
771 523 951 604 accipiuntur
972 541 1008 586 ac
1021 524 1048 586 si
1069 543 1164 585 ααααι
1184 522 1322 601 idemque
1341 520 1446 583 forent.
1490 517 1595 582 Cottae·

216 637 284 693 rent
304 630 354 693 lux
374 638 403 694 et
425 631 515 706 calor,
537 649 636 713 neque
650 640 805 714 propterea
827 633 906 696 idem
928 640 1008 696 sunt:
1031 632 1193 696 cohaerent
1213 630 1318 693 vulnus
1340 637 1370 692 et
1390 628 1484 707 dolor,
1506 644 1595 708 neque

217 747 374 822 propterca
395 738 623 803 confunduntur:
645 740 807 804 cohaerent
825 740 949 803 verbum
972 742 1078 805 mentis
1093 740 1229 822 quodque
1251 757 1305 802 ore
1325 737 1482 820 profertur,
1505 753 1595 817 neque

219 848 383 913 distinctam
404 857 559 932 propterca
581 857 712 913 mturam
733 836 858 913 emunt:
886 850 1048 915 cohaerent
1069 851 1158 914 dores
1179 857 1209 912 et
1230 850 1313 927 odor,
1335 866 1433 929 neque
1447 852 1594 929 propterea

220 958 378 1023 discrimen
392 966 491 1023 cessat
504 978 562 1041 quo
577 969 778 1024 secemunmr.
806 960 882 1035 Quid
896 962 1026 1024 iamvero
1042 957 1259 1042 protestantes?
1280 977 1381 1022 rerum
1395 957 1595 1020 coniunctione

220 1069 335 1150 decepti
355 1067 487 1131 umbram
510 1071 641 1150 corpori,
662 1073 757 1135 rivum
780 1070 867 1150 lond,
898 1069 1080 1153 effectusque
1101 1088 1224 1133 caussae
1246 1068 1467 1132 substituerunt
1509 1066 1596 1141 θααιι

220 1181 299 1241 enim
327 1198 365 1241 err
391 1178 533 1242 Actorum
561 1178 690 1243 lectione
704 1184 730 1214 ⁵¹
770 1182 989 1263 perspicerent,
1016 1180 1132 1244 Petrum
1158 1180 1236 1243 inter
1266 1175 1416 1259 apostolos
1442 1177 1608 1241 ministerio·

220 1305 285 1369 suo,
307 1287 448 1369 veritique
460 1288 678 1369 praedicatione
693 1289 861 1370 eminuisse,
876 1291 983 1372 quippe
997 1291 1047 1372 qui
1058 1296 1178 1369 primns
1192 1288 1324 1368 iudaeos,
1344 1293 1464 1366 primus
1479 1285 1599 1368 gentiles

220 1395 336 1460 Christo
356 1397 541 1476 adinmerit,
568 1396 785 1478 ecclesiamque
815 1418 855 1461 ea
879 1406 1004 1480 utroque
1025 1399 1133 1481 populo
1152 1405 1273 1477 primus
1295 1396 1468 1480 collegerit;
1500 1395 1529 1458 id
1548 1395 1601 1459 silri

219 1498 368 1588 reperisse
398 1507 453 1570 visi
483 1515 569 1586 sunt,
598 1523 657 1588 quo
679 1514 709 1570 et
728 1507 896 1590 singulares
923 1507 1000 1571 illius
1026 1508 1111 1572 dotes
1134 1507 1376 1587 ostenderentur,
1409 1513 1440 1570 et
1465 1507 1600 1588 primam

92 1606 102 1616 '
219 1618 293 1679 ratio
325 1617 530 1698 praerogativa
561 1616 785 1698 praedicationis
813 1625 951 1683 contenta
979 1618 1183 1700 explicaretur.
1235 1617 1341 1681 laliaci
1369 1615 1457 1699 plane
1487 1615 1601 1681 iudicio.

219 1743 308 1807 quum
323 1744 359 1788 ea
373 1725 515 1789 Actorum
528 1725 617 1789 lectio
638 1743 698 1790 non
717 1728 810 1809 ipsam
832 1729 971 1809 primatus
985 1730 1138 1805 rationem,
1160 1727 1213 1791 sed
1229 1728 1305 1791 itlius
1320 1725 1458 1790 ellectum
1480 1725 1604 1806 aliquem

200 1833 384 1899 *exhiberet
426 1835 620 1917 summopere
648 1854 776 1917 namque
805 1836 946 1917 decebat,
978 1844 1010 1899 ut
1039 1838 1089 1919 qui
1116 1845 1235 1920 propter
1266 1837 1421 1920 primatum
1449 1850 1605 1916 supmmus

220 1945 367 2009 ecclesiae
399 1943 517 2024 doctor,
549 1943 677 2026 fideique
705 1946 847 2027 magister
878 1946 972 2010 iuerat
998 1948 1161 2026 institutus,
1189 1947 1215 2008 is
1243 1946 1373 2008 omniurn
1399 1945 1513 2026 primus
1541 1942 1608 2005 tidei

219 2054 381 2119 doctrinam
400 2062 589 2137 proponeret,
612 2055 773 2136 magisterii
794 2062 893 2136 partes
914 2055 1017 2135 obiret,
1039 2054 1186 2137 lingendis
1201 2054 1349 2136 discipulis
1372 2071 1494 2135 operam
1516 2052 1607 2128 daret,

220 2163 439 2246 ecclesiamque
462 2183 502 2227 ex
521 2171 647 2246 utroque
666 2163 856 2244 iudaeorum,
888 2164 1101 2247 gentiliumque
1132 2163 1240 2246 populo
1269 2170 1453 2239 exstrueret,
1484 2164 1607 2243 ipsoque

220 2290 313 2354 opere
333 2274 547 2338 demonstraret
568 2292 657 2355 quum
679 2273 838 2337 ecclesiam
859 2273 984 2337 futuram
1005 2272 1227 2355 aniceraalem,
1250 2281 1309 2337 tum
1330 2273 1387 2336 sibi
1405 2274 1610 2337 aumonutea

220 2390 455 2465 potestatemque
477 2382 621 2448 catholici
640 2390 812 2467 magisterii
832 2382 924 2447 fuisse
946 2383 1090 2448 connum.

231 2494 233 2505 '
327 2491 371 2555 De
394 2512 453 2576 quo
467 2494 632 2558 arctissimo
651 2510 751 2557 rerum
770 2511 859 2573 nexu,
882 2493 918 2555 nh
933 2512 970 2556 ea
991 2500 1089 2557 tamen
1111 2492 1284 2556 contusione
1306 2492 1498 2572 alienissimo,
1515 2497 1610 2572 'quara

221 2610 416 2685 protestantes
438 2606 598 2668 commenti
617 2611 698 2683 sunt,
733 2604 857 2685 egregia
878 2603 968 2667 habet
987 2602 1130 2666 Maximus
1154 2603 1329 2666 taurinensis
1352 2603 1510 2684 episcopm
1526 2604 1555 2635 ⁵²
1575 2603 1613 2665 de

220 2712 307 2776 Petro
327 2712 478 2777 scribens:
506 2713 689 2796 „Tamquam
710 2712 805 2775 bonus
832 2720 931 2794 pastor
951 2713 1090 2776 tuendum
1112 2730 1239 2795 gregem
1261 2714 1394 2794 accepit,
1424 2720 1455 2775 ut
1483 2714 1536 2794 qui
1557 2711 1612 2775 sibi

221 2830 291 2886 ante
312 2821 441 2885 irriirmus
462 2823 574 2904 iuerat,
606 2822 690 2887 lieret
718 2822 853 2886 omnibus
881 2823 1112 2887 firmamentum:
1143 2829 1172 2885 ct
1201 2823 1250 2903 qui
1282 2822 1344 2903 ipse
1371 2822 1613 2903 interrogationis
1656 2820 1657 2825 ’

186 2922 190 2929 ’
221 2934 382 2996 tentatione
405 2941 572 3012 nutaverat,
603 2922 723 2997 ceteros
751 2933 819 2996 [idei
851 2933 1006 2998 stabilitate
1033 2932 1176 2996 fundaret.
1219 2930 1353 3012 Denique
1383 2950 1436 3012 pro
1465 2931 1613 2994 soliditate

222 3042 388 3106 devotionis
408 3041 610 3107 ecclesianam
624 3045 650 3076 ⁵³
680 3051 770 3123 petra
797 3042 917 3122 dicitur,
950 3044 1026 3106 sicut
1057 3044 1097 3105 ait
1117 3041 1278 3105 Dominus:
1311 3049 1345 3103 tn
1368 3063 1400 3103 es
1423 3038 1563 3117 Patrue,
1584 3048 1613 3103 et

223 3173 317 3233 anper
341 3151 421 3217 hanc
438 3162 559 3233 petram
579 3150 750 3234 aedificabo
779 3150 942 3216 ecclesiam
962 3172 1072 3215 meam.
1115 3151 1199 3216 Petra
1222 3153 1300 3215 enim
1325 3152 1444 3229 dicitur,
1472 3170 1512 3215 eo
1533 3150 1613 3232 quod

221 3270 341 3343 primur
361 3265 392 3326 in
413 3262 577 3327 nadonilrus
601 3262 669 3327 fidoi
688 3262 875 3326 fundamenta
902 3264 1046 3343 posuerit,
1077 3271 1106 3325 et
1127 3271 1285 3340 tamqnam
1312 3282 1433 3325 aarum
1460 3259 1615 3324 mantue

224 3379 318 3436 taliam
333 3378 433 3451 operis
447 3370 607 3439 christiani
621 3392 795 3456 commem
807 3369 976 3450 molemque
989 3377 1153 3434 contineat.
1175 3371 1277 3434 Petrus
1293 3389 1369 3453 ergo
1383 3389 1437 3452 pro
1452 3370 1614 3434 denodans

224 3488 307 3562 petra
329 3481 440 3558 dicitun
462 3490 493 3545 et
513 3489 594 3563 petra
616 3500 669 3564 pro
692 3483 797 3545 virtute
811 3485 837 3515 ⁵⁴
862 3480 1003 3545 Dominus
1019 3488 1210 3563 nuncupatur,
1231 3483 1308 3543 sicut
1330 3482 1409 3543 ait⁵⁵
1448 3479 1614 3562 apostolus:

225 3588 369 3655 &dedant
391 3600 496 3654 antem
517 3592 555 3655 dc
567 3591 723 3673 eadmundi
737 3598 937 3671 consequente
950 3611 1001 3652 eoa
1013 3597 1113 3669 petro,
1133 3598 1225 3671 petra
1244 3598 1350 3654 antem
1370 3597 1438 3652 erat
1453 3586 1613 3651 Christus.

224 3701 319 3766 Recte
333 3709 520 3765 consortium
537 3710 667 3766 meretur
680 3708 819 3779 nemisia
835 3702 885 3782 qui
898 3706 1085 3763 ammonitam
1100 3707 1232 3763 meretur
1245 3708 1276 3763 et
1288 3702 1420 3780 operia.“
1463 3699 1520 3763 Ubi
1536 3698 1615 3781 qood

225 3813 273 3891 ait,
303 3811 419 3874 Petrum
447 3811 585 3893 appellari
613 3818 744 3893 petram,
772 3810 853 3890 qnod
880 3817 1036 3890 tamqnam
1062 3830 1180 3873 aarum
1206 3806 1356 3871 immobile
1385 3816 1483 3871 totana
1511 3814 1616 3889 apanis

226 3918 385 3991 citationi
399 3941 570 4006 compagem
583 3919 752 4000 mmcmqne
771 3926 932 4000 contineat,
954 3919 991 3982 ad
1006 3918 1212 3982 declarandam
1227 3920 1354 4000 pertinet
1375 3923 1615 4001 praerogativam

225 4028 341 4094 Domini
364 4030 461 4095 verbis
484 4050 665 4113 expressam,
684 4038 720 4095 tn
742 4052 776 4093 es
799 4027 933 4107 Petras,
965 4038 995 4092 et
1015 4050 1112 4109 super
1131 4027 1211 4092 iana
1229 4036 1350 4109 petram
1372 4028 1549 4112 aedificabo
1571 4050 1615 4093 ee·

225 4138 351 4203 alesiam
370 4159 487 4214 meam3
509 4138 588 4220 quod
609 4147 706 4203 autem
728 4140 815 4219 addit,
838 4141 939 4202 vocari
953 4149 1065 4222 petram
1087 4161 1122 4203 eo
1143 4141 1225 4221 quad
1241 4147 1362 4221 primur
1383 4147 1416 4202 in
1435 4138 1619 4204 mama-a

222 4248 300 4332 fidei
327 4248 534 4331 lundomenta
557 4256 715 4329 omnent,
750 4250 787 4313 ad
813 4249 842 4311 id
863 4257 974 4332 spectat
1002 4250 1080 4331 quod
1110 4257 1174 4313 erat
1201 4269 1267 4313 cum
1297 4251 1439 4333 dignitate
1470 4253 1618 4332 primatus

226 4361 415 4442 supremique
437 4360 599 4442 magisterii
620 4359 684 4422 iure
707 4366 886 4423 comeatum.

292 4551 338 4625 Η)
359 4566 384 4606 r.
405 4549 454 4605 8¹1.
942 4552 1019 4621 siae,
1053 4567 1120 4624 qnae
1150 4551 1299 4608 arctissima
1328 4551 1446 4611 omnium
1480 4553 1621 4609 societate

293 4657 338 4730 ³²)
359 4656 387 4712 ln
408 4654 533 4711 llomiliis
554 4653 733 4729 lipomannus,
752 4654 797 4712 De
814 4654 894 4712 Petro
944 4657 1121 4731 componitur.

230 4761 376 4837 Apostolo,
396 4763 468 4818 hom.
488 4759 534 4816 lv.
1007 4765 1052 4839 ⁵⁴)
1072 4763 1201 4819 Virtutem
1223 4761 1342 4834 inteligc
1356 4762 1476 4835 insitam,
1497 4776 1556 4819 nou
1571 4762 1622 4817 te·

293 4869 338 4942 Η)
358 4868 415 4924 Noa
432 4873 522 4924 certae
539 4866 673 4923 cuiusdam
687 4866 827 4939 ccclesiae,
847 4869 895 4924 sed
944 4870 1039 4925 nevola
1060 4869 1299 4925 communicatione
1320 4874 1463 4941 receptat.

231 4975 421 5045 ecclesiaram,
442 4980 520 5046 atquc
536 4973 612 5029 aden
624 4971 780 5060 cellolam
799 4973 894 5029 ecele-
1008 4974 1052 5049 Μ)
1073 4974 1093 5029 1.
1111 4974 1172 5030 Cor.
1193 4974 1226 5031 X.
1248 4974 1275 5031 4.
