3300 5402
652 234 798 304 CAPUT
830 181 878 301 ll.
1397 237 1458 300 ³⁸³

100 411 191 471 nonr'
215 414 345 488 numm,
374 414 407 471 nt
436 424 496 471 non
526 405 603 471 illius
634 407 723 472 modo
741 409 976 487 institutionem,
1010 424 1113 472 aarum
1140 407 1229 471 etiam
1258 410 1458 471 actuosam

100 524 293 580 messmam
314 516 551 599 comprobemus.
586 582 592 594 ,

196 626 245 688 Cui
265 626 466 709 explanandae
480 626 630 690 doctrinae
653 646 689 690 ea
702 627 857 710 insigniter
866 628 1029 707 conferunt,
1050 626 1155 711 mribus
1170 626 1317 691 Thomas⁸
1342 627 1457 707 evincit,
1475 604 1482 615 ⁶

97 731 188 797 Deum
206 733 281 798 cette
302 734 420 816 aliquid
439 734 528 800 aliud
540 759 560 800 o
581 758 616 800 ac
637 743 820 800 monitate
838 743 1064 818 supposittnata,
1081 738 1233 819 inquiens:
1255 736 1458 819 „Quicumque

94 842 148 906 vult
166 843 278 926 aliquid,
300 847 472 909 necessario
492 846 553 908 vult
574 865 610 910 ea
631 826 709 929 quae
726 849 898 911 necessario
918 847 1104 930 requiruntur
1124 845 1161 909 ad
1181 845 1266 927 illud,
1285 849 1342 911 nisi
1363 848 1400 910 sit
1420 864 1459 909 cr

93 960 168 1034 parte
188 955 249 1018 eius
270 955 402 1019 delectus
426 955 475 1018 vel
492 963 611 1037 propter
631 957 835 1038 ignorantiam,
856 955 905 1020 rel
918 958 985 1038 quia
999 975 1017 1019 a
1032 963 1113 1019 recta
1128 954 1274 1020 electione
1294 957 1358 1019 eius
1380 954 1459 1039 quod

94 1063 188 1127 estad
208 1065 305 1143 men,
329 1065 472 1128 interdum
494 1065 645 1129 abducitur
664 1084 719 1147 per
740 1065 866 1147 aliquam
884 1067 1062 1148 passionem,
1085 1083 1162 1147 quae
1184 1065 1222 1129 de
1237 1050 1301 1128 Deo
1322 1065 1380 1128 dici
1399 1082 1459 1126 uon

91 1180 213 1253 possunt
271 1174 303 1239 st
329 1174 418 1256 igitur
448 1173 528 1239 Deus
563 1174 689 1239 volendo
719 1193 774 1256 sc,
803 1174 864 1238 vult
891 1174 999 1257 aliquid
1029 1174 1106 1238 aliud
1132 1194 1150 1238 a
1179 1192 1228 1255 se,
1258 1175 1457 1238 necessarium

89 1289 131 1344 est
150 1302 214 1346 eum
243 1282 320 1346 velle
349 1300 437 1347 omne
459 1283 544 1363 illud,
574 1284 652 1366 quod
678 1284 715 1347 ad
741 1284 862 1347 volitum
890 1284 928 1349 ab
955 1302 992 1348 eo
1019 1286 1057 1348 de
1084 1285 1260 1348 necessitate
1285 1283 1457 1365 requiritur:

87 1391 157 1455 siout
175 1394 376 1456 necessarium
400 1400 445 1457 cst
465 1392 559 1456 Deum
581 1392 657 1457 velle
679 1394 804 1467 animam
824 1395 996 1458 rationalem
1018 1413 1106 1475 esse,
1127 1395 1275 1476 supposito
1297 1392 1376 1474 quod
1390 1392 1459 1454 velit

87 1500 229 1565 hominem
260 1502 362 1566 esse.“
409 1502 522 1566 Eodem
550 1504 696 1585 pertinent
722 1522 797 1586 qnae
823 1504 862 1566 de
888 1522 924 1567 ea
954 1505 1150 1587 quaestione⁴
1180 1504 1320 1585 disputat,
1354 1510 1459 1565 utrum

85 1610 201 1674 dimam
219 1609 388 1676 voluntatis
406 1620 506 1691 poastt
526 1618 608 1676 rotie
627 1620 794 1698 magnast,
816 1613 966 1678 scribens:
1002 1615 1104 1696 „Siout
1123 1634 1209 1698 snpra
1230 1620 1379 1695 ostensum
1402 1618 1458 1689 est,

84 1724 229 1803 supposito
252 1722 331 1804 quod
351 1721 431 1785 Deus
453 1721 561 1804 aliquid
587 1722 671 1802 velit,
699 1724 831 1804 sequitur
860 1742 900 1787 ex
919 1724 1095 1788 necessitate
1114 1723 1193 1807 quod
1214 1723 1285 1787 velit
1305 1741 1356 1802 ea,
1383 1738 1458 1801 quae

84 1829 118 1892 ad
143 1830 212 1895 illud
238 1833 433 1913 requinrntur.
476 1830 561 1905 Quod
587 1840 684 1895 autem
709 1831 774 1896 aliis
799 1834 1006 1897 necessitatem
1031 1833 1166 1915 imponit,
1195 1839 1241 1895 est
1265 1831 1340 1894 ratio
1366 1847 1458 1912 quare

83 1939 148 2004 illud
174 1943 219 2004 sit
262 1940 346 2004 Ratio
372 1942 460 2023 igitar
487 1958 579 2023 quare
605 1939 685 2004 Deus
705 1941 765 2005 rut
793 1961 830 2006 ea
856 1961 931 2024 quae
957 1945 1145 2025 requiruntur
1166 1942 1203 2005 ad
1219 1938 1456 2021 unumquodque,

84 2058 126 2113 est
138 2058 170 2113 ut
188 2052 228 2115 sit
249 2049 318 2113 illud
338 2050 377 2114 ad
393 2050 473 2132 quod
494 2051 681 2132 requiritur.“
1266 2078 1271 2092 ·

184 2167 235 2224 28.
277 2160 341 2223 lam
373 2163 463 2243 igitur
489 2179 526 2224 eo
547 2178 661 2224 summa
681 2160 772 2243 redit,
805 2160 902 2225 adsint
926 2179 983 2224 nec
1013 2180 1052 2225 ne
1081 2180 1156 2244 quae
1184 2159 1323 2243 probent,
1352 2175 1456 2222 corum

82 2266 168 2333 luisse
188 2277 340 2334 auctorem
362 2270 516 2349 Christum,
539 2288 614 2352 quae
636 2248 740 2352 nequa
755 2271 810 2335 sili
831 2279 981 2353 constare,
1009 2290 1106 2354 neque
1134 2272 1231 2334 animo
1257 2270 1372 2351 concipi
1392 2268 1456 2330 sine

81 2378 200 2458 primatu
221 2381 354 2462 possint:
377 2398 452 2463 quae
466 2380 590 2462 probem
611 2379 757 2444 aChristo
779 2399 815 2444 ea
836 2380 990 2462 prodiisse,
1013 2397 1168 2462 mnenon
1189 2385 1285 2444 minus
1303 2380 1456 2462 primatum

82 2488 212 2570 exigant,
245 2507 333 2570 quam
363 2489 408 2552 sol
439 2489 560 2552 obortus
590 2488 701 2569 lucem,
731 2488 913 2573 effectusque
942 2509 1077 2554 caussam
1094 2489 1259 2572 ,postulent
1319 2489 1358 2551 At
1383 2503 1456 2549 vero

80 2595 182 2661 adosse
203 2616 282 2680 qnae
303 2598 371 2661 talia
395 2599 467 2679 siut,
497 2599 533 2661 iis
556 2599 696 2663 suadetur
714 2598 844 2682 abunde,
874 2619 950 2682 quae
979 2601 1016 2663 dc
1039 2601 1150 2663 unitata
1172 2599 1333 2679 ecclcsiae,
1360 2598 1456 2680 dequo

83 2706 211 2773 eiusdem
235 2707 431 2771 catholicitatc
454 2711 613 2788 superius⁵
640 2708 840 2773 disseminas.
883 2709 965 2784 Quae
993 2727 1052 2791 ego
1078 2726 1138 2773 non
1168 2716 1316 2790 repetam,
1345 2707 1399 2770 sed
1425 2712 1457 2769 ut

81 2833 202 2881 caussae
225 2816 443 2899 lectoribusque
466 2817 648 2882 commodius
662 2819 847 2900 prospiciam,
870 2817 945 2881 dabo
961 2837 1090 2902 operam,
1111 2824 1144 2881 nt
1160 2820 1313 2900 perspicua
1327 2815 1456 2879 uberiori

80 2923 142 2988 luce
160 2928 281 3005 niteant,
305 2934 336 2989 et
356 2945 430 3009 quae
449 2926 532 2990 lirma
554 2945 592 2990 er
613 2945 683 2991 sese
704 2935 780 3007 sunt,
801 2927 924 2991 validius
946 2929 1032 2991 edam
1055 2927 1241 2992 stabiliantur.

181 3037 279 3113 Quem
300 3038 330 3099 in
351 3036 440 3100 daem
461 3036 678 3117 animadverto,
706 3038 795 3101 certis
817 3037 1030 3120 scripturarum
1057 3037 1231 3102 msdmomis
1258 3037 1454 3112 innotescere,

76 3152 170 3209 ratum
190 3146 403 3228 decretumque
424 3145 515 3209 luisse
536 3145 666 3226 Christo,
693 3154 725 3210 nt
751 3147 847 3211 unitas
869 3166 925 3230 qua
947 3148 1093 3230 insignem
1114 3145 1271 3210 ecclesiam
1293 3143 1397 3225 voluit,
1419 3141 1457 3205 ad

79 3254 262 3338 quadruplex
285 3273 427 3337 expressa
446 3257 571 3339 σχῆμα,
596 3255 728 3335 morale,
757 3255 858 3335 daile,
883 3256 1058 3340 physicum,
1086 3257 1280 3335 dicmumqae
1299 3253 1455 3317 videratur.

76 3362 112 3427 tta
131 3365 170 3429 de
192 3348 305 3429 morali
317 3382 391 3429 saue
408 3364 559 3429 schemate
582 3385 617 3430 ea
639 3368 732 3449 accipi
751 3366 859 3431 debent
872 3368 950 3433 bene
965 3367 1063 3449 multa,
1086 3367 1213 3449 quibus⁸
1234 3364 1283 3428 rel
1297 3360 1457 3449 cinoman-

78 3474 143 3550 κοῖς
158 3474 304 3539 haereses
326 3480 357 3537 et
370 3472 527 3537 sclrisnmta
549 3483 690 3555 rounam,
713 3476 762 3540 vel
775 3481 1001 3564 καταφατικαῖς
1015 3476 1215 3540 voluntatum⁷
1236 3471 1403 3551 concordia,
1424 3490 1460 3535 ac

138 3686 167 3761 ²)
189 3687 266 3743 l'atst
283 3687 336 3743 iste
355 3685 431 3743 locas
452 3685 630 3759 amplissime,
650 3695 678 3743 et
691 3687 746 3744 dici
795 3691 949 3764 scripturae
966 3690 1099 3747 uibrant:
1118 3689 1297 3746 necessariam
1317 3702 1377 3744 ease
1397 3700 1460 3759 gra-

77 3799 171 3866 potest
198 3793 258 3849 lons
287 3793 445 3866 praecipuus
475 3792 546 3849 illius
577 3792 745 3866 theologiae,
796 3797 876 3871 tiam,
903 3797 965 3868 quia
990 3796 1113 3853 homines
1138 3795 1172 3853 ad
1196 3812 1257 3853 eum
1283 3794 1371 3852 evecti
1397 3798 1459 3849 sunt

78 3915 147 3973 qnae
168 3898 335 3956 scholastica
356 3898 510 3974 appellatur,
532 3904 559 3954 et
573 3900 647 3955 caius
668 3915 746 3970 egre·
795 3902 931 3977 ordinem,
957 3904 1002 3975 qui
1023 3903 1162 3975 ambitam,
1187 3902 1392 3972 tacuaunqae
1411 3915 1459 3955 us·

77 4007 124 4076 gia
145 4006 292 4079 specimina
313 4021 367 4062 uon
387 4007 414 4061 in
435 4004 511 4061 libris
526 4003 612 4059 solum
626 4003 746 4059 Anselmi
795 4016 870 4066 turae
888 4008 1048 4081 longissima
1068 4009 1283 4083 supergraditur:
1306 4013 1334 4063 et
1353 4006 1458 4062 bmtam

77 4112 296 4187 etItamasceni,
317 4111 366 4168 sed
379 4110 621 4168 vetustissimorum
641 4125 746 4182 quoque
795 4106 935 4186 Virginem
966 4130 1027 4172 esse
1057 4106 1211 4183 θεοτόκον,
1245 4115 1308 4186 qnia
1339 4112 1458 4169 Christrm

76 4198 186 4291 patrum
212 4218 385 4292 reperiuntur.
433 4214 476 4271 Er
501 4214 554 4271 lroc
580 4230 645 4271 sane
671 4216 746 4271 iouta
795 4237 872 4294 quem
892 4222 993 4295 gennit,
1012 4236 1093 4278 vome
1113 4226 1155 4277 est
1173 4220 1246 4277 Dens
1265 4210 1458 4295 adleyrpco‘gslg

75 4325 165 4397 repeti
194 4324 291 4382 debent
319 4325 436 4380 usitatae
466 4321 536 4393 apud
563 4321 623 4378 illos
650 4336 746 4377 conse·
794 4317 859 4392 ωὐς
878 4321 989 4392 alaim.

77 4431 241 4503 qautiones:
272 4432 405 4488 hominnm
436 4443 522 4502 genus
554 4427 679 4500 originali
706 4428 747 4482 in-
854 4430 883 4507 ³)
901 4431 978 4489 Cant.
990 4431 1066 4489 licat.
1080 4431 1125 4488 lib.
1135 4429 1157 4487 1.
1171 4446 1229 4504 cap.
1242 4428 1380 4487 lxxxttt.
1394 4446 1421 4487 n.
1429 4429 1458 4485 4.

75 4537 179 4593 lectmn
209 4537 269 4593 labe
297 4539 322 4593 in
349 4537 435 4592 lucem
466 4536 576 4609 venne,
606 4534 668 4606 qnia
695 4549 745 4608 pro
856 4538 884 4612 ⁴)
904 4538 972 4595 tttd
994 4554 1054 4611 cap.
1069 4534 1209 4595 lxxxvr.
1229 4553 1256 4592 a.
1273 4536 1301 4594 3.

77 4642 206 4699 omuibus
232 4651 350 4700 mortuns
377 4648 418 4698 est
438 4640 575 4713 Christus,
603 4646 632 4695 ut
651 4653 745 4695 omnes
856 4644 884 4719 ι)
903 4643 998 4702 lim.
1017 4662 1060 4701 nn.
1075 4644 1143 4701 393.
1157 4658 1231 4714 seqq.
1301 4638 1306 4649 “

76 4749 104 4805 in
135 4747 288 4805 libertatem
319 4753 470 4804 assereret:
505 4746 638 4803 Christum
672 4746 745 4803 credi
779 4768 781 4773 ·
855 4749 883 4826 ι)
903 4751 923 4808 Ι.
939 4751 1001 4808 cor.
1021 4752 1067 4808 lll.
1090 4749 1142 4824 ta,
1163 4748 1215 4806 'lit
1230 4748 1274 4806 111.
1291 4747 1338 4821 to,
1359 4747 1379 4805 l.
1395 4748 1457 4805 Cor.

76 4854 165 4911 lieum
186 4861 326 4928 oportere,
346 4857 408 4926 qaia
427 4852 533 4911 nonnbl
552 4843 745 4927 dadadgmnoc
795 4856 815 4915 l.
832 4855 886 4929 10,
906 4865 935 4913 et
952 4856 1012 4915 llll
1026 4855 1082 4930 ld,
1100 4856 1185 4914 &aaa
1205 4871 1234 4911 a.
1249 4852 1296 4911 la.
1513 4916 1521 4923 ,

78 4977 141 5017 eam
174 4961 250 5018 obire
276 4962 366 5033 pouit
393 4959 570 5035 sammaa,
600 4972 679 5031 quam
706 4959 744 5018 illi
854 4963 882 5037 7)
901 4961 1054 5038 Act-ild,
1074 4958 1245 5033 ast-ao,
1265 4954 1460 5032 tv.aa-aa;
