3324 5382
133 266 137 271 ’
183 296 247 358 aaa
671 292 803 357 utana
843 290 1076 358 sucunnus

183 461 322 525 baconus
341 463 401 539 ¹⁸⁰,
429 460 618 525 llacedonius
645 460 971 542 constantinopolitanus
987 463 1041 541 ¹⁰¹,
1074 467 1176 524 auctor
1194 462 1238 494 ¹⁰²
1265 460 1343 522 vitae
1367 460 1462 523 sancti
1485 459 1568 523 Pauli

185 569 505 653 constantinopolitani,
540 568 706 651 Stephanus
734 570 906 653 byzantinus
924 572 966 603 ¹⁰³
998 572 1027 631 ln
1054 571 1113 633 vita
1140 571 1234 667 sancti
1261 568 1400 650 Stephani
1427 569 1567 650 iunioris,

183 679 368 761 Nicephorus
387 681 430 713 ¹⁰⁴
469 679 629 761 patriarcha
666 680 1011 773 constannnopotiunus,
1053 686 1151 761 patres
1187 678 1440 741 chalcedonenses
1461 680 1505 712 ¹⁶⁵
1540 686 1569 741 et

185 790 234 872 qui
249 789 292 823 '⁰‘
322 789 360 852 ad
386 790 539 871 septimam
567 789 711 872 synodum
740 807 930 869 convenere,
965 808 1090 872 quonam
1115 807 1173 852 una
1199 807 1260 852 vox
1286 795 1332 853 est
1358 807 1395 851 ac
1422 790 1569 852 sententia
1640 840 1641 843 ,

184 901 344 962 unanimis:
383 895 541 978 Quidquid
557 905 589 961 ta
610 896 739 962 ecclesia
759 905 862 961 ratum
879 897 1044 981 ficumque
1065 906 1126 975 eat,
1154 897 1190 961 id
1207 895 1302 961 robur
1322 919 1431 974 auum,
1459 919 1567 977 aripre-

116 1080 123 1097 ,
186 1029 326 1089 maique
342 1007 526 1090 fimaitutem
544 1005 667 1071 ePetri
686 1016 880 1089 auctoritate,
899 1005 1115 1092 suffrupiopue
1127 1015 1281 1071 mutuari.-
1300 1006 1394 1094 nesae
1405 1015 1568 1088 propterea
1640 998 1641 1009 ¹

188 1140 258 1183 erae
279 1119 444 1199 quidquam
465 1124 496 1180 in
518 1116 649 1181 ecclesia
669 1125 805 1180 statuere
828 1114 925 1182 Petro
945 1140 1006 1181 non
1031 1127 1199 1199 aunuente,
1226 1127 1331 1198 utpote
1358 1125 1411 1198 aaut
1438 1125 1568 1180 sortitu

185 1250 206 1293 a
221 1226 344 1292 Chimo
363 1235 405 1292 rit
425 1226 507 1291 amu
529 1219 585 1303 τήν
604 1225 773 1307 ἱερωσύνην
792 1226 945 1311 ἐξάρχειν.
988 1228 1086 1304 Quare
1107 1230 1294 1293 Innocentius
1309 1230 1351 1262 ¹⁰²
1377 1229 1568 1291 occasionem
1640 1216 1641 1219 '

184 1338 320 1402 laudandi
340 1337 447 1401 Felicis
469 1339 620 1401 nuceriani
641 1338 773 1400 antistitis
794 1338 863 1401 inde
884 1340 987 1419 sumit,
1015 1339 1115 1420 „quod
1136 1340 1271 1402 institutis
1293 1339 1437 1401 mierum
1459 1337 1570 1401 adhae-

186 1451 272 1529 serit,
302 1454 462 1527 omniaque
483 1465 559 1537 quae
580 1455 701 1528 possent
721 1446 849 1529 abnuam
870 1449 1006 1530 recipere
1037 1447 1259 1526 dubitationem,
1288 1448 1325 1511 ad
1346 1449 1459 1530 ipsum,
1487 1449 1571 1530 quusi

186 1560 229 1624 ad
248 1566 339 1639 caput
361 1566 449 1640 atque
471 1556 514 1619 ad
532 1563 647 1636 apicem
663 1559 706 1591 ¹⁰⁸
729 1563 920 1636 epucopatm
941 1557 1091 1640 retulerit,
1117 1565 1149 1621 nt
1167 1557 1299 1620 consulta
1321 1556 1461 1621 uidelicet
1481 1558 1570 1621 sedes

185 1667 344 1749 apostolica
367 1686 406 1730 ex
427 1666 497 1747 ipsis
519 1665 608 1728 rebus
630 1665 725 1729 dubiis
746 1675 862 1729 eertum
883 1664 1002 1745 aliquid
1021 1666 1187 1733 iaciendum
1206 1667 1411 1748 pronunciet.“

287 1776 399 1840 Eadem
419 1775 624 1857 perspicuitate
645 1794 703 1856 quo
724 1783 838 1857 spectet
858 1782 968 1856 capitia
991 1777 1117 1860 dignitas
1132 1779 1248 1859 propria
1261 1777 1349 1859 Petri,
1370 1778 1391 1841 ii
1413 1777 1567 1840 declarant

184 1887 326 1950 anbshtcs
354 1886 418 1950 sive
446 1902 521 1967 quos
549 1883 750 1948 'theodoricus
780 1886 810 1947 in
837 1904 988 1949 romamm
1019 1886 1164 1971 synodum
1200 1886 1334 1969 collegit,
1370 1895 1403 1950 nt
1430 1889 1572 1951 excitum

184 2004 303 2078 propter
318 1993 524 2079 Symmachum
538 1993 637 2057 tubas
656 1994 805 2075 sedarent,
824 1996 887 2059 siue
909 2013 984 2077 quos
1004 1997 1035 2059 in
1055 2015 1161 2061 caussa
1183 2014 1242 2060 non
1261 1996 1388 2060 absimili
1400 1997 1515 2060 Leonis
1528 1997 1573 2060 lll

185 2107 306 2170 Carolus
332 2123 457 2187 magnus
485 2105 665 2167 convocavit.
707 2103 765 2167 lllis
797 2106 887 2167 eninr¹
907 2104 978 2168 nihil
1012 2107 1158 2186 aanmus
1188 2107 1255 2187 luit,
1290 2108 1433 2187 quam¹”
1464 2108 1574 2189 apertis

185 2217 360 2297 uscunque
383 2214 481 2278 verbis
503 2213 687 2277 Theoderico
709 2213 845 2276 edicere:
882 2213 976 2295 „Eum
999 2215 1092 2296 ipsum
1120 2215 1305 2295 Pontificem,
1341 2218 1392 2297 qni
1421 2215 1575 2279 dicebatur
1640 2276 1641 2295 ,

185 2327 349 2407 impetitus,
385 2321 531 2388 debutm
555 2322 698 2406 synodum
718 2341 900 2403 convocare,
934 2326 1063 2389 scientes
1085 2325 1153 2404 qiua
1174 2328 1238 2388 eius
1259 2325 1323 2388 sedi
1344 2327 1472 2406 primum
1495 2325 1574 2389 Petri

186 2434 309 2516 apostoli
328 2440 470 2496 mertum
489 2433 539 2495 vel
557 2439 758 2513 prtuctputur,
782 2432 889 2496 deinde
915 2441 1039 2515 sequuta
1059 2434 1220 2497 iussionem
1234 2432 1350 2497 bomini
1364 2435 1408 2468 ¹¹⁰
1432 2435 1573 2498 concilio
1597 2506 1599 2508 v

185 2562 250 2607 rom
279 2543 513 2606 venerandorum
541 2544 697 2607 auctoritas
728 2544 756 2605 ei
786 2541 975 2627 amputarem
1001 2549 1032 2605 ia
1057 2541 1191 2606 ecclesiis
1219 2544 1345 2607 tradidit
1371 2551 1576 2623 patestatem,-

187 2672 244 2717 nec
272 2652 435 2717 antedictae
463 2652 543 2716 sedis
568 2653 723 2715 antistitem
749 2659 902 2715 nannum
928 2649 1123 2716 subiacuirre
1149 2654 1278 2730 tudtcto,
1314 2655 1345 2716 in
1371 2656 1575 2736 propositione

187 2762 289 2840 simili,
326 2762 411 2826 lacile
439 2762 532 2827 iorma
553 2761 648 2843 aliqua
669 2764 860 2825 testaretur.“
889 2760 1112 2844 Archiepiscopi
1133 2780 1214 2840 vero,
1237 2764 1367 2845 episcopi
1387 2770 1417 2826 et
1439 2763 1573 2843 abbates,

188 2872 292 2953 quibus
322 2871 525 2936 excutiendam
547 2871 655 2935 leonis
684 2890 818 2935 caussam
847 2871 969 2935 Caralis
995 2879 1203 2953 proposuerat,
1238 2873 1446 2934 unanimes'¹¹
1473 2872 1573 2936 excla
1640 2940 1641 2947 ,

188 2989 316 3046 mantntt
352 2981 434 3061 „Nos
455 2981 559 3045 sedem
580 2980 786 3062 apostolicam,
822 2987 970 3059 quaeest
999 2989 1090 3061 caput
1117 2988 1251 3044 omniurn
1270 2980 1332 3044 Dei
1360 2979 1572 3057 ecclesalam,

187 3094 328 3157 iudicare
348 3114 408 3156 nou
429 3092 587 3156 audeam.
631 3089 705 3154 Nam
734 3091 859 3173 abipsa
883 3110 1079 3166 aesomnes,
1116 3097 1146 3153 et
1176 3091 1286 3153 vicario
1315 3108 1370 3154 suo
1397 3091 1572 3156 iudicamur.

189 3199 265 3282 lpse
289 3210 396 3266 autem
416 3225 435 3265 a
453 3209 573 3265 nonme
592 3200 757 3278 iudicatur,
780 3199 1023 3281 quemadmodum
1045 3207 1075 3262 et
1094 3206 1264 3278 antiquitus
1285 3218 1350 3264 mos
1372 3199 1456 3265 tuit“

295 3312 383 3375 Cuius
397 3311 507 3392 antiqui
521 3317 552 3373 et
565 3310 717 3391 apostolici
730 3310 817 3392 plane
833 3311 922 3373 moris
936 3310 1019 3373 testis
1037 3316 1082 3371 est
1096 3311 1288 3391 gravissimus
1303 3309 1447 3391 Gelasius,
1465 3312 1517 3392 qui
1528 3314 1570 3345 ¹¹²
1640 3346 1641 3357 ,

190 3420 432 3484 obtrectatoribus
453 3421 555 3484 nescio
577 3419 681 3501 quibus
702 3437 820 3483 omnem
842 3418 1023 3482 conviciandi
1045 3417 1209 3481 facultatem
1235 3419 1393 3499 praeripuit
1420 3420 1573 3483 scribens:

189 3530 302 3612 „Nobis
323 3535 470 3612 opponunt
491 3546 630 3607 canones,
654 3527 721 3590 dum
743 3529 877 3590 nesciunt
898 3526 966 3609 quid
987 3527 1150 3607 loquantur.
1194 3529 1300 3592 uonna
1327 3545 1402 3608 quos
1426 3502 1488 3592 hoc
1508 3532 1573 3612 pso

192 3639 294 3702 venire
315 3655 349 3701 se
369 3636 509 3718 produnt,
546 3636 625 3718 quod
651 3636 771 3716 prima'c
802 3638 869 3700 redi
898 3654 970 3700 sana
996 3644 1136 3719 rectaque
1162 3636 1296 3700 suadenti
1322 3656 1430 3717 parere
1451 3638 1575 3721 lugiunt
1640 3644 1641 3719 t

189 3749 246 3830 ipsi
267 3755 335 3813 sunt
356 3763 501 3825 canones,
539 3748 588 3828 qui
613 3747 831 3827 appellationes
862 3753 955 3811 totius
984 3745 1130 3809 ecciesiae
1159 3745 1202 3809 ud
1220 3745 1312 3809 butue
1333 3747 1419 3811 serite
1439 3770 1575 3811 examen
1640 3830 1641 3835 η

256 3971 316 4045 ¹⁰⁰)
336 3969 404 4025 lllst
427 3967 539 4041 Tripart.
561 3965 607 4024 lib.
622 3968 668 4025 tv.
688 3984 747 4041 cap.
761 3967 806 4023 lll.
970 3968 1029 4042 ¹⁰⁷)
1048 3966 1135 4040 Epist.
1156 3967 1201 4024 lv.
1640 3956 1641 4033 Ῐ

256 4076 315 4149 ¹⁰¹)
328 4074 407 4149 Apud
423 4073 591 4131 Theodoram
604 4073 751 4147 hectorem,
765 4073 811 4131 llb.
823 4074 856 4130 ll.
969 4075 1029 4149 ¹⁰⁸)
1049 4074 1125 4130 Sicut
1145 4075 1215 4130 enim
1236 4073 1407 4147 episcopatus
1435 4092 1513 4148 aper
1532 4076 1573 4132 di-

257 4181 316 4255 ¹⁰²)
336 4179 415 4253 Apud
435 4179 559 4238 dliatlutn
581 4196 640 4238 con.
661 4181 855 4255 llottlngeram,
906 4180 975 4235 citur
999 4180 1166 4254 sacudatir',
1194 4181 1232 4236 ita
1257 4182 1385 4253 primatus
1407 4180 1479 4237 ient
1498 4199 1574 4257 apes
1640 4180 1641 4191 ¹

192 4304 256 4361 pag.
276 4285 344 4343 459.
906 4292 1018 4343 vocatur
1037 4288 1220 4361 epueopatur.

258 4390 318 4465 ¹⁰³)
340 4388 444 4448 Similia
465 4389 593 4447 habentur
611 4392 637 4448 in
651 4391 769 4447 eiusdem
790 4406 858 4447 mar·
969 4392 1028 4468 ¹⁰⁹)
1050 4392 1129 4467 hpnd
1149 4391 1255 4465 mim,
1276 4391 1306 4448 t.
1322 4391 1356 4450 V·
1376 4408 1440 4466 pag.
1454 4392 1523 4449 458.

195 4498 262 4571 tyris
282 4497 339 4553 vita
360 4493 430 4569 apud
450 4495 653 4569 llataplnasten.
970 4498 1028 4573 ¹¹⁰)
1049 4498 1107 4555 Non
1127 4499 1208 4570 igitur
1237 4497 1436 4556 eedmiasticac
1463 4499 1573 4556 ordine·
1640 4500 1641 4511 ¹

259 4602 318 4678 ΙΝ)
340 4600 512 4659 latiniano.
531 4601 552 4659 l.
573 4603 701 4661 adversus
721 4602 857 4659 leonocla-
906 4604 1003 4677 tionis,
1030 4605 1078 4661 sed
1104 4604 1181 4677 plane
1207 4604 1314 4661 divinae
1334 4620 1366 4660 ea
1387 4611 1431 4661 est
1448 4620 1570 4678 sumena

194 4715 266 4785 rur,
288 4726 345 4786 cap.
359 4708 442 4766 XXV.
906 4711 1061 4784 auctentum,
1082 4727 1133 4783 qna
1147 4711 1218 4767 Petri
1231 4726 1404 4767 soccessores
1425 4713 1570 4784 potiuntur.

260 4816 321 4892 ¹⁰⁸)
340 4815 426 4888 Epist.
446 4813 481 4869 ad
501 4813 625 4870 Manem.
970 4815 1029 4889 ¹¹¹)
1050 4814 1128 4888 Apud
1147 4815 1253 4891 labbe,
1274 4816 1305 4873 Τ.
1321 4816 1366 4873 lx.
1386 4832 1451 4890 pag.
1464 4816 1533 4874 226.
1640 4808 1641 4815 '

261 4921 320 4995 ¹⁰⁸)
360 4920 401 4976 ct.
433 4919 571 4993 Leqnienii
603 4918 755 4991 Panopliam
795 4932 855 4975 oon.
968 4921 1030 4998 ¹¹²)
1040 4920 1127 4994 Epist.
1141 4923 1187 4979 Ν.
1201 4924 1236 4979 ad
1248 4923 1383 4994 Faustum
1403 4939 1472 4995 quae
1485 4923 1569 4983 Gun-

196 5025 310 5082 echirma
331 5023 504 5101 Graecorum,
525 5043 584 5100 cap.
596 5024 641 5084 111,
662 5023 707 5097 85.
723 5023 744 5080 l·
756 5038 831 5095 seqq.
904 5028 1046 5085 meritorii
1064 5044 1171 5103 qaoque
1190 5029 1294 5088 titulum
1313 5029 1439 5104 praelert.
