3300 5402
156 378 218 439 380
646 375 777 440 utsutt
816 372 1054 443 SECUNDUS

155 546 321 627 meritoque
342 545 497 627 opponitur
516 543 589 625 boc,
623 546 713 609 verba
739 545 943 626 institutionis,
975 543 1073 609 blattb
1096 544 1206 625 XXVI,
1233 544 1323 610 blanc
1356 546 1440 628 XIV,
1470 545 1542 609 Lac.

153 654 243 734 XXII,
264 653 286 716 I.
309 653 375 716 Cor.
394 654 429 716 X.
450 664 480 716 et
499 653 548 716 XI.
572 676 642 717 esse
660 662 817 734 propriam
837 658 930 719 iuius
952 654 1078 719 ortiouii
1095 656 1213 732 sedem,
1235 657 1265 718 in
1287 674 1345 737 qun
1365 658 1392 719 is
1413 675 1453 719 ex
1473 673 1542 737 pro-

154 764 235 827 sesso
255 770 402 826 tractatur.
446 763 527 845 Ergo
557 763 648 827 verba
674 765 788 828 articuli
808 767 891 829 istius
913 765 1111 829 substantialia
1132 758 1216 829 sorni
1245 763 1337 846 ῥητὸν
1364 770 1395 827 et
1420 766 1541 846 proprie

156 881 223 937 sunt
244 872 447 955 occipiendn.“

260 970 351 1046 Porro
370 983 450 1065 quod
471 985 501 1046 in
516 985 717 1047 controversia
740 984 777 1048 de
797 985 962 1066 praesentia
983 983 1056 1047 reali
1070 982 1212 1063 GlossIus,
1234 982 1439 1065 lutheranique
1460 984 1540 1047 testi

156 1093 261 1156 moniis
280 1092 449 1156 adscribunt
468 1111 545 1175 quae
557 1078 767 1157 “trohannus
782 1095 990 1157 institutionem
1011 1092 1159 1174 tolerunt,
1180 1091 1208 1155 id
1231 1112 1248 1155 a
1269 1091 1354 1155 nobis
1374 1094 1405 1154 ln
1426 1091 1485 1155 bsc
1505 1092 1542 1155 de

155 1203 280 1283 primun
301 1201 511 1284 disceptatione
526 1206 561 1267 iis
582 1203 722 1267 tibuatur
742 1210 865 1284 oportet,
887 1222 963 1285 quae
983 1202 1081 1266 blattb.
1102 1202 1177 1264 XVI.
1205 1206 1335 1279 lii-20,
1358 1200 1429 1264 Luc.
1451 1201 1541 1265 XXII.

157 1316 290 1392 31-33,
312 1320 342 1375 et
355 1312 421 1375 lob.
436 1312 512 1376 XXI.
531 1318 660 1375 tn-ts.
683 1321 845 1375 armantur.
889 1313 968 1376 Siout
991 1314 1070 1376 enim
1089 1312 1138 1376 illa
1157 1311 1247 1375 sedes
1268 1319 1336 1374 sunt
1350 1310 1544 1375 domicilium·

156 1437 215 1502 que
237 1419 388 1484 docuisse
411 1421 448 1484 de
471 1423 593 1485 veritate
614 1423 746 1505 corporis
768 1421 873 1485 Christi
895 1424 925 1485 in
946 1421 1143 1501 Eucharistia,
1171 1424 1209 1485 ita
1232 1421 1308 1484 boec
1328 1421 1419 1486 sedes
1450 1421 1543 1485 domi·

156 1528 313 1612 effluamus
335 1532 483 1595 aestimari
505 1531 615 1595 debent
634 1530 711 1594 illins
731 1530 813 1611 lidei,
845 1549 902 1613 qua
923 1531 1000 1594 Petri
1019 1533 1174 1613 pumatum
1203 1529 1382 1612 profitemur.
1426 1530 1459 1593 ln
1486 1550 1545 1613 quo

156 1656 229 1702 saue
250 1637 356 1703 iudicio
379 1638 493 1720 tripIIsi
514 1661 607 1720 eoque
627 1646 790 1720 perspicuo
809 1647 931 1704 criterio
950 1640 1167 1704 confirmamur.

264 1756 313 1812 45.
355 1749 392 1812 Εῑ
411 1756 535 1813 criterio
555 1751 680 1831 primum
703 1758 830 1832 atomo,
852 1751 931 1834 quod
951 1770 1002 1815 res
1016 1751 1236 1833 investigationi
1257 1749 1400 1831 subiecta,
1422 1752 1545 1833 ipsaque

157 1865 287 1922 urinum
308 1860 383 1922 ratio
405 1878 458 1923 sua
481 1844 586 1942 sponte
602 1858 794 1940 suppeditant.
836 1858 881 1924 De
896 1859 989 1947 sacto
1009 1862 1086 1924 enlm
1110 1862 1259 1941 quaeritur
1280 1859 1392 1941 deinc,
1415 1877 1474 1941 quo
1495 1861 1546 1923 uui

157 1986 227 2048 pree
244 1967 379 2031 omnibus
393 1968 478 2032 Petro
494 1970 620 2032 eximiae
634 1971 857 2051 praerogativae
877 1970 999 2033 collatae
1014 1969 1130 2049 luerint,
1147 1977 1177 2032 et
1190 1971 1366 2049 προστασία
1381 1971 1411 2032 in
1428 1978 1547 2033 ceteros

157 2078 276 2140 omuino
293 2095 398 2141 omues
412 2077 555 2142 attribuis.
597 2077 687 2160 Atqui
701 2078 730 2140 id
744 2080 948 2161 quaestionum
963 2096 1067 2160 genus,
1083 2080 1108 2142 si
1120 2078 1316 2142 disimendum
1327 2086 1543 2143 instrumentis

159 2188 344 2267 suscipiatur,
368 2206 407 2249 ex
428 2187 463 2250 iir
484 2188 659 2251 testimoniis
677 2208 734 2267 per
752 2209 788 2250 ss
807 2187 924 2269 pendet,
947 2209 1027 2268 quos
1037 2195 1256 2267 promissiones
1276 2188 1430 2274 referunt,
1452 2187 1546 2252 coilo·

159 2302 332 2376 tioneanue
352 2304 592 2376 rermoesentont.
636 2296 817 2378 Quamquam
845 2298 934 2379 igitur
960 2296 1069 2360 nullum
1091 2297 1310 2362 adhibuerimus
1335 2299 1545 2375 testimonium,

159 2405 238 2486 quod
250 2405 414 2487 probationi
436 2405 627 2487 meinradus,
649 2406 852 2489 expoliendis,
874 2406 1071 2487 illustrandae,
1094 2407 1370 2490 confirmandaeque
1391 2424 1452 2470 non
1473 2425 1545 2470 cou-

158 2514 295 2596 duoeret3
318 2516 395 2578 inter
417 2535 452 2578 en
473 2523 573 2579 tamen
594 2515 742 2580 excellunt
762 2534 798 2578 ae
819 2514 966 2598 fastigium
988 2535 1079 2599 prope
1102 2524 1262 2599 occupant,
1293 2535 1370 2599 quae
1397 2518 1545 2598 promissa
1626 2594 1627 2619 ,

157 2642 320 2706 eorumque
357 2626 586 2706 praestationem
624 2626 863 2708 complectuntur.
925 2625 1076 2690 Eiusmodi
1107 2634 1205 2689 antem
1235 2633 1303 2688 sunt
1339 2644 1415 2708 quae
1451 2644 1547 2707 nuper

158 2735 397 2814 memoravimus,
421 2738 500 2799 etin
522 2735 626 2817 quibus
648 2735 719 2800 nibil
733 2735 889 2799 admodum
910 2735 1074 2816 desideres,
1094 2755 1153 2818 quo
1176 2737 1293 2799 Petrum
1314 2737 1428 2798 eximiis
1449 2735 1544 2798 bone·

158 2850 263 2907 statum
282 2845 535 2925 promissionibus,
557 2864 592 2907 ac
613 2846 648 2907 iis
668 2844 777 2908 deinde
796 2853 914 2920 auctum
935 2845 1200 2928 locupletatamque
1224 2862 1399 2927 cognoscas.

266 2952 351 3027 Quod
365 2950 464 3016 altero
479 2973 573 3032 eoquo
594 2961 723 3017 eorterm
734 2962 861 3018 criterIo
874 2972 933 3017 non
948 2956 1044 3019 miuus
1058 2955 1223 3018 luculenter
1242 2954 1389 3018 suadetur.
1431 2954 1546 3018 Evolve

160 3063 239 3126 enim
253 3071 366 3145 patrum
381 3066 409 3097 ⁸⁴
433 3062 583 3144 opuscula,
605 3082 692 3127 versu
713 3064 893 3148 synodorum
909 3069 936 3098 ⁸⁵
959 3072 1054 3147 gesta,
1076 3072 1107 3128 et
1120 3064 1231 3127 litteras
1252 3065 1500 3146 auctoritatesque
1514 3067 1542 3098 '⁶

160 3178 291 3235 veterum
313 3190 503 3236 romanorum
523 3168 691 3254 praesularis
711 3174 883 3238 considera:
907 3175 977 3257 quid
997 3173 1141 3255 estquod
1162 3172 1257 3236 ubivis
1277 3175 1434 3254 repetitum
1455 3174 1545 3258 logis,

159 3281 296 3364 quodque
315 3281 550 3346 crebriusaudis
572 3282 774 3348 inculcatumi
795 3284 873 3348 istud
892 3284 1043 3366 prolecto,
1069 3283 1146 3346 Petri
1165 3281 1287 3362 decora,
1317 3300 1544 3367 supremamque

159 3392 361 3455 anctoritatem
390 3393 426 3454 iis
457 3392 639 3472 potissimum
669 3401 806 3458 constare
832 3395 1023 3473 ιοιιίιιιοιιὶἰο,
1059 3409 1135 3472 quse
1165 3411 1203 3454 ex
1230 3392 1320 3454 tribus
1354 3392 1545 3474 evangelistIs

226 3618 271 3693 ⁸⁴)
313 3617 466 3675 Tertullioni
501 3632 561 3674 oon.
595 3618 675 3675 llarc.
709 3619 755 3675 lib.
783 3618 828 3675 tv.
879 3618 946 3675 sime
972 3618 1128 3692 complexus
1155 3625 1197 3675 est
1220 3616 1374 3691 alphonsus
1394 3619 1543 3676 Xusrsrelli

165 3742 223 3799 cop.
244 3725 320 3800 XIII,
352 3725 386 3781 de
412 3723 582 3796 Praescriptt
610 3741 669 3797 cap.
691 3724 767 3798 XXI,
796 3725 830 3781 de
881 3726 906 3782 in
926 3741 1023 3800 opere,
1050 3724 1094 3783 lis
1114 3726 1280 3781 micturitule
1305 3722 1423 3781 sommi
1447 3725 1543 3782 Ponti·

159 3832 270 3904 llonog.
292 3849 350 3904 cap.
365 3830 443 3904 Vlll,
464 3831 604 3903 Scorpius.
625 3847 683 3903 cup.
701 3830 741 3907 X3
768 3831 831 3905 llip·
877 3834 940 3904 ficis
959 3836 991 3889 io
1010 3830 1144 3890 Consiliis
1165 3829 1353 3888 (lemmatibus.

161 3937 247 4010 polyti
268 3938 295 3994 in
316 3953 339 3993 s.
361 3935 514 4009 Theopban.
535 3952 562 3991 ιι.
577 3934 629 4011 ΙΧ,
657 3935 781 4008 Origenis
802 3938 829 3993 in

161 4042 249 4100 Esod.
270 4043 343 4098 bons.
358 4041 379 4097 l.
400 4059 426 4098 ιι.
442 4043 470 4115 4,
493 4042 618 4114 Ορριίιιιὶ
639 4042 718 4115 epist.
739 4042 829 4117 LXXI,
943 4046 986 4116 ⁸¹⁵)
1007 4043 1121 4099 Litteras
1143 4057 1311 4098 romanorum
1325 4041 1477 4115 praesulum
1491 4039 1544 4098 dici

162 4148 256 4203 llilarii
291 4148 466 4220 pictaviensis
494 4148 519 4203 iu
548 4147 639 4203 llnttb.
674 4164 731 4221 cap.
758 4149 828 4205 XVI.
880 4153 1061 4208 auctoritates
1075 4149 1259 4221 consuevisse,
1275 4149 1441 4204 demonstrat
1453 4148 1545 4204 Petrus

161 4272 188 4310 ιι.
211 4254 244 4327 i,
271 4255 452 4310 Victoriniin
474 4269 569 4310 comm.
591 4254 625 4309 ad
646 4252 829 4330 (dolatili,
881 4256 1050 4312 CoustnntIus
1069 4257 1095 4312 in
1108 4256 1275 4328 praelatione
1296 4269 1347 4326 qua
1368 4252 1472 4309 illorum
1491 4252 1547 4308 odi·

161 4361 303 4434 Epipbeuii
319 4358 500 4416 Haeresle.
516 4358 610 4433 nvtt,
631 4359 730 4417 dacor.
744 4360 830 4435 n.lX;
880 4363 981 4417 tionem
1008 4362 1141 4418 iustruxit.
1195 4360 1236 4416 Ex
1264 4360 1300 4415 iis
1327 4364 1415 4414 autem
1444 4357 1546 4415 consuli

161 4467 302 4541 ltptraemi
333 4467 366 4522 de
398 4467 508 4523 Sacerd.
541 4482 604 4539 pag.
626 4468 653 4521 3.
687 4467 763 4523 Tum.
784 4467 828 4524 lll.
880 4484 944 4540 prae
966 4470 1063 4525 noteris
1084 4467 1184 4525 debent
1204 4464 1334 4539 epistolae
1354 4464 1418 4520 Iulii
1439 4448 1546 4520 sd'Eu·

162 4572 252 4629 basilii
274 4573 309 4629 de
328 4573 437 4628 Iudicio
451 4573 510 4642 liei,
533 4573 657 4628 Prooem.
678 4590 704 4628 ιι.
719 4575 745 4647 i,
767 4575 831 4630 Ann-
879 4572 1007 4629 sebinnos
1028 4590 1054 4629 n.
1071 4573 1126 4648 21,
1146 4574 1255 4630 bamssi
1275 4572 1308 4627 ad
1330 4569 1480 4626 Orieutsles
1499 4568 1545 4625 sd-

164 4679 248 4735 brosii
277 4679 303 4734 ln
331 4677 393 4733 Lac.
429 4679 486 4736 bib.
508 4680 540 4734 X.
572 4695 616 4734 nn.
646 4677 829 4753 lte-ltu,
879 4695 973 4736 versus
993 4678 1207 4753 apollinaristas,
1233 4678 1324 4734 siricii
1346 4677 1380 4732 sd
1400 4676 1544 4732 llimerium
1626 4682 1627 4697 ¹

162 4792 190 4841 et
216 4802 249 4841 ne
276 4786 327 4841 sim
359 4786 473 4856 nimias,
508 4785 623 4842 Zenonis
656 4785 829 4857 veronensis,
880 4786 965 4859 nit),
987 4786 1089 4841 tosini
1104 4786 1138 4843 sd
1152 4785 1300 4841 concilium
1320 4784 1543 4855 cunsgtntenss,

163 4891 256 4947 bibl.
279 4887 739 4948 vrsct.xu1.recummutone.
880 4891 1023 4947 Caelestini
1057 4890 1092 4946 sd
1125 4891 1279 4964 ephesianus
1313 4889 1451 4961 Synodum
1484 4893 1546 4963 post

228 4995 273 5070 ⁸⁵)
304 4996 379 5063 Qune
400 4998 426 5053 in
455 4997 498 5052 bis
524 4997 558 5054 sd
584 5013 641 5054 rem
666 5003 834 5070 praesentem
883 4998 1034 5053 damnatam
1054 4996 1222 5069 Nestorium,
1246 5001 1274 5050 et
1292 4994 1390 5052 boonis
1411 4996 1491 5068 epist.
1511 4994 1544 5051 t.

166 5102 315 5175 spectantis
337 5103 519 5176 contineatur,
547 5105 664 5162 omniurn
685 5103 835 5176 diIIgentis·
884 5118 943 5174 oap.
956 5101 989 5159 11.
1010 5102 1076 5159 edit
1097 5100 1307 5163 balleriniorum,
