3300 5402
664 325 808 395 CAPUT
848 326 873 389 l.
1394 328 1456 388 tib

95 496 228 559 onomate
251 494 334 559 tuere
358 495 479 578 reliquis
505 496 683 579 insigniora,
715 497 841 579 postulat
866 495 1034 561 tarnim*
1067 494 1263 573 reladonaea,
1296 493 1400 578 quibus
1425 496 1455 558 in

92 605 242 669 maioribus
266 605 334 668 fidei
360 608 472 669 caussis
501 614 531 669 et
559 607 595 669 ad
621 608 758 670 unitatem
788 607 959 671 catholicam
986 605 1198 689 pertinentibus
1219 606 1296 669 Petri
1320 604 1457 668 cathedra

89 712 158 777 adini
185 715 353 795 mesdavit,
381 715 507 796 postulat
532 713 701 779 teimau
728 715 977 796 appellationum,
1006 734 1126 798 quarum
1154 730 1277 779 numero
1305 715 1457 798 plurimae,

90 840 201 905 eaeque
225 823 470 888 iucdendssimae
492 833 636 908 prostant,
667 825 793 907 postulat
812 824 941 889 bistmio
954 829 983 860 ⁸⁸
1005 823 1232 888 ecclesiastieae
1259 822 1457 904 macram,

87 949 244 1014 munique
271 936 391 1012 iuriam,
420 934 524 1016 ouibus
551 935 659 1023 aliquot
686 954 757 1017 prae
783 936 904 1017 reliquiis
926 934 1109 1016 episcopales
1134 934 1222 998 sedes
1244 934 1458 1013 excelluerunt,

83 1042 207 1122 poetulat
226 1040 355 1105 aaaron
367 1047 395 1077 ³⁴
415 1052 603 1128 pompeiae
622 1042 721 1106 abicis
743 1043 930 1109 christianae
950 1043 1120 1128 tetimonio,
1141 1044 1266 1127 postulat
1286 1042 1456 1105 bisterta⁸⁵

85 1168 188 1213 eonem
207 1159 379 1236 aipooraem
409 1154 514 1235 qeribas
543 1153 685 1217 catholica
707 1157 800 1219 unius
827 1155 1004 1219 formabatur
1031 1161 1118 1236 atque
1140 1153 1305 1234 constabat,
1332 1152 1458 1234 postulat

83 1258 209 1327 onmia
228 1259 417 1326 comitianae
430 1266 458 1297 ³⁸
481 1262 727 1349 uremeoloptae,
759 1266 992 1346 inscriptionum,
1021 1265 1213 1345 picturamm,
1232 1270 1458 1344 ceterorumque

84 1373 344 1451 monimentorum
370 1372 496 1452 postulat
514 1371 643 1436 distorte
657 1378 684 1408 ³⁷
708 1383 944 1454 imperatorum,
965 1380 1009 1451 et,
1031 1390 1070 1434 ne
1090 1373 1200 1435 infinita
1218 1373 1255 1434 sit
1276 1373 1383 1452 oratio,
1406 1388 1459 1453 po·

147 1655 192 1729 ³¹)
214 1654 249 1709 Ut
270 1654 339 1709 enim
354 1653 449 1708 Avitus
470 1654 651 1710 viennensium
672 1672 749 1727 prae·
798 1656 938 1710 stituerunt
957 1670 1010 1709 non
1031 1660 1156 1728 oportere
1176 1652 1297 1725 dissolvi,
1319 1653 1392 1707 cuius
1410 1668 1459 1725 po-

87 1761 124 1815 sui
151 1763 231 1834 epist.
247 1758 367 1815 XXXVI.
394 1761 508 1814 monuit:
550 1761 748 1833 „synodalibus
798 1761 850 1815 tius
872 1760 977 1816 decreta
1004 1760 1137 1832 sequenda
1164 1756 1347 1813 mandarunt.“
1386 1758 1460 1824 Quae

87 1867 190 1937 legibus
220 1871 324 1920 cautum
348 1871 404 1937 est,
433 1871 461 1920 ut
482 1867 508 1920 in
529 1866 608 1921 rebus
629 1883 695 1939 quae
715 1866 748 1921 ad
798 1867 894 1921 deinde
909 1868 935 1922 io
949 1882 1057 1922 romana
1071 1865 1176 1937 synodo
1190 1863 1374 1937 pronunciavit
1388 1862 1460 1933 Aga·

89 1974 218 2029 ecclesiae
239 1977 336 2027 statum
356 1973 496 2044 pertinent,
518 1973 541 2026 si
562 1973 624 2044 quid
646 1972 750 2028 dubita·
798 1973 859 2041 tho,
887 1973 920 2029 ad
948 1990 1024 2044 quem
1050 1971 1189 2026 Wiltbidus
1216 1968 1387 2025 eboracensis
1414 1984 1460 2022 an-

89 2081 166 2135 tionis
180 2079 261 2134 luerit
278 2084 409 2149 exortum,
431 2077 462 2132 ad
480 2094 603 2134 romanae
621 2077 749 2133 eeclesiae
799 2082 874 2135 tistes
896 2094 942 2133 sua
963 2079 1026 2133 sede
1048 2077 1138 2150 pulsus
1159 2076 1354 2149 appellaverat:
1382 2073 1460 2147 „Nou

88 2188 236 2241 mocianum
267 2183 453 2254 sacerdotem,
494 2186 568 2254 quasi
600 2185 638 2240 cd
668 2193 750 2257 caput
799 2184 969 2240 mediocriter
989 2183 1121 2238 satisfecit
1141 2182 1308 2238 audientibus
1324 2176 1460 2254 petitionis

85 2300 221 2360 oestrum,
248 2289 368 2345 membro
387 2293 529 2363 seponatis
555 2290 749 2345 recurramus.“
799 2291 899 2363 series,
928 2306 1004 2361 quam
1025 2289 1166 2345 Willridus
1185 2287 1242 2344 lieo
1264 2288 1383 2343 amabilis
1404 2289 1460 2361 epi-

86 2398 183 2454 Eadem
221 2397 320 2452 babent
347 2396 513 2451 innocentius
541 2398 566 2452 io
594 2397 688 2452 litteris
716 2398 749 2454 ad
799 2412 896 2469 scopus
924 2394 1021 2450 obtulit
1044 2397 1070 2451 in
1094 2396 1161 2467 hoc,
1190 2412 1267 2467 quum
1294 2410 1324 2450 se
1351 2395 1460 2466 indigne

87 2504 245 2559 victricium
267 2502 509 2575 rothomagensem,
531 2504 638 2558 africani
660 2511 750 2577 patres
799 2503 832 2557 de
852 2500 997 2573 episcopali
1018 2501 1083 2557 sede
1104 2502 1233 2557 deiectum
1253 2502 1380 2573 ognovit,
1407 2517 1459 2556 noa

89 2611 112 2665 io
133 2608 251 2681 epistola
273 2607 306 2664 ad
325 2606 506 2679 Theodorum,
528 2611 638 2680 quaein
660 2611 749 2665 conci·
799 2582 989 2663 contumaciter
1014 2623 1062 2678 per
1086 2608 1139 2662 vim
1167 2607 1312 2662 secularem
1338 2607 1458 2679 obstitit,

86 2713 122 2769 lio
150 2714 312 2770 lateranensi
339 2714 388 2768 sab
416 2712 529 2769 biartino
549 2716 568 2770 l.
595 2715 663 2770 lecta
691 2716 748 2786 tuit,
798 2715 846 2770 sed
866 2712 998 2768 humiliter
1017 2715 1133 2769 sentiens
1155 2714 1275 2768 moetoris
1287 2713 1375 2769 nostri
1388 2712 1461 2768 beati

12 2794 13 2825 ἶ
88 2827 113 2875 et
131 2818 281 2876 Bernartius
309 2820 335 2874 iu
361 2822 438 2891 epist.
460 2818 535 2876 CXC.
564 2822 597 2876 ed
624 2821 750 2876 iunocen-
798 2821 871 2877 Petri
907 2820 1092 2893 apostolorum
1125 2819 1262 2891 principia
1294 2820 1460 2874 cononicam

88 2928 149 2982 tium
166 2927 199 2982 ll.
225 2940 284 2980 con.
305 2941 410 2981 errores
430 2925 586 2998 Abeelardi,
613 2928 747 2997 inquiens:
798 2929 929 3002 expetivit
954 2926 1119 2994 minoium,-
1147 2930 1175 2979 et
1200 2924 1312 2996 supplici
1339 2929 1460 2996 praesto·

90 3032 219 3104 „Oportet
243 3030 277 3087 ed
303 3038 418 3088 vestrum
445 3032 542 3087 referre
571 3033 746 3105 apostolatum
798 3034 911 3105 latione,
940 3049 1007 3103 quae
1028 3044 1160 3102 supereo
1182 3029 1311 3085 censenda
1332 3035 1404 3103 sunt,
1430 3045 1460 3085 se

89 3139 200 3210 periente
234 3152 351 3208 quaeqae
379 3143 407 3191 et
431 3135 553 3192 scandala
585 3140 747 3210 emergentia
798 3144 978 3211 suscepturum
993 3136 1145 3209 perhibens,
1163 3135 1234 3207 quod
1251 3153 1288 3192 ee
1304 3152 1353 3192 ore
1367 3143 1459 3192 ocare

88 3245 112 3299 in
132 3259 219 3315 regno
240 3243 299 3314 Dei,
324 3258 354 3297 ea
375 3244 531 3313 praesertim
552 3260 618 3314 quae
639 3246 674 3301 de
691 3246 748 3315 tide
797 3246 892 3302 beatae
912 3244 1007 3300 Petrus
1027 3251 1124 3299 auctor
1149 3249 1256 3310 noster,
1284 3242 1357 3295 cuius
1384 3242 1461 3296 reini-

87 3350 262 3422 adingem,
290 3347 398 3418 dignam
430 3364 542 3420 nemque
569 3350 684 3406 arbitror
710 3352 746 3407 ibi
797 3354 880 3408 sterio
900 3351 1041 3421 iungimus,
1062 3349 1225 3422 praeviderit
1243 3345 1439 3404 smtuendamf‘

85 3458 252 3528 potissimum
270 3454 394 3509 resarciri
415 3454 517 3510 Mamas
534 3457 615 3525 tidei,
635 3452 681 3511 ubi
695 3473 747 3512 non
859 3458 905 3529 ³³)
925 3457 965 3511 ct.
986 3455 1056 3511 Petri
1077 3454 1199 3510 Bellerini
1220 3454 1330 3525 librum,
1351 3454 1387 3510 de
1402 3470 1458 3526 po-

82 3563 172 3633 poscit
191 3562 261 3617 lidee
279 3561 379 3615 sentire
394 3560 535 3616 deiectum.
566 3562 638 3618 llaec
651 3564 748 3635 quippe
797 3571 894 3621 testate
912 3562 1115 3630 ecclesiactica,
1135 3576 1194 3633 cap.
1208 3560 1227 3617 Ι.
1250 3559 1295 3633 55.
1309 3559 1419 3615 l-Vl.

85 3667 160 3723 baias
178 3667 378 3740 proeropotieo
397 3666 500 3721 sedis.“
861 3671 906 3742 ³⁴)
938 3668 978 3723 ct.
1005 3668 1194 3739 ilamachiam,
1223 3666 1316 3737 brigg.
1337 3672 1366 3721 et
1385 3665 1461 3723 tnu-

147 3772 195 3845 Η)
222 3771 262 3827 De
288 3772 341 3827 boc
367 3773 438 3843 iure,
466 3772 552 3844 deque
579 3775 657 3830 laetis
685 3775 748 3830 illud
798 3778 874 3849 quitt.
895 3775 991 3830 corat.
1013 3773 1042 3828 T.
1059 3773 1091 3828 ll.

87 3876 324 3951 comprobantibus
345 3879 448 3950 tegetur
469 3878 537 3934 Petri
554 3884 582 3933 et
594 3879 749 3951 Hieronymi
861 3884 906 3955 ³³)
939 3880 1007 3936 Vide
1033 3896 1100 3950 quae
1126 3879 1160 3934 de
1184 3880 1313 3948 immotis
1339 3878 1460 3951 epistolia

85 3983 211 4040 ballerini
240 3984 409 4055 dissertatio,
439 3983 484 4040 lle
507 3984 605 4065 lem
631 3988 694 4043 iure
718 3989 750 4042 ia
799 3988 880 4043 babet
904 3986 1057 4060 alphonsus
1083 3984 1232 4040 Hazzarelli
1258 3986 1284 4039 ia
1311 3998 1394 4056 opere
1420 3985 1460 4039 iu-

85 4107 174 4147 ceaeo
196 4089 340 4146 Cetidoae'i.
374 4088 456 4144 Nobis
476 4097 520 4145 sat
537 4092 590 4146 erit
609 4094 688 4148 verba
709 4094 750 4149 in·
798 4097 908 4167 scripto,
929 4092 974 4148 Ile
992 4093 1157 4147 auctoritate
1177 4089 1253 4147 Roma
1270 4089 1411 4161 Pontificio
1429 4092 1460 4146 in

84 4197 178 4269 primis
199 4196 299 4251 reterre
313 4194 410 4251 Gelasii
425 4211 459 4249 ex
473 4197 551 4266 epist.
567 4198 611 4252 lV.
633 4199 666 4255 ad
683 4200 749 4255 Fau·
800 4199 931 4257 Candide
954 4197 1146 4267 (lemmatibus,
1167 4213 1225 4270 cap.
1238 4197 1271 4252 V.
1292 4196 1319 4268 ς.
1336 4196 1379 4253 ΙΧ.

84 4309 154 4358 stum
175 4301 258 4372 legat.
279 4300 344 4355 CR:
379 4301 454 4373 „lpst
472 4308 534 4358 sunt
552 4320 683 4377 meones,
705 4309 748 4378 qai
860 4304 905 4378 ³⁸)
937 4304 976 4358 Gi.
1003 4303 1189 4375 itamachium,
1221 4303 1270 4375 Op.
1296 4303 1342 4361 cit.
1374 4301 1403 4356 T.
1424 4302 1457 4357 V.

85 4408 279 4481 appellationes
300 4408 382 4463 totius
403 4407 534 4465 ecciesiae
553 4411 587 4465 ad
608 4410 685 4466 buius
705 4426 749 4466 se·
798 4411 867 4466 lert.
882 4408 902 4464 1.
923 4425 982 4481 cap.
997 4409 1028 4464 ll.
1050 4409 1095 4482 53.
1111 4409 1130 4465 l.
1145 4424 1219 4481 seqq.

85 4515 128 4570 dis
148 4529 263 4569 examen
282 4512 392 4569 voluere
412 4514 519 4570 deterri.
552 4514 595 4571 to
610 4516 668 4588 ipsa
682 4531 747 4572 vero
859 4516 904 4589 ³²)
917 4515 1035 4586 [asignia
1049 4522 1110 4571 sunt
1122 4530 1190 4586 qnae
1203 4515 1237 4570 de
1248 4513 1404 4569 &minotio
1418 4530 1460 4570 re-

84 4635 213 4692 nusquam
240 4634 348 4690 prorsus
375 4620 500 4691 appellari
527 4621 626 4677 debere
653 4637 749 4677 sanae·
797 4623 849 4678 tert
859 4622 1013 4678 Ammianus
1023 4621 1189 4677 ltarcediuus
1201 4619 1248 4675 lib.
1259 4619 1317 4675 XV.
1330 4634 1389 4693 cap.
1400 4620 1457 4691 Vll,

84 4733 161 4799 ruat,
189 4742 219 4782 ac
239 4742 288 4797 per
312 4725 364 4780 boc
391 4726 462 4781 illam
490 4726 523 4781 de
550 4733 605 4782 tota
633 4728 746 4783 ecclesia
797 4744 917 4800 quaeqae
944 4733 1072 4784 testentur
1097 4726 1244 4782 Marcianus
1271 4726 1300 4781 ia·
1325 4726 1404 4798 epist
1425 4727 1458 4781 ed

84 4831 218 4904 iudicare,
247 4832 332 4903 ipsam
351 4833 386 4886 ed
408 4832 506 4888 uallies
533 4848 683 4888 commeare
707 4835 747 4889 iu·
796 4834 920 4907 monem,
941 4850 1009 4905 qaae
1023 4833 1145 4887 estinter
1158 4830 1289 4887 Leonidas
1303 4831 1361 4904 CX,
1383 4831 1455 4887 Galla

83 4937 195 5009 dicium,
215 4952 264 4992 nec
283 4936 317 4992 de
337 4938 393 4993 airis
414 4952 535 5008 amquam
556 4947 748 5012 praeceperunt
795 4941 911 4997 Placidi·
939 4940 1009 5013 apud
1022 4937 1212 5009 detulerim,
1244 4935 1314 4992 'bb
1341 4936 1456 4992 Bonum

80 5024 183 5101 ousiae
207 5042 336 5115 neam,
362 5045 571 5116 annonamque
590 5047 664 5103 uuus
682 5062 749 5104 ean-
795 5047 898 5105 osaea
919 5047 1012 5102 oneo
1038 5060 1100 5116 m.
1122 5042 1176 5114 oo,
1203 5040 1367 5097 ommino·
1387 5039 1456 5095 aov.
