3266 5416
224 165 264 224 ii
739 161 869 227 brabit
909 159 1075 227 PRIMUS

223 327 368 393 Zebedaei
396 329 580 414 boanerges,
608 330 698 413 idest,
726 332 843 395 mnitrni
870 330 945 394 lilios
971 328 1248 413 cognominavit⁸·3
1274 329 1305 392 id
1324 336 1498 411 argnmemo
1516 337 1566 403 ent

222 440 315 521 ipsum
336 439 416 503 illum
438 458 522 522 esse,
543 461 561 504 a
583 459 641 524 quo
661 441 789 506 lacobus
810 440 942 522 Israelis,
963 438 1061 503 Auses
1081 438 1153 502 lesu
1173 440 1291 502 nomme
1313 447 1437 502 vocatus
1458 445 1513 515 eet,
1534 457 1568 519 pe
1611 479 1612 484 κ

223 548 302 630 qnod
322 567 430 612 nomen
452 552 539 614 etiarn
566 553 596 614 in
624 559 702 615 terra
722 549 892 633 pauimenta
919 549 1063 631 promissa
1082 547 1261 612 mnndnctns
1283 555 1328 612 est
1348 548 1474 631 populns
1493 567 1527 610 err
1540 547 1571 610 liu
1611 529 1612 532 ¹

224 667 382 741 superstes,
405 661 453 741 qui
475 679 514 724 ex
526 659 663 743 Aegypto
682 659 804 741 proiecti
825 660 921 723 sunt.“
963 659 1014 723 Cui
1035 658 1279 722 animadversioni
1292 658 1340 721 bin
1357 657 1569 721 sarbestseustu:
1611 741 1612 748 ἵ

221 786 310 831 unum
331 769 526 851 eumdemque
547 788 615 833 esse
632 769 687 833 Dei
700 770 821 852 Λόγον,
843 769 892 851 qui
912 770 941 831 ln
962 786 1051 832 carne
1072 768 1210 850 apparuit,
1232 769 1281 849 qui
1301 766 1476 849 patriarcb'u
1496 767 1570 843 edint

222 898 258 942 ac
285 886 418 943 aeterum
442 879 628 961 οἰκονομίαν
657 878 863 942 admInistrevit
876 880 924 959 '⁹3
952 876 1019 940 inde
1046 880 1132 939 etlam
1155 876 1297 959 colligere
1324 877 1411 957 licet,
1441 876 1515 959 quod
1531 895 1571 938 non

223 990 319 1051 minus
342 990 372 1051 in
394 988 485 1052 altera
507 1006 594 1070 quam
616 989 645 1051 in
666 987 713 1051 illa
734 989 832 1070 priore
857 1005 959 1050 eorum
980 987 1096 1049 nomina
1120 988 1287 1066 mutaverit,
1308 1004 1385 1067 quos
1409 986 1573 1067 apprimeia
1611 963 1612 1040 I

223 1099 341 1181 signes,
370 1106 594 1179 ceterorumque
622 1099 714 1181 capita
743 1116 778 1160 ac
799 1097 890 1160 duces
903 1100 930 1130 ⁴⁸
954 1115 1021 1160 esse
1050 1095 1189 1159 decrevit.
1230 1094 1345 1158 Nomen
1374 1113 1452 1177 ergo
1474 1094 1574 1176 Cepbne,

222 1207 300 1289 quod
329 1208 458 1272 Christus
486 1207 597 1273 Simoni
627 1207 759 1289 promisit
772 1209 819 1287 ⁴¹,
854 1207 991 1270 indicium
1019 1214 1106 1287 atque
1133 1212 1336 1286 argumentum
1364 1206 1485 1269 censeri
1509 1203 1574 1268 debet
1609 1205 1610 1208 ’

222 1334 312 1398 quum
333 1318 462 1398 virtutis,
483 1316 668 1398 supremique
690 1315 828 1397 dominii,
851 1334 908 1398 quo
930 1316 992 1397 ipse
1015 1315 1144 1379 Christus
1164 1314 1281 1397 gaudet,
1302 1322 1362 1377 tum
1386 1315 1531 1397 dignitatis
1545 1321 1574 1375 at

223 1445 281 1507 que
301 1426 510 1507 excellentiae,
532 1426 568 1489 ed
591 1444 677 1507 quam
698 1444 786 1489 unum
810 1444 881 1508 prae
903 1427 1010 1490 ceterIs
1029 1426 1178 1491 Simonem
1201 1426 1362 1489 destinavit

331 1567 377 1623 lt.
421 1562 508 1624 enm
536 1561 692 1643 singularis
721 1563 915 1643 praestantiae
935 1563 980 1624 vis
1001 1568 1088 1643 atque
1108 1562 1183 1625 ratio
1203 1560 1338 1641 liquidius
1357 1562 1537 1635 innotescet,
1558 1558 1575 1617 a?

221 1678 341 1750 quarto,
363 1679 571 1753 postremoque
591 1670 659 1733 loco
677 1669 929 1749 animadvertatur,
952 1669 1070 1752 Cephae
1091 1677 1178 1752 atque
1196 1677 1306 1750 petrae
1328 1670 1545 1752 appellationem
1555 1668 1574 1697 ⁴²

221 1798 281 1843 non
309 1780 437 1843 ultimam
466 1800 505 1843 ear
529 1780 564 1842 iis
593 1797 679 1858 esse,
708 1779 811 1861 quibus
841 1781 957 1861 propria
978 1780 1082 1843 Christi
1104 1789 1273 1844 ornamenta
1293 1782 1323 1843 in
1345 1779 1503 1862 Scripturis
1524 1775 1576 1840 elie

219 1897 330 1952 runtur.
359 1889 422 1953 lluc
443 1907 514 1954 sane
528 1889 674 1970 pertinent
686 1887 778 1951 verba
791 1906 884 1970 penes
898 1887 1002 1951 lsaiana
1016 1891 1056 1970 ⁴³,
1079 1907 1154 1970 quae
1169 1890 1206 1954 de
1220 1889 1334 1953 Christo
1348 1889 1455 1954 Petrus
1469 1890 1546 1951 etiem
1555 1890 1572 1918 ¹⁴

224 2018 260 2062 ac
288 1999 392 2063 Paulus
407 2003 434 2034 ⁴⁵
464 1999 621 2080 accipiunt:
664 1997 797 2077 „Idcirco
818 1998 892 2061 haee
918 1997 987 2061 dicit
1007 1997 1146 2061 Dominus
1166 1999 1261 2063 Deus:
1303 1999 1382 2063 Ecce
1407 2015 1468 2081 ego
1488 1997 1573 2058 mitten

220 2107 466 2172 intinndamentIs
486 2108 557 2173 Sion
578 2106 717 2189 lapidem,
740 2107 864 2189 lapidem
883 2108 1050 2191 probatum,
1073 2109 1259 2191 angularem,
1280 2109 1461 2190 pretiosum,
1482 2108 1510 2169 in
1528 2104 1575 2166 lue

286 2345 332 2420 ³⁸)
358 2345 407 2401 ilie
427 2344 512 2401 reielli
532 2344 636 2401 videtur
655 2344 726 2418 quod
747 2344 888 2403 affirmavi·
934 2348 1053 2421 alicuius,
1074 2363 1141 2420 quae
1160 2348 1186 2404 in
1207 2346 1340 2403 Zebedaei
1359 2347 1425 2404 dliis
1444 2344 1575 2415 mulgeret

222 2466 289 2525 mus,
313 2453 356 2509 uni
371 2450 475 2509 Simoni
495 2465 591 2507 novum
613 2466 708 2507 nomen
727 2453 885 2524 promissum
934 2471 1012 2527 mam
1031 2454 1146 2510 nominis
1166 2455 1302 2526 impositio
1322 2453 1428 2509 censeri
1448 2451 1543 2509 debeat

223 2575 238 2613 n
260 2557 366 2615 Christo
387 2558 471 2613 irrisae
492 2563 570 2629 atque
590 2557 722 2631 collatum,
744 2574 823 2631 quum
843 2575 885 2614 re·
995 2559 1041 2635 ³⁹)
1060 2560 1119 2616 lion
1139 2559 1263 2616 dissimili
1283 2559 1414 2616 inserendi
1434 2559 1575 2615 moenere

219 2664 319 2720 ierente
339 2664 429 2720 nureo
450 2680 509 2736 cup.
524 2663 567 2719 lll.
585 2662 630 2720 ll.
652 2662 787 2719 Zebedaei
815 2664 884 2721 lilios
933 2666 983 2720 teri
1003 2671 1107 2721 utuntur
1126 2665 1232 2739 Patres,
1254 2665 1386 2738 irenaeus,
1410 2663 1574 2722 Tertullianus

219 2769 350 2826 dacobum
370 2774 398 2824 et
415 2769 562 2825 Iohannem
582 2765 739 2845 βοανεργές,
766 2757 882 2837 demur,
933 2769 1080 2843 Origenes,
1110 2775 1138 2825 ut
1164 2787 1242 2826 unum
1272 2770 1449 2845 eumdemque
1478 2764 1574 2826 scudem

218 2874 270 2932 etot
303 2870 439 2951 βρθπῆς,
478 2876 591 2948 ipsemet
623 2874 729 2931 dixerit
784 2874 882 2931 Verum
932 2877 1066 2949 utriusque
1087 2881 1232 2950 auctorem,
1253 2876 1481 2951 mediatoremque
1500 2872 1574 2929 adac-

218 2982 239 3037 l.
260 2998 338 3054 quun
359 2981 492 3038 Zebedaei
514 2981 559 3038 lilii
584 2980 668 3037 cernel
687 2987 790 3036 tuntum
815 2976 882 3057 βοα-
932 2998 977 3038 sus
997 2983 1179 3054 gnosticorum
1200 2982 1291 3038 deliria
1312 2987 1525 3040 commonstrent

218 3085 307 3164 νοργὲς
326 3088 502 3162 appelleutnr3
526 3087 620 3143 Simon
640 3093 732 3143 contra
752 3101 806 3142 non
828 3086 882 3141 alio
995 3104 1039 3179 ιο)
1071 3104 1101 3162 qd
1131 3107 1200 3161 ,nim
1230 3107 1351 3180 exempl,
1381 3107 1498 3179 ,mmm
1523 3113 1576 3173 qm

220 3194 304 3250 ferme
324 3195 431 3250 nomine
452 3209 529 3266 mam
545 3192 615 3249 Petri
635 3198 806 3265 nuncupatur.
839 3191 883 3248 Ad
932 3212 1050 3269 puppim,
1071 3210 1187 3267 ,ἀνύω

218 3299 285 3355 baec
304 3299 336 3355 ll.
353 3300 495 3372 appellatio
513 3294 656 3375 βοανοργὲς
669 3315 754 3370 neque
769 3298 884 3355 auctori·

108 3480 112 3489 .
221 3410 302 3460 tatem
333 3406 466 3477 praefert,
496 3420 581 3477 neque
612 3404 645 3460 ad
674 3404 883 3460 ecclesiasticam

221 3510 475 3566 administrationem
489 3510 616 3584 retertur,
635 3508 704 3565 Petri
725 3515 813 3566 eutem
833 3524 882 3565 no·

219 3631 278 3671 men
293 3621 319 3671 et
331 3622 432 3671 tessera
451 3621 493 3671 est
512 3616 663 3690 potestatis,
685 3617 881 3672 auctoritatem·

217 3738 268 3795 que
289 3719 412 3792 designat
432 3722 458 3776 ln
479 3721 591 3777 ecclesia
612 3722 761 3795 potiorem,
790 3738 881 3793 qnem-

217 3826 359 3883 admodum
387 3826 429 3882 vel
456 3843 506 3882 una
535 3827 689 3899 metaphora
720 3827 881 3883 fundamenti

216 3949 280 4006 prae
311 3932 423 3988 ecclesia
454 3931 538 3986 instar
569 3933 677 4006 templi,
712 3933 881 4005 civitatisque

216 4038 384 4095 considerata
407 4037 542 4110 pateiucit.
590 4037 682 4110 ltaque
701 4037 746 4094 lll.
767 4037 819 4093 hoc
839 4037 881 4094 di·

216 4152 271 4202 stat
299 4160 396 4201 nomen
426 4140 568 4221 βοανοογὲς
598 4143 632 4199 de
658 4142 719 4198 liliis
747 4142 879 4200 Zebedaei

216 4250 298 4307 semel
324 4250 469 4306 adhibitum
495 4249 528 4304 ab
550 4248 727 4322 appellatione
746 4247 816 4304 Petri
836 4249 879 4304 Si·

218 4358 289 4412 moni
310 4354 402 4428 indite,
424 4355 495 4427 quod
516 4354 581 4410 haec
601 4357 684 4411 iustar
702 4355 811 4428 proprii
831 4370 879 4410 no-
927 4323 999 4394 Μ’

217 4463 294 4520 niuis
308 4461 394 4533 inerit,
415 4461 479 4517 illud
493 4474 545 4517 non
559 4462 638 4536 item3
657 4461 725 4516 baec
745 4462 878 4533 potiorem

217 4569 350 4641 elgniflcet
369 4566 396 4622 ln
414 4567 526 4623 ecelesia
547 4566 663 4639 regenda
684 4568 877 4638 auctoritatem,
990 4549 1034 4621 ⁴⁴)
1054 4548 1087 4603 Π·
1102 4546 1170 4603 Petr.
1189 4547 1221 4603 Π·
1242 4546 1270 4602 4·
1290 4562 1363 4619 seqq.

217 4674 281 4731 nibil
308 4688 373 4730 rere
400 4672 531 4730 eiusmodi
551 4687 585 4728 eo
604 4673 710 4728 nomine
734 4672 878 4747 indicetur,
989 4671 1033 4746 ⁴⁵)
1055 4670 1131 4726 Rom.
1152 4669 1196 4726 lli.
1218 4667 1353 4733 32-332,
1370 4668 1415 4724 ubi
1436 4667 1487 4723 duo
1505 4648 1570 4716 sicot¹

218 4780 288 4854 quud
301 4781 368 4835 baec
380 4794 443 4834 aere
458 4778 577 4836 extiterit
594 4779 709 4836 nominis
730 4779 877 4855 impositio,
927 4778 1077 4834 testimonia
1106 4776 1310 4848 coniunguntur,
1335 4774 1370 4830 ls.
1390 4772 1459 4830 Vlli.
1481 4766 1526 4836 ll,
1548 4759 1569 4811 tl

200 4888 282 4947 Illud
304 4891 391 4945 aulem
411 4886 589 4944 manifestatio
606 4888 695 4960 potius
707 4886 878 4962 proprietatis
927 4881 1046 4941 xxvlu.
1069 4878 1113 4937 16.

994 3333 1038 3408 ⁴¹)
1059 3334 1106 3390 Cui
1125 3333 1290 3391 conclusioni
1307 3333 1354 3389 vix
1367 3332 1476 3407 aliquod
1495 3326 1575 3386 inesset

931 3441 1027 3515 robur,
1058 3440 1083 3496 si
1107 3440 1178 3514 quod
1203 3439 1321 3495 Christus
1346 3441 1491 3511 praestitit,
1519 3428 1574 3489 nub

931 3547 995 3603 novi
1015 3548 1130 3603 nominis
1150 3545 1321 3618 impositione
1342 3545 1408 3601 citra
1429 3560 1485 3602 rem
1505 3542 1572 3612 tpsrn
1612 3566 1613 3609 ,

930 3654 1107 3725 significatum
1128 3652 1312 3708 contineretur.
1612 3632 1613 3639 ἵ

993 3773 1038 3848 ⁴²)
1059 3774 1142 3831 Sumo
1162 3775 1188 3829 in
1209 3772 1358 3846 praesentia
1380 3772 1461 3828 veluti
1481 3770 1572 3824 ternu,
1612 3826 1613 3845 ,

930 3882 1000 3955 qaod
1029 3880 1201 3954 opportunius
1228 3878 1433 3951 demonstrabo,
1461 3865 1573 3931 voeabula

929 3980 1035 4061 κηφᾶς,
1055 3984 1172 4060 πέτραν,
1193 3984 1307 4056 πέτρον,
1334 3981 1430 4059 lidan,
1457 3975 1574 4052 signibus
1612 4036 1613 4075 1

929 4093 1001 4148 tinne
1021 4092 1206 4164 aequipollere.

991 4213 1035 4289 Η)
1065 4213 1099 4270 1⁸·
1119 4213 1237 4273 XXVIII.
1264 4211 1314 4270 16:
1344 4211 1389 4268 ubi
1416 4211 1496 4268 uerba
1521 4197 1573 4257 Vitl-

1030 4335 1085 4376 tum
1112 4320 1239 4403 festinet,
1270 4319 1395 4374 hebraico
1424 4323 1499 4387 aunt,
1527 4318 1573 4364 not

927 4425 1037 4484 timebit.
