3300 5402
706 375 853 445 csrur
895 378 934 439 u.
1448 376 1510 438 επ
1603 345 1609 355 ’

126 542 192 627 ipsa
214 545 405 628 revelatione,
424 554 484 609 tum
508 547 545 610 de
566 564 657 612 sensu
678 548 714 612 iis
736 546 918 611 subiiciendo
940 547 1154 628 instrumentis,
1182 546 1287 630 quibus
1309 548 1402 629 capita
1423 564 1510 609 reve·

124 654 243 719 lationis
264 656 399 720 distincte
422 655 590 721 efferuntur.
632 658 706 720 Huic
727 664 824 721 autern
846 658 1009 720 evidentiae
1032 674 1130 738 neque
1152 656 1256 738 obest,
1283 675 1380 738 neque
1402 654 1510 719 obesse

120 764 203 847 fidei
221 763 394 829 obscuritas
414 774 520 849 potest,
542 774 642 849 utpote
664 785 741 850 quae
764 774 794 830 et
822 786 861 829 ex
893 767 951 829 alio
977 766 1101 848 prodeat
1121 764 1216 847 loute,
1244 772 1273 828 et
1300 767 1446 848 propriam
1467 767 1510 827 in-

125 883 353 939 strumentorum
368 878 602 958 perspicuitatem
618 894 657 939 ne
675 876 824 940 levissime
845 876 964 959 quidem
978 877 1108 958 attinget.
1151 875 1275 950 Quodsi
1297 877 1346 958 qui
1368 882 1512 958 negarent

125 985 157 1049 bl
178 1004 276 1067 neque
297 988 368 1051 satis
390 986 445 1049 sibi
463 992 642 1068 compertam
664 988 816 1068 utriusque
838 986 1022 1050 obscuritatis
1035 987 1177 1049 rationem
1192 984 1391 1064 ostenderent,
1412 1002 1511 1066 neque

125 1095 306 1160 contendere
327 1102 464 1178 possent,
493 1096 541 1158 vel
562 1113 652 1159 unum
673 1116 690 1159 a
712 1095 797 1159 nobis
819 1096 900 1159 credi
922 1095 1087 1175 articulum,
1116 1095 1199 1158 cuius
1226 1093 1368 1158 revelatio
1389 1093 1511 1157 evidens

125 1206 173 1285 sit,
195 1224 283 1287 quum
304 1206 409 1269 borum
431 1206 550 1268 omuino
572 1205 667 1269 nullus
687 1207 802 1285 existat,
825 1225 912 1286 quem
930 1204 998 1268 lidei
1021 1204 1184 1268 obscuritas
1205 1222 1264 1267 non
1284 1205 1448 1267 comitetur.

233 1312 278 1378 De
300 1333 357 1396 qua
380 1316 557 1379 obscuritate
580 1322 642 1378 trin
664 1322 814 1398 postremo
835 1315 931 1379 babeo
960 1333 1035 1398 quae
1069 1314 1157 1378 velim
1186 1314 1404 1378 animadversa:
1433 1334 1468 1377 ac
1489 1316 1510 1377 l.

126 1423 205 1486 illius
224 1422 326 1487 umbra
348 1423 478 1487 nonnihil
500 1424 676 1488 evidentiam
693 1427 838 1508 restingui
859 1425 1048 1507 probationis,
1072 1442 1128 1505 qua
1150 1424 1290 1487 institutio
1304 1425 1444 1506 primatus
1460 1423 1511 1487 de·

125 1540 320 1596 moummtur:
344 1534 376 1597 ll.
399 1534 488 1597 talem
511 1554 577 1598 eum
599 1552 684 1615 esse,
703 1530 761 1598 ¹cui
789 1536 867 1598 bene
889 1533 1020 1598 consulta
1049 1534 1123 1596 ratio
1152 1532 1303 1597 adversari
1324 1551 1382 1596 non
1405 1534 1510 1614 possit:
1616 1524 1619 1531 ⁴

124 1644 217 1706 immo
239 1644 336 1721 talem,
358 1662 414 1726 pro
435 1663 492 1726 qua
513 1644 558 1707 lll
580 1644 747 1726 singulares
769 1642 833 1708 [leo
854 1645 963 1727 gratim
983 1641 1142 1724 persolvat.

234 1756 282 1815 tl.
325 1752 362 1816 Et
393 1752 527 1835 probatio
555 1772 627 1817 sane
649 1756 789 1836 primatus
820 1771 880 1816 non
901 1769 989 1815 secus
1012 1769 1047 1815 ac
1068 1753 1208 1833 primatus
1238 1754 1302 1833 ipse
1330 1751 1511 1816 considerari

125 1859 289 1941 dupliciter
309 1870 422 1945 potest,
455 1870 488 1925 in
516 1885 550 1927 ae
571 1865 696 1945 primum
724 1884 760 1927 ac
789 1861 944 1945 absolate,
974 1863 1127 1939 σχετικῶς
1154 1861 1261 1924 deinde
1290 1870 1320 1925 et
1338 1870 1512 1941 comparate

126 1989 217 2053 quum
239 1971 276 2035 ad
297 1979 473 2054 potestatem
496 1972 636 2054 apostolis
659 1975 794 2037 omnibus
815 1973 1005 2055 adscriptam,
1027 1979 1087 2034 tum
1110 1971 1147 2034 ad
1162 1973 1328 2035 testimonia
1350 1972 1453 2054 quibus
1475 1991 1511 2034 ea

124 2080 316 2162 significatur.
360 2082 390 2146 si
409 2088 507 2162 priori
527 2081 616 2145 modo
634 2083 782 2164 primatus,
803 2084 927 2164 eiusque
949 2081 1081 2163 probatio
1095 2088 1278 2163 spectentur,
1300 2081 1370 2145 mibi
1386 2081 1511 2144 dubium

125 2197 262 2270 nonest,
286 2191 362 2254 illius
377 2193 587 2255 institutionem
609 2191 872 2273 probationemque
896 2208 964 2254 esse
987 2194 1106 2254 omnino
1120 2193 1388 2272 evidentissimam,
1411 2200 1442 2255 et
1464 2193 1510 2255 oui

125 2300 271 2364 difficilius
297 2302 419 2365 resistas
449 2321 535 2384 quarn
566 2302 747 2382 adquiescas.
790 2301 830 2363 At
852 2319 925 2363 vero
946 2302 972 2362 si
993 2308 1246 2381 comparationem
1267 2304 1368 2381 ineas,
1398 2304 1423 2365 si
1451 2320 1511 2365 uno

125 2409 293 2493 eodemque
315 2412 421 2473 mentis
454 2410 597 2493 adspectu
627 2418 657 2474 ei
684 2414 839 2493 primatum
865 2412 989 2492 eiusque
1010 2410 1229 2491 probationem,
1264 2418 1295 2475 et
1325 2430 1511 2493 communem

124 2519 327 2601 apostolorum
349 2521 549 2583 auctoritatem
570 2528 727 2602 textusque
750 2519 854 2602 quibus
876 2539 912 2584 ea
927 2519 1056 2598 ellertur,
1080 2519 1301 2602 complectaris3
1316 2522 1417 2584 nescio
1433 2539 1510 2603 quae
1601 2502 1604 2511 ¹

126 2636 281 2710 erumpunt
299 2628 435 2707 nebulae,
458 2648 517 2693 uon
531 2630 599 2693 illae
622 2630 739 2712 quidem
760 2632 882 2712 spissae,
906 2648 1041 2712 quaeque
1056 2628 1221 2692 evidentiae
1245 2629 1391 2713 fulgorem
1412 2639 1512 2694 retun-

126 2738 205 2818 dunt,
227 2739 372 2801 eiusmodi
396 2747 494 2803 tamen
516 2759 591 2821 quae
613 2740 744 2803 nonnihil
765 2740 948 2803 obscuritatis
970 2739 1097 2822 gignere
1117 2739 1279 2803 videantur.
1321 2740 1436 2804 Etenim
1459 2760 1511 2803 ue·

125 2865 185 2930 que
212 2864 335 2928 pronum
364 2850 483 2912 omniuo
512 2857 557 2913 est
591 2867 658 2914 cum
678 2868 791 2913 summa
819 2848 1002 2930 singulorum
1030 2851 1202 2913 auctoritate
1232 2851 1317 2913 unitus
1349 2852 1511 2932 principem

124 2956 251 3038 gradum
279 2957 417 3037 honoris,
449 2958 575 3039 ordinis,
603 2962 814 3041 potestatisque
844 2977 1043 3040 componere:
1073 2979 1171 3041 neque
1193 2961 1312 3023 omnino
1334 2959 1511 3041 expeditum,

124 3083 215 3149 quum
236 3065 343 3130 dictum
372 3067 497 3149 singulis
513 3071 540 3101 ⁷³
564 3069 715 3151 legamus,
744 3062 830 3148 ἀμήν
857 3066 937 3149 leym
962 3066 1050 3148 ὑμῖν,
1078 3066 1138 3131 ὅσα
1166 3066 1223 3131 irin
1250 3066 1361 3145 δήσητε
1390 3067 1439 3131 ieri
1460 3071 1513 3145 τῆς

125 3176 200 3258 γῆς,
231 3176 316 3239 ἔσται
344 3175 497 3260 δεδεμένα
523 3182 557 3241 tr
583 3181 628 3261 τῷ
653 3174 799 3260 οὐρανῷ·
821 3176 874 3240 καὶ
895 3172 956 3240 ὅσα
975 3169 1032 3240 dciv
1057 3176 1167 3254 λύσητε
1188 3178 1238 3240 ἐπὶ
1258 3180 1312 3252 τῆς
1332 3179 1400 3258 γῆς,
1429 3178 1514 3242 ἔσται

125 3285 280 3369 λελυμένα
299 3291 334 3350 ἐν
354 3289 401 3370 τῷ
421 3284 563 3371 οὐρανῷ·
591 3306 627 3350 ac
642 3290 669 3320 '⁴
695 3303 825 3366 rursum,
847 3280 963 3361 καθώς
984 3285 1158 3350 sarmatae
1176 3309 1215 3369 με
1236 3284 1254 3350 ὁ
1277 3284 1395 3369 πατήρ,
1419 3284 1511 3368 κάγώ

125 3402 239 3478 πέμπω
261 3394 352 3479 ὑμᾶς,
376 3414 466 3459 mum
486 3397 675 3461 nibilominus
689 3397 805 3461 Petrum
827 3396 1015 3477 amplitudine
1032 3396 1264 3478 excellentiaque
1287 3397 1357 3459 iuris
1379 3396 1513 3460 omnibus

124 3507 319 3588 antepositum
342 3505 481 3589 profiteri.

234 3615 318 3691 Quod
331 3634 391 3679 nnn
401 3615 483 3680 latuit
491 3623 697 3699 protestantes,
709 3634 834 3698 quorum
844 3605 999 3699 propterea
1014 3635 1052 3678 eo
1063 3632 1207 3680 conversa
1224 3615 1316 3679 studia
1325 3620 1353 3650 ⁷⁵
1368 3616 1512 3696 nouimus,

124 3732 157 3788 ut
168 3723 237 3787 nibil
249 3742 309 3789 non
321 3728 515 3807 corrogarint,
529 3727 607 3808 quod
619 3729 656 3790 ad
668 3711 834 3810 augendam
846 3727 1145 3810 exaggerandamque
1159 3727 1366 3789 obscuritatem
1376 3726 1513 3788 conferre

124 3852 216 3916 posse
237 3834 454 3898 arbitrarentur.
499 3835 569 3899 Erat
589 3845 687 3901 tamen
710 3856 762 3901 cur
777 3838 864 3900 etiam
881 3836 1073 3917 attenderent,
1097 3855 1156 3899 non
1171 3855 1289 3899 omnem
1305 3837 1513 3900 obscuritatem

124 3951 176 4008 aut
189 3944 297 4007 obesse
314 3945 480 4009 evidentiae
494 3946 699 4025 revelationis,
721 3955 770 4009 aui
783 3947 874 4008 robur
888 3945 1090 4028 probationum
1105 3945 1288 4009 subvertere.
1325 3948 1383 4009 Cur
1402 3963 1512 4028 expen-

123 4055 240 4133 derent,
264 4057 464 4118 necessariam
480 4057 666 4135 evidentiam,
692 4058 886 4137 virtutemque
907 4056 1109 4137 probationum
1124 4054 1195 4118 nibil
1210 4055 1374 4118 detrimenti
1396 4074 1513 4138 capere,

124 4163 152 4227 sl
169 4162 218 4226 illa
232 4162 307 4227 absit
321 4164 493 4244 obscuritas,
516 4183 603 4247 quam
619 4172 744 4228 insitam
762 4163 935 4244 realemque
952 4164 1189 4246 nuncupavimus.
1212 4166 1270 4228 Cur
1282 4165 1513 4245 considerarent,

125 4274 334 4338 obscuritatem
357 4275 386 4337 iu
414 4274 469 4337 bac
498 4275 535 4337 de
564 4277 685 4357 primatu
714 4275 915 4337 controversia
946 4275 1035 4356 longe
1063 4293 1130 4337 esse
1160 4294 1194 4337 ea
1223 4277 1403 4349 tenuiorem,
1437 4293 1513 4357 quae

124 4382 302 4445 christianae
337 4383 489 4447 doctrinae
519 4386 612 4465 capita
641 4385 749 4467 alioqui
777 4383 935 4447 indubitata
971 4383 1008 4446 dc
1039 4385 1166 4447 trinitate
1193 4384 1446 4463 consubstantiali,
1476 4385 1512 4447 de

123 4492 234 4555 unitate
253 4511 401 4574 personae
423 4492 544 4571 Christi,
574 4495 611 4556 de
634 4502 793 4575 propagata
820 4494 942 4574 originis
968 4493 1068 4575 culpa,
1097 4492 1194 4575 deque
1225 4512 1387 4575 poenarum
1416 4502 1513 4556 aeter-

124 4604 216 4666 nitate
244 4602 403 4664 circumdat
434 4611 462 4664 ei
489 4603 587 4666 ambil.
631 4604 689 4665 Cur
716 4602 843 4685 denique
872 4603 1158 4681 animadverterent,
1189 4622 1248 4666 non
1276 4603 1386 4666 deesse
1413 4622 1514 4685 quam-

124 4712 193 4775 dam
214 4710 282 4774 bdei
303 4713 451 4792 propriam
473 4694 698 4791 obscuritatem,
731 4731 807 4794 quae
832 4732 850 4774 c
880 4719 978 4776 mulus
1000 4712 1186 4775 articulorum
1216 4715 1434 4794 cornparaticne
1456 4713 1514 4776 lre·

190 4893 237 4968 ¹³)
257 4892 352 4949 battle
373 4893 468 4950 liVlll.
494 4893 537 4950 te.
845 4895 934 4950 ierunt
959 4893 1066 4949 Pisidas
1093 4895 1118 4950 ia
1140 4893 1243 4964 Origin.
1264 4894 1335 4948 luris
1355 4892 1512 4948 Ecclesiast.

87 5080 90 5085 Δ
190 4998 236 5072 ⁷⁴)
256 4998 318 5055 ron.
341 4998 399 5055 xx.
421 4997 468 5054 sr.
848 5014 907 5073 sap.
921 4999 1014 5090 sarr
1028 4999 1061 5071 u,
1082 5007 1110 5055 er
1128 4997 1268 5055 winusus
1294 4997 1326 5053 u.
1346 4997 1378 5054 s.
1405 5004 1472 5052 seer.
1493 4998 1513 5053 1.

193 5106 239 5182 Η)
259 5104 427 5179 Argumenta
454 5120 514 5163 esse
537 5111 650 5178 ponuat
669 5121 736 5178 quae
756 5122 798 5162 rs-
848 5121 907 5179 cap.
921 5103 966 5163 111.
988 5102 1015 5177 ς.
1030 5104 1058 5159 4.
