<?xml version="1.0" encoding="UTF-8"?>
<!DOCTYPE html PUBLIC "-//W3C//DTD XHTML 1.0 Transitional//EN"
    "http://www.w3.org/TR/xhtml1/DTD/xhtml1-transitional.dtd">
<html xmlns="http://www.w3.org/1999/xhtml" xml:lang="en" lang="en">
 <head>
  <title>
</title>
<meta http-equiv="Content-Type" content="text/html;charset=utf-8" />
  <meta name='ocr-system' content='tesseract 3.04.00' />
  <meta name='ocr-capabilities' content='ocr_page ocr_carea ocr_par ocr_line ocrx_word'/>
</head>
<body>
  <div class='ocr_page' id='page_1' title='image "./commentariusdep00passgoog_0200.png"; bbox 0 0 3258 5400; ppageno 0'>
   <div class='ocr_carea' id='block_1_1' title="bbox 711 238 1050 306">
    <p class='ocr_par' dir='ltr' id='par_1_1' title="bbox 711 238 1050 306">
     <span class='ocr_line' id='line_1_1' title="bbox 711 238 1050 306; baseline 0.006 -2"><span class='ocrx_word' id='word_1_1' title='bbox 711 238 843 304; x_wconf 73' lang='lat' dir='ltr'><strong>nmen</strong></span> <span class='ocrx_word' id='word_1_2' title='bbox 883 238 1050 306; x_wconf 72' lang='lat' dir='ltr'><strong>antuus</strong></span> 
     </span>
    </p>
   </div>
   <div class='ocr_carea' id='block_1_2' title="bbox 688 713 1070 809">
    <p class='ocr_par' dir='ltr' id='par_1_2' title="bbox 688 713 1070 809">
     <span class='ocr_line' id='line_1_2' title="bbox 688 713 1070 809; baseline -0.003 -1"><span class='ocrx_word' id='word_1_3' title='bbox 688 714 923 809; x_wconf 80' lang='lat' dir='ltr'><strong>ttttt</strong></span> <span class='ocrx_word' id='word_1_4' title='bbox 980 713 1070 808; x_wconf 78' lang='lat' dir='ltr'><strong>tit.</strong></span> 
     </span>
    </p>
   </div>
   <div class='ocr_carea' id='block_1_3' title="bbox 398 905 1573 1434">
    <p class='ocr_par' dir='ltr' id='par_1_3' title="bbox 398 905 1573 1434">
     <span class='ocr_line' id='line_1_3' title="bbox 509 905 1572 1003; baseline -0.003 -31"><span class='ocrx_word' id='word_1_5' title='bbox 509 907 629 973; x_wconf 77' lang='lat' dir='ltr'><strong>Petrus</strong></span> <span class='ocrx_word' id='word_1_6' title='bbox 644 908 873 1003; x_wconf 72' lang='lat' dir='ltr'><strong>ecclesiasticae</strong></span> <span class='ocrx_word' id='word_1_7' title='bbox 887 908 1064 991; x_wconf 77' lang='lat' dir='ltr'><strong>disciplinae</strong></span> <span class='ocrx_word' id='word_1_8' title='bbox 1080 910 1197 975; x_wconf 79' lang='lat' dir='ltr'><strong>vindan</strong></span> <span class='ocrx_word' id='word_1_9' title='bbox 1211 929 1391 992; x_wconf 72' lang='lat' dir='ltr'><strong>supremus.-</strong></span> <span class='ocrx_word' id='word_1_10' title='bbox 1412 944 1457 955; x_wconf 94' lang='lat'><strong>—</strong></span> <span class='ocrx_word' id='word_1_11' title='bbox 1477 905 1572 971; x_wconf 81' lang='lat' dir='ltr'><strong>tutem</strong></span> 
     </span>
     <span class='ocr_line' id='line_1_4' title="bbox 404 1017 1572 1102; baseline -0.003 -18"><span class='ocrx_word' id='word_1_12' title='bbox 404 1018 444 1084; x_wconf 87' lang='lat' dir='ltr'><strong>eb</strong></span> <span class='ocrx_word' id='word_1_13' title='bbox 466 1040 501 1081; x_wconf 87' lang='lat' dir='ltr'><strong>eo</strong></span> <span class='ocrx_word' id='word_1_14' title='bbox 523 1019 686 1083; x_wconf 81' lang='lat' dir='ltr'><strong>iudicium:</strong></span> <span class='ocrx_word' id='word_1_15' title='bbox 706 1057 749 1069; x_wconf 95' lang='lat'>—</span> <span class='ocrx_word' id='word_1_16' title='bbox 770 1021 851 1100; x_wconf 84' lang='lat' dir='ltr'><strong>quod</strong></span> <span class='ocrx_word' id='word_1_17' title='bbox 874 1018 964 1084; x_wconf 77' lang='lat' dir='ltr'><strong>Deua</strong></span> <span class='ocrx_word' id='word_1_18' title='bbox 985 1028 1091 1083; x_wconf 84' lang='lat' dir='ltr'><strong>rutum</strong></span> <span class='ocrx_word' id='word_1_19' title='bbox 1110 1017 1216 1097; x_wconf 80' lang='lat' dir='ltr'><strong>babet,</strong></span> <span class='ocrx_word' id='word_1_20' title='bbox 1239 1019 1378 1098; x_wconf 70' lang='lat' dir='ltr'><strong>annoque</strong></span> <span class='ocrx_word' id='word_1_21' title='bbox 1398 1023 1490 1102; x_wconf 72' lang='lat' dir='ltr'><strong>signo</strong></span> <span class='ocrx_word' id='word_1_22' title='bbox 1508 1037 1572 1080; x_wconf 81' lang='lat' dir='ltr'><strong>con</strong></span> 
     </span>
     <span class='ocr_line' id='line_1_5' title="bbox 398 1127 1571 1213; baseline -0.004 -20"><span class='ocrx_word' id='word_1_23' title='bbox 398 1128 526 1213; x_wconf 74' lang='lat' dir='ltr'><strong>firmat:</strong></span> <span class='ocrx_word' id='word_1_24' title='bbox 547 1165 589 1178; x_wconf 93' lang='lat'><strong>·-</strong></span> <span class='ocrx_word' id='word_1_25' title='bbox 609 1136 678 1192; x_wconf 85' lang='lat' dir='ltr'><strong>inre</strong></span> <span class='ocrx_word' id='word_1_26' title='bbox 691 1136 875 1193; x_wconf 70' lang='lat' dir='ltr'><strong><em>oecumenici</em></strong></span> <span class='ocrx_word' id='word_1_27' title='bbox 888 1138 1019 1212; x_wconf 81' lang='lat' dir='ltr'><strong>episcopt</strong></span> <span class='ocrx_word' id='word_1_28' title='bbox 1039 1138 1203 1194; x_wconf 74' lang='lat' dir='ltr'><strong>uniuersus</strong></span> <span class='ocrx_word' id='word_1_29' title='bbox 1223 1127 1370 1192; x_wconf 78' lang='lat' dir='ltr'><strong>ccclesias</strong></span> <span class='ocrx_word' id='word_1_30' title='bbox 1393 1133 1515 1190; x_wconf 66' lang='lat' dir='ltr'><strong>mont:</strong></span> <span class='ocrx_word' id='word_1_31' title='bbox 1535 1163 1571 1173; x_wconf 86' lang='lat'>-</span> 
     </span>
     <span class='ocr_line' id='line_1_6' title="bbox 399 1237 1573 1325; baseline -0.003 -23"><span class='ocrx_word' id='word_1_32' title='bbox 399 1247 518 1319; x_wconf 74' lang='lat' dir='ltr'><strong>primm</strong></span> <span class='ocrx_word' id='word_1_33' title='bbox 545 1247 645 1304; x_wconf 82' lang='lat' dir='ltr'><strong>utitur</strong></span> <span class='ocrx_word' id='word_1_34' title='bbox 669 1247 820 1320; x_wconf 73' lang='lat' dir='ltr'><em>potestate</em></span> <span class='ocrx_word' id='word_1_35' title='bbox 846 1237 997 1325; x_wconf 76' lang='lat' dir='ltr'><strong>legifera.-</strong></span> <span class='ocrx_word' id='word_1_36' title='bbox 1022 1248 1119 1303; x_wconf 83' lang='lat' dir='ltr'><strong>—et</strong></span> <span class='ocrx_word' id='word_1_37' title='bbox 1147 1246 1180 1302; x_wconf 89' lang='lat' dir='ltr'><strong>tn</strong></span> <span class='ocrx_word' id='word_1_38' title='bbox 1207 1238 1331 1322; x_wconf 65' lang='lat' dir='ltr'><strong>mnodia</strong></span> <span class='ocrx_word' id='word_1_39' title='bbox 1354 1243 1573 1323; x_wconf 75' lang='lat' dir='ltr'><strong>praerogativo</strong></span> 
     </span>
     <span class='ocr_line' id='line_1_7' title="bbox 402 1345 975 1434; baseline -0.007 -21"><span class='ocrx_word' id='word_1_40' title='bbox 402 1355 590 1433; x_wconf 74' lang='lat' dir='ltr'><strong>magisterii,</strong></span> <span class='ocrx_word' id='word_1_41' title='bbox 610 1345 819 1434; x_wconf 79' lang='lat' dir='ltr'><strong>snffrnpitqae</strong></span> <span class='ocrx_word' id='word_1_42' title='bbox 838 1348 975 1412; x_wconf 67' lang='lat' dir='ltr'><strong>excellit.</strong></span> 
     </span>
    </p>
   </div>
   <div class='ocr_carea' id='block_1_4' title="bbox 159 1546 1572 4538">
    <p class='ocr_par' dir='ltr' id='par_1_4' title="bbox 159 1546 1572 3421">
     <span class='ocr_line' id='line_1_8' title="bbox 297 1546 1570 1682; baseline -0.005 -19"><span class='ocrx_word' id='word_1_43' title='bbox 297 1605 367 1663; x_wconf 80' lang='lat'><strong>238.</strong></span> <span class='ocrx_word' id='word_1_44' title='bbox 404 1546 579 1664; x_wconf 77' lang='lat' dir='ltr'><strong>verissime</strong></span> <span class='ocrx_word' id='word_1_45' title='bbox 593 1599 701 1663; x_wconf 89' lang='lat' dir='ltr'><strong>dictum</strong></span> <span class='ocrx_word' id='word_1_46' title='bbox 716 1599 893 1682; x_wconf 83' lang='lat' dir='ltr'><strong>accepimns,</strong></span> <span class='ocrx_word' id='word_1_47' title='bbox 915 1570 1088 1666; x_wconf 77' lang='lat' dir='ltr'><strong>eorumdem</strong></span> <span class='ocrx_word' id='word_1_48' title='bbox 1102 1618 1171 1666; x_wconf 87' lang='lat' dir='ltr'><strong>esse</strong></span> <span class='ocrx_word' id='word_1_49' title='bbox 1186 1600 1273 1664; x_wconf 89' lang='lat' dir='ltr'><strong>initiis</strong></span> <span class='ocrx_word' id='word_1_50' title='bbox 1287 1616 1388 1663; x_wconf 90' lang='lat' dir='ltr'><strong>rerum</strong></span> <span class='ocrx_word' id='word_1_51' title='bbox 1409 1593 1570 1673; x_wconf 85' lang='lat' dir='ltr'><strong>consulere,</strong></span> 
     </span>
     <span class='ocr_line' id='line_1_9' title="bbox 190 1702 1571 1794; baseline -0.007 -20"><span class='ocrx_word' id='word_1_52' title='bbox 190 1709 364 1792; x_wconf 85' lang='lat' dir='ltr'><strong>illarumque</strong></span> <span class='ocrx_word' id='word_1_53' title='bbox 398 1711 597 1791; x_wconf 86' lang='lat' dir='ltr'><strong>incrementa,</strong></span> <span class='ocrx_word' id='word_1_54' title='bbox 631 1708 885 1791; x_wconf 82' lang='lat' dir='ltr'><strong>amplificationes,</strong></span> <span class='ocrx_word' id='word_1_55' title='bbox 916 1711 1202 1794; x_wconf 79' lang='lat' dir='ltr'><strong>incolumitatemque</strong></span> <span class='ocrx_word' id='word_1_56' title='bbox 1229 1718 1390 1793; x_wconf 77' lang='lat' dir='ltr'><strong>protegere</strong></span> <span class='ocrx_word' id='word_1_57' title='bbox 1426 1725 1462 1771; x_wconf 91' lang='lat' dir='ltr'><strong>ac</strong></span> <span class='ocrx_word' id='word_1_58' title='bbox 1492 1702 1571 1767; x_wconf 84' lang='lat' dir='ltr'><strong>tueri</strong></span> 
     </span>
     <span class='ocr_line' id='line_1_10' title="bbox 190 1816 1570 1904; baseline -0.006 -21"><span class='ocrx_word' id='word_1_59' title='bbox 190 1820 285 1895; x_wconf 77' lang='lat' dir='ltr'><strong>Quum</strong></span> <span class='ocrx_word' id='word_1_60' title='bbox 314 1821 404 1902; x_wconf 88' lang='lat' dir='ltr'><strong>igitur</strong></span> <span class='ocrx_word' id='word_1_61' title='bbox 432 1819 579 1883; x_wconf 89' lang='lat' dir='ltr'><strong>ecelesiae</strong></span> <span class='ocrx_word' id='word_1_62' title='bbox 610 1818 803 1899; x_wconf 85' lang='lat' dir='ltr'><strong>incunabula,</strong></span> <span class='ocrx_word' id='word_1_63' title='bbox 837 1821 1005 1902; x_wconf 90' lang='lat' dir='ltr'><strong>primasque</strong></span> <span class='ocrx_word' id='word_1_64' title='bbox 1038 1822 1170 1904; x_wconf 81' lang='lat' dir='ltr'><strong>origines</strong></span> <span class='ocrx_word' id='word_1_65' title='bbox 1201 1819 1354 1884; x_wconf 85' lang='lat' dir='ltr'><strong>tribuenda</strong></span> <span class='ocrx_word' id='word_1_66' title='bbox 1384 1816 1474 1881; x_wconf 82' lang='lat' dir='ltr'><strong>Petro</strong></span> <span class='ocrx_word' id='word_1_67' title='bbox 1506 1828 1570 1875; x_wconf 86' lang='lat' dir='ltr'><strong>csse</strong></span> 
     </span>
     <span class='ocr_line' id='line_1_11' title="bbox 190 1921 1570 2013; baseline -0.006 -21"><span class='ocrx_word' id='word_1_68' title='bbox 190 1929 422 2012; x_wconf 82' lang='lat' dir='ltr'><strong>ostenderimus3</strong></span> <span class='ocrx_word' id='word_1_69' title='bbox 442 1929 535 1993; x_wconf 87' lang='lat' dir='ltr'><strong>videri</strong></span> <span class='ocrx_word' id='word_1_70' title='bbox 557 1930 661 1992; x_wconf 89' lang='lat' dir='ltr'><strong>mimm</strong></span> <span class='ocrx_word' id='word_1_71' title='bbox 682 1947 743 1991; x_wconf 91' lang='lat' dir='ltr'><strong>non</strong></span> <span class='ocrx_word' id='word_1_72' title='bbox 764 1927 861 2010; x_wconf 88' lang='lat' dir='ltr'><strong>debet,</strong></span> <span class='ocrx_word' id='word_1_73' title='bbox 883 1929 909 1993; x_wconf 88' lang='lat' dir='ltr'><strong>si</strong></span> <span class='ocrx_word' id='word_1_74' title='bbox 929 1947 1047 1993; x_wconf 88' lang='lat' dir='ltr'><strong>suarum</strong></span> <span class='ocrx_word' id='word_1_75' title='bbox 1067 1932 1193 2013; x_wconf 85' lang='lat' dir='ltr'><strong>ipsemet</strong></span> <span class='ocrx_word' id='word_1_76' title='bbox 1212 1932 1337 2012; x_wconf 86' lang='lat' dir='ltr'><strong>partium</strong></span> <span class='ocrx_word' id='word_1_77' title='bbox 1359 1944 1429 1992; x_wconf 88' lang='lat' dir='ltr'><strong>esse</strong></span> <span class='ocrx_word' id='word_1_78' title='bbox 1452 1921 1570 1997; x_wconf 77' lang='lat' dir='ltr'><strong>duxerit,</strong></span> 
     </span>
     <span class='ocr_line' id='line_1_12' title="bbox 188 2035 1570 2123; baseline -0.007 -21"><span class='ocrx_word' id='word_1_79' title='bbox 188 2047 220 2103; x_wconf 90' lang='lat' dir='ltr'><strong>ut</strong></span> <span class='ocrx_word' id='word_1_80' title='bbox 239 2040 318 2122; x_wconf 91' lang='lat' dir='ltr'><strong>quod</strong></span> <span class='ocrx_word' id='word_1_81' title='bbox 339 2040 529 2104; x_wconf 87' lang='lat' dir='ltr'><strong>inchoaverat</strong></span> <span class='ocrx_word' id='word_1_82' title='bbox 550 2057 633 2121; x_wconf 85' lang='lat' dir='ltr'><strong>opus,</strong></span> <span class='ocrx_word' id='word_1_83' title='bbox 656 2039 780 2119; x_wconf 80' lang='lat' dir='ltr'><strong>foveret,</strong></span> <span class='ocrx_word' id='word_1_84' title='bbox 802 2038 975 2104; x_wconf 85' lang='lat' dir='ltr'><strong>defenderet</strong></span> <span class='ocrx_word' id='word_1_85' title='bbox 995 2046 1024 2103; x_wconf 89' lang='lat' dir='ltr'><strong>et</strong></span> <span class='ocrx_word' id='word_1_86' title='bbox 1045 2040 1083 2103; x_wconf 92' lang='lat' dir='ltr'><strong>ad</strong></span> <span class='ocrx_word' id='word_1_87' title='bbox 1101 2039 1255 2123; x_wconf 88' lang='lat' dir='ltr'><strong>quamdam</strong></span> <span class='ocrx_word' id='word_1_88' title='bbox 1277 2039 1365 2102; x_wconf 89' lang='lat' dir='ltr'><strong>veluti</strong></span> <span class='ocrx_word' id='word_1_89' title='bbox 1380 2035 1570 2100; x_wconf 77' lang='lat' dir='ltr'><strong>maturitatem</strong></span> 
     </span>
     <span class='ocr_line' id='line_1_13' title="bbox 190 2142 1572 2232; baseline -0.008 -20"><span class='ocrx_word' id='word_1_90' title='bbox 190 2148 373 2232; x_wconf 89' lang='lat' dir='ltr'><strong>perduceret.</strong></span> <span class='ocrx_word' id='word_1_91' title='bbox 415 2149 567 2215; x_wconf 83' lang='lat' dir='ltr'><strong>Ecclesiae</strong></span> <span class='ocrx_word' id='word_1_92' title='bbox 588 2157 685 2214; x_wconf 87' lang='lat' dir='ltr'><strong>autem</strong></span> <span class='ocrx_word' id='word_1_93' title='bbox 705 2149 887 2212; x_wconf 79' lang='lat' dir='ltr'><strong>incolumitas</strong></span> <span class='ocrx_word' id='word_1_94' title='bbox 907 2168 943 2212; x_wconf 90' lang='lat' dir='ltr'><strong>ac</strong></span> <span class='ocrx_word' id='word_1_95' title='bbox 964 2150 1106 2231; x_wconf 83' lang='lat' dir='ltr'><strong>perfectio</strong></span> <span class='ocrx_word' id='word_1_96' title='bbox 1128 2149 1196 2213; x_wconf 90' lang='lat' dir='ltr'><strong>inde</strong></span> <span class='ocrx_word' id='word_1_97' title='bbox 1217 2150 1344 2212; x_wconf 78' lang='lat' dir='ltr'><strong>maxime</strong></span> <span class='ocrx_word' id='word_1_98' title='bbox 1364 2142 1522 2229; x_wconf 88' lang='lat' dir='ltr'><strong>pendebat,</strong></span> <span class='ocrx_word' id='word_1_99' title='bbox 1542 2144 1572 2201; x_wconf 88' lang='lat' dir='ltr'><strong>ut</strong></span> 
     </span>
     <span class='ocr_line' id='line_1_14' title="bbox 159 2246 1570 2343; baseline -0.006 -21"><span class='ocrx_word' id='word_1_100' title='bbox 159 2278 161 2287; x_wconf 93' lang='lat'>·</span> <span class='ocrx_word' id='word_1_101' title='bbox 191 2260 369 2340; x_wconf 89' lang='lat' dir='ltr'><strong>compressis</strong></span> <span class='ocrx_word' id='word_1_102' title='bbox 390 2260 483 2340; x_wconf 84' lang='lat' dir='ltr'><strong>vitiis,</strong></span> <span class='ocrx_word' id='word_1_103' title='bbox 506 2258 692 2342; x_wconf 88' lang='lat' dir='ltr'><strong>dissidiisque</strong></span> <span class='ocrx_word' id='word_1_104' title='bbox 713 2260 895 2343; x_wconf 85' lang='lat' dir='ltr'><strong>compositis,</strong></span> <span class='ocrx_word' id='word_1_105' title='bbox 916 2258 993 2323; x_wconf 89' lang='lat' dir='ltr'><strong>itlius</strong></span> <span class='ocrx_word' id='word_1_106' title='bbox 1013 2246 1167 2339; x_wconf 82' lang='lat' dir='ltr'><strong>sanctitas,</strong></span> <span class='ocrx_word' id='word_1_107' title='bbox 1188 2260 1292 2337; x_wconf 79' lang='lat' dir='ltr'><strong>uuas,</strong></span> <span class='ocrx_word' id='word_1_108' title='bbox 1314 2256 1570 2333; x_wconf 86' lang='lat' dir='ltr'><strong>membrorumque</strong></span> 
     </span>
     <span class='ocr_line' id='line_1_15' title="bbox 189 2361 1570 2451; baseline -0.008 -20"><span class='ocrx_word' id='word_1_109' title='bbox 189 2369 356 2431; x_wconf 88' lang='lat' dir='ltr'><strong>coniunctio</strong></span> <span class='ocrx_word' id='word_1_110' title='bbox 373 2370 476 2450; x_wconf 86' lang='lat' dir='ltr'><strong>partim</strong></span> <span class='ocrx_word' id='word_1_111' title='bbox 497 2369 630 2447; x_wconf 67' lang='lat' dir='ltr'><strong>mietio,</strong></span> <span class='ocrx_word' id='word_1_112' title='bbox 653 2368 844 2451; x_wconf 81' lang='lat' dir='ltr'><strong>diligentique</strong></span> <span class='ocrx_word' id='word_1_113' title='bbox 862 2375 1056 2448; x_wconf 68' lang='lat' dir='ltr'><strong>carpenone,</strong></span> <span class='ocrx_word' id='word_1_114' title='bbox 1077 2370 1180 2450; x_wconf 88' lang='lat' dir='ltr'><strong>partiar</strong></span> <span class='ocrx_word' id='word_1_115' title='bbox 1201 2366 1275 2432; x_wconf 72' lang='lat' dir='ltr'><strong>tunc</strong></span> <span class='ocrx_word' id='word_1_116' title='bbox 1295 2366 1418 2451; x_wconf 81' lang='lat' dir='ltr'><strong>tepidus</strong></span> <span class='ocrx_word' id='word_1_117' title='bbox 1439 2361 1570 2428; x_wconf 74' lang='lat' dir='ltr'><strong>inmolata</strong></span> 
     </span>
     <span class='ocr_line' id='line_1_16' title="bbox 189 2458 1568 2561; baseline -0.003 -18"><span class='ocrx_word' id='word_1_118' title='bbox 189 2458 401 2543; x_wconf 75' lang='lat' dir='ltr'><strong>assererentur.</strong></span> <span class='ocrx_word' id='word_1_119' title='bbox 448 2478 553 2560; x_wconf 90' lang='lat' dir='ltr'><strong>Neque</strong></span> <span class='ocrx_word' id='word_1_120' title='bbox 581 2481 660 2542; x_wconf 87' lang='lat' dir='ltr'><strong>enim</strong></span> <span class='ocrx_word' id='word_1_121' title='bbox 685 2487 746 2542; x_wconf 78' lang='lat' dir='ltr'><strong>mm</strong></span> <span class='ocrx_word' id='word_1_122' title='bbox 776 2478 870 2543; x_wconf 90' lang='lat' dir='ltr'><strong>sotum</strong></span> <span class='ocrx_word' id='word_1_123' title='bbox 899 2480 1014 2561; x_wconf 88' lang='lat' dir='ltr'><strong>integra</strong></span> <span class='ocrx_word' id='word_1_124' title='bbox 1043 2486 1102 2560; x_wconf 84' lang='lat' dir='ltr'><strong>est,</strong></span> <span class='ocrx_word' id='word_1_125' title='bbox 1134 2478 1279 2561; x_wconf 87' lang='lat' dir='ltr'><strong>duretque</strong></span> <span class='ocrx_word' id='word_1_126' title='bbox 1312 2478 1453 2556; x_wconf 84' lang='lat' dir='ltr'><strong>societas,</strong></span> <span class='ocrx_word' id='word_1_127' title='bbox 1485 2486 1568 2554; x_wconf 77' lang='lat' dir='ltr'><strong>quum</strong></span> 
     </span>
     <span class='ocr_line' id='line_1_17' title="bbox 187 2579 1567 2671; baseline -0.006 -20"><span class='ocrx_word' id='word_1_128' title='bbox 187 2587 273 2652; x_wconf 88' lang='lat' dir='ltr'><strong>nullis</strong></span> <span class='ocrx_word' id='word_1_129' title='bbox 294 2587 418 2651; x_wconf 90' lang='lat' dir='ltr'><strong>intieitur</strong></span> <span class='ocrx_word' id='word_1_130' title='bbox 438 2588 554 2670; x_wconf 81' lang='lat' dir='ltr'><strong>naevis,</strong></span> <span class='ocrx_word' id='word_1_131' title='bbox 583 2587 729 2671; x_wconf 80' lang='lat' dir='ltr'><strong>nulbsque</strong></span> <span class='ocrx_word' id='word_1_132' title='bbox 749 2588 843 2652; x_wconf 87' lang='lat' dir='ltr'><strong>turbis</strong></span> <span class='ocrx_word' id='word_1_133' title='bbox 866 2595 1085 2669; x_wconf 80' lang='lat' dir='ltr'><strong>commovetur3</strong></span> <span class='ocrx_word' id='word_1_134' title='bbox 1112 2588 1246 2651; x_wconf 91' lang='lat' dir='ltr'><strong>sedtum</strong></span> <span class='ocrx_word' id='word_1_135' title='bbox 1270 2588 1357 2650; x_wconf 88' lang='lat' dir='ltr'><strong>etiam</strong></span> <span class='ocrx_word' id='word_1_136' title='bbox 1383 2592 1467 2650; x_wconf 89' lang='lat' dir='ltr'><strong>reete</strong></span> <span class='ocrx_word' id='word_1_137' title='bbox 1487 2579 1567 2657; x_wconf 69' lang='lat' dir='ltr'><strong>valen,</strong></span> 
     </span>
     <span class='ocr_line' id='line_1_18' title="bbox 188 2694 1565 2781; baseline -0.003 -20"><span class='ocrx_word' id='word_1_138' title='bbox 188 2716 331 2781; x_wconf 84' lang='lat' dir='ltr'><strong>spemque</strong></span> <span class='ocrx_word' id='word_1_139' title='bbox 352 2699 398 2761; x_wconf 89' lang='lat' dir='ltr'><strong>sui</strong></span> <span class='ocrx_word' id='word_1_140' title='bbox 419 2696 599 2780; x_wconf 86' lang='lat' dir='ltr'><strong>praeclaram</strong></span> <span class='ocrx_word' id='word_1_141' title='bbox 622 2698 705 2778; x_wconf 85' lang='lat' dir='ltr'><strong>iacit,</strong></span> <span class='ocrx_word' id='word_1_142' title='bbox 732 2716 821 2780; x_wconf 89' lang='lat' dir='ltr'><strong>quum</strong></span> <span class='ocrx_word' id='word_1_143' title='bbox 842 2715 940 2780; x_wconf 89' lang='lat' dir='ltr'><strong>neque</strong></span> <span class='ocrx_word' id='word_1_144' title='bbox 961 2699 1030 2762; x_wconf 90' lang='lat' dir='ltr'><strong>vitia</strong></span> <span class='ocrx_word' id='word_1_145' title='bbox 1054 2698 1144 2760; x_wconf 89' lang='lat' dir='ltr'><strong>nimia</strong></span> <span class='ocrx_word' id='word_1_146' title='bbox 1165 2705 1248 2776; x_wconf 88' lang='lat' dir='ltr'><strong>sunt,</strong></span> <span class='ocrx_word' id='word_1_147' title='bbox 1277 2704 1307 2760; x_wconf 92' lang='lat' dir='ltr'><strong>et</strong></span> <span class='ocrx_word' id='word_1_148' title='bbox 1334 2714 1412 2778; x_wconf 88' lang='lat' dir='ltr'><strong>quae</strong></span> <span class='ocrx_word' id='word_1_149' title='bbox 1433 2694 1565 2773; x_wconf 71' lang='lat' dir='ltr'><strong>drepani,</strong></span> 
     </span>
     <span class='ocr_line' id='line_1_19' title="bbox 188 2806 1567 2890; baseline -0.005 -19"><span class='ocrx_word' id='word_1_150' title='bbox 188 2809 346 2872; x_wconf 86' lang='lat' dir='ltr'><strong>severitate</strong></span> <span class='ocrx_word' id='word_1_151' title='bbox 368 2807 475 2889; x_wconf 82' lang='lat' dir='ltr'><strong>iudicii,</strong></span> <span class='ocrx_word' id='word_1_152' title='bbox 496 2826 532 2870; x_wconf 90' lang='lat' dir='ltr'><strong>ae</strong></span> <span class='ocrx_word' id='word_1_153' title='bbox 546 2807 716 2890; x_wconf 85' lang='lat' dir='ltr'><strong>disciplinae</strong></span> <span class='ocrx_word' id='word_1_154' title='bbox 737 2808 884 2890; x_wconf 88' lang='lat' dir='ltr'><strong>aequitate</strong></span> <span class='ocrx_word' id='word_1_155' title='bbox 904 2816 1054 2871; x_wconf 88' lang='lat' dir='ltr'><strong>notantur:</strong></span> <span class='ocrx_word' id='word_1_156' title='bbox 1076 2825 1174 2890; x_wconf 91' lang='lat' dir='ltr'><strong>neque</strong></span> <span class='ocrx_word' id='word_1_157' title='bbox 1195 2806 1297 2870; x_wconf 87' lang='lat' dir='ltr'><strong>turbae</strong></span> <span class='ocrx_word' id='word_1_158' title='bbox 1319 2821 1470 2887; x_wconf 88' lang='lat' dir='ltr'><strong>eousque</strong></span> <span class='ocrx_word' id='word_1_159' title='bbox 1491 2814 1567 2864; x_wconf 83' lang='lat' dir='ltr'><strong>cres·</strong></span> 
     </span>
     <span class='ocr_line' id='line_1_20' title="bbox 187 2911 1567 3001; baseline -0.005 -20"><span class='ocrx_word' id='word_1_160' title='bbox 187 2926 272 2999; x_wconf 84' lang='lat' dir='ltr'><strong>eunt,</strong></span> <span class='ocrx_word' id='word_1_161' title='bbox 299 2924 331 2981; x_wconf 88' lang='lat' dir='ltr'><strong>ut</strong></span> <span class='ocrx_word' id='word_1_162' title='bbox 358 2919 419 2981; x_wconf 91' lang='lat' dir='ltr'><strong>vim</strong></span> <span class='ocrx_word' id='word_1_163' title='bbox 446 2919 560 3000; x_wconf 89' lang='lat' dir='ltr'><strong>imperii</strong></span> <span class='ocrx_word' id='word_1_164' title='bbox 587 2917 760 3001; x_wconf 78' lang='lat' dir='ltr'><strong>infringant,</strong></span> <span class='ocrx_word' id='word_1_165' title='bbox 796 2925 827 2981; x_wconf 85' lang='lat' dir='ltr'><strong>et</strong></span> <span class='ocrx_word' id='word_1_166' title='bbox 853 2917 1075 2981; x_wconf 86' lang='lat' dir='ltr'><strong>saluberrimum</strong></span> <span class='ocrx_word' id='word_1_167' title='bbox 1101 2917 1203 2999; x_wconf 90' lang='lat' dir='ltr'><strong>legum</strong></span> <span class='ocrx_word' id='word_1_168' title='bbox 1226 2915 1374 2979; x_wconf 84' lang='lat' dir='ltr'><strong>vinculum</strong></span> <span class='ocrx_word' id='word_1_169' title='bbox 1405 2911 1567 2978; x_wconf 66' lang='lat' dir='ltr'><strong>dissolvant</strong></span> 
     </span>
     <span class='ocr_line' id='line_1_21' title="bbox 188 3018 1566 3111; baseline -0.007 -20"><span class='ocrx_word' id='word_1_170' title='bbox 188 3027 285 3102; x_wconf 82' lang='lat' dir='ltr'><strong>Quare</strong></span> <span class='ocrx_word' id='word_1_171' title='bbox 307 3029 333 3093; x_wconf 91' lang='lat' dir='ltr'><strong>si</strong></span> <span class='ocrx_word' id='word_1_172' title='bbox 354 3047 422 3092; x_wconf 89' lang='lat' dir='ltr'><strong>eum</strong></span> <span class='ocrx_word' id='word_1_173' title='bbox 443 3028 474 3089; x_wconf 88' lang='lat' dir='ltr'><strong>in</strong></span> <span class='ocrx_word' id='word_1_174' title='bbox 496 3026 624 3091; x_wconf 88' lang='lat' dir='ltr'><strong>ecclesia</strong></span> <span class='ocrx_word' id='word_1_175' title='bbox 645 3027 769 3111; x_wconf 88' lang='lat' dir='ltr'><strong>gradum</strong></span> <span class='ocrx_word' id='word_1_176' title='bbox 782 3028 884 3091; x_wconf 85' lang='lat' dir='ltr'><strong>Petrus</strong></span> <span class='ocrx_word' id='word_1_177' title='bbox 899 3028 997 3109; x_wconf 89' lang='lat' dir='ltr'><strong>reipsa</strong></span> <span class='ocrx_word' id='word_1_178' title='bbox 1019 3026 1150 3108; x_wconf 85' lang='lat' dir='ltr'><strong>obtinuit,</strong></span> <span class='ocrx_word' id='word_1_179' title='bbox 1172 3044 1260 3109; x_wconf 89' lang='lat' dir='ltr'><strong>quem</strong></span> <span class='ocrx_word' id='word_1_180' title='bbox 1281 3025 1322 3088; x_wconf 90' lang='lat' dir='ltr'><strong>illi</strong></span> <span class='ocrx_word' id='word_1_181' title='bbox 1344 3025 1489 3089; x_wconf 90' lang='lat' dir='ltr'><strong>hactenus</strong></span> <span class='ocrx_word' id='word_1_182' title='bbox 1508 3018 1566 3081; x_wconf 87' lang='lat' dir='ltr'><strong>vin·</strong></span> 
     </span>
     <span class='ocr_line' id='line_1_22' title="bbox 186 3126 1565 3221; baseline -0.01 -19"><span class='ocrx_word' id='word_1_183' title='bbox 186 3137 362 3221; x_wconf 81' lang='lat' dir='ltr'><strong>dicavimus3</strong></span> <span class='ocrx_word' id='word_1_184' title='bbox 383 3137 447 3201; x_wconf 85' lang='lat' dir='ltr'><strong>fieri</strong></span> <span class='ocrx_word' id='word_1_185' title='bbox 469 3139 519 3200; x_wconf 78' lang='lat' dir='ltr'><strong>vix</strong></span> <span class='ocrx_word' id='word_1_186' title='bbox 539 3144 588 3200; x_wconf 90' lang='lat' dir='ltr'><strong>aut</strong></span> <span class='ocrx_word' id='word_1_187' title='bbox 609 3155 648 3200; x_wconf 90' lang='lat' dir='ltr'><strong>ne</strong></span> <span class='ocrx_word' id='word_1_188' title='bbox 670 3139 720 3201; x_wconf 87' lang='lat' dir='ltr'><strong>vix</strong></span> <span class='ocrx_word' id='word_1_189' title='bbox 741 3137 859 3220; x_wconf 91' lang='lat' dir='ltr'><strong>quidem</strong></span> <span class='ocrx_word' id='word_1_190' title='bbox 872 3138 973 3220; x_wconf 66' lang='lat' dir='ltr'><strong>potuit,</strong></span> <span class='ocrx_word' id='word_1_191' title='bbox 996 3138 1066 3218; x_wconf 89' lang='lat' dir='ltr'><strong>quin</strong></span> <span class='ocrx_word' id='word_1_192' title='bbox 1087 3153 1125 3200; x_wconf 90' lang='lat' dir='ltr'><strong>eo</strong></span> <span class='ocrx_word' id='word_1_193' title='bbox 1147 3154 1182 3200; x_wconf 89' lang='lat' dir='ltr'><strong>se</strong></span> <span class='ocrx_word' id='word_1_194' title='bbox 1203 3136 1350 3218; x_wconf 88' lang='lat' dir='ltr'><strong>insignem</strong></span> <span class='ocrx_word' id='word_1_195' title='bbox 1372 3126 1565 3217; x_wconf 86' lang='lat' dir='ltr'><strong>pronunciatis</strong></span> 
     </span>
     <span class='ocr_line' id='line_1_23' title="bbox 185 3236 1565 3330; baseline -0.009 -20"><span class='ocrx_word' id='word_1_196' title='bbox 185 3247 313 3329; x_wconf 85' lang='lat' dir='ltr'><strong>iudiciis,</strong></span> <span class='ocrx_word' id='word_1_197' title='bbox 334 3247 450 3312; x_wconf 85' lang='lat' dir='ltr'><strong>indietis</strong></span> <span class='ocrx_word' id='word_1_198' title='bbox 470 3248 583 3328; x_wconf 88' lang='lat' dir='ltr'><strong>poenis,</strong></span> <span class='ocrx_word' id='word_1_199' title='bbox 606 3246 727 3313; x_wconf 90' lang='lat' dir='ltr'><strong>sublatis</strong></span> <span class='ocrx_word' id='word_1_200' title='bbox 748 3248 967 3329; x_wconf 86' lang='lat' dir='ltr'><strong>controversiis,</strong></span> <span class='ocrx_word' id='word_1_201' title='bbox 987 3247 1158 3330; x_wconf 87' lang='lat' dir='ltr'><strong>rogatisque</strong></span> <span class='ocrx_word' id='word_1_202' title='bbox 1178 3245 1295 3328; x_wconf 89' lang='lat' dir='ltr'><strong>legibus</strong></span> <span class='ocrx_word' id='word_1_203' title='bbox 1316 3243 1381 3327; x_wconf 90' lang='lat' dir='ltr'><strong>plus</strong></span> <span class='ocrx_word' id='word_1_204' title='bbox 1403 3238 1498 3308; x_wconf 86' lang='lat' dir='ltr'><strong>semet</strong></span> <span class='ocrx_word' id='word_1_205' title='bbox 1518 3236 1565 3299; x_wconf 78' lang='lat' dir='ltr'><strong>dc</strong></span> 
     </span>
     <span class='ocr_line' id='line_1_24' title="bbox 188 3358 402 3421; baseline 0 -2"><span class='ocrx_word' id='word_1_206' title='bbox 188 3358 402 3421; x_wconf 83' lang='lat' dir='ltr'><strong>monstraverit.</strong></span> 
     </span>
    </p>

    <p class='ocr_par' dir='ltr' id='par_1_5' title="bbox 186 3461 1563 4538">
     <span class='ocr_line' id='line_1_25' title="bbox 292 3461 1563 3548; baseline -0.007 -20"><span class='ocrx_word' id='word_1_207' title='bbox 292 3472 362 3530; x_wconf 77' lang='lat'><strong>239.</strong></span> <span class='ocrx_word' id='word_1_208' title='bbox 404 3464 440 3528; x_wconf 85' lang='lat' dir='ltr'><strong>Et</strong></span> <span class='ocrx_word' id='word_1_209' title='bbox 461 3484 496 3529; x_wconf 92' lang='lat' dir='ltr'><strong>re</strong></span> <span class='ocrx_word' id='word_1_210' title='bbox 516 3484 588 3529; x_wconf 89' lang='lat' dir='ltr'><strong>sane</strong></span> <span class='ocrx_word' id='word_1_211' title='bbox 608 3485 679 3530; x_wconf 80' lang='lat' dir='ltr'><strong>vera</strong></span> <span class='ocrx_word' id='word_1_212' title='bbox 700 3474 816 3530; x_wconf 89' lang='lat' dir='ltr'><strong>actuum</strong></span> <span class='ocrx_word' id='word_1_213' title='bbox 837 3483 911 3547; x_wconf 92' lang='lat' dir='ltr'><strong>quos</strong></span> <span class='ocrx_word' id='word_1_214' title='bbox 932 3466 1184 3548; x_wconf 84' lang='lat' dir='ltr'><strong>enumeravimus,</strong></span> <span class='ocrx_word' id='word_1_215' title='bbox 1213 3483 1251 3528; x_wconf 92' lang='lat' dir='ltr'><strong>ne</strong></span> <span class='ocrx_word' id='word_1_216' title='bbox 1271 3483 1362 3528; x_wconf 89' lang='lat' dir='ltr'><strong>unum</strong></span> <span class='ocrx_word' id='word_1_217' title='bbox 1383 3461 1501 3545; x_wconf 86' lang='lat' dir='ltr'><strong>quidem</strong></span> <span class='ocrx_word' id='word_1_218' title='bbox 1519 3471 1563 3518; x_wconf 88' lang='lat' dir='ltr'><strong>as·</strong></span> 
     </span>
     <span class='ocr_line' id='line_1_26' title="bbox 186 3556 1563 3658; baseline -0.005 -20"><span class='ocrx_word' id='word_1_219' title='bbox 186 3575 305 3657; x_wconf 90' lang='lat' dir='ltr'><strong>signare</strong></span> <span class='ocrx_word' id='word_1_220' title='bbox 325 3576 395 3639; x_wconf 89' lang='lat' dir='ltr'><strong>licet</strong></span> <span class='ocrx_word' id='word_1_221' title='bbox 422 3593 510 3657; x_wconf 91' lang='lat' dir='ltr'><strong>quem</strong></span> <span class='ocrx_word' id='word_1_222' title='bbox 530 3575 633 3640; x_wconf 86' lang='lat' dir='ltr'><strong>Petrus</strong></span> <span class='ocrx_word' id='word_1_223' title='bbox 651 3595 713 3640; x_wconf 89' lang='lat' dir='ltr'><strong>non</strong></span> <span class='ocrx_word' id='word_1_224' title='bbox 734 3577 913 3658; x_wconf 81' lang='lat' dir='ltr'><strong>exercuerit,</strong></span> <span class='ocrx_word' id='word_1_225' title='bbox 944 3556 1155 3657; x_wconf 48' lang='lat' dir='ltr'><strong>eoque&#39;pacto</strong></span> <span class='ocrx_word' id='word_1_226' title='bbox 1183 3575 1363 3654; x_wconf 79' lang='lat' dir='ltr'><strong>exercuerit,</strong></span> <span class='ocrx_word' id='word_1_227' title='bbox 1390 3570 1470 3655; x_wconf 89' lang='lat' dir='ltr'><strong>quod</strong></span> <span class='ocrx_word' id='word_1_228' title='bbox 1491 3566 1563 3631; x_wconf 89' lang='lat' dir='ltr'><strong>ittum</strong></span> 
     </span>
     <span class='ocr_line' id='line_1_27' title="bbox 186 3670 1563 3768; baseline -0.007 -21"><span class='ocrx_word' id='word_1_229' title='bbox 186 3684 319 3747; x_wconf 90' lang='lat' dir='ltr'><strong>omnibus</strong></span> <span class='ocrx_word' id='word_1_230' title='bbox 347 3685 545 3766; x_wconf 88' lang='lat' dir='ltr'><strong>praepositum</strong></span> <span class='ocrx_word' id='word_1_231' title='bbox 572 3686 759 3768; x_wconf 81' lang='lat' dir='ltr'><strong>significaret</strong></span> <span class='ocrx_word' id='word_1_232' title='bbox 802 3686 839 3750; x_wconf 91' lang='lat' dir='ltr'><strong>Ut</strong></span> <span class='ocrx_word' id='word_1_233' title='bbox 864 3688 943 3748; x_wconf 90' lang='lat' dir='ltr'><strong>enim</strong></span> <span class='ocrx_word' id='word_1_234' title='bbox 964 3683 1117 3748; x_wconf 87' lang='lat' dir='ltr'><strong>exordium</strong></span> <span class='ocrx_word' id='word_1_235' title='bbox 1146 3683 1183 3748; x_wconf 90' lang='lat' dir='ltr'><strong>ab</strong></span> <span class='ocrx_word' id='word_1_236' title='bbox 1211 3684 1247 3746; x_wconf 86' lang='lat' dir='ltr'><strong>iis</strong></span> <span class='ocrx_word' id='word_1_237' title='bbox 1276 3702 1404 3764; x_wconf 85' lang='lat' dir='ltr'><strong>sumam,</strong></span> <span class='ocrx_word' id='word_1_238' title='bbox 1432 3696 1506 3764; x_wconf 90' lang='lat' dir='ltr'><strong>quae</strong></span> <span class='ocrx_word' id='word_1_239' title='bbox 1530 3670 1563 3737; x_wconf 87' lang='lat' dir='ltr'><strong>ad</strong></span> 
     </span>
     <span class='ocr_line' id='line_1_28' title="bbox 186 3793 1561 3878; baseline -0.006 -22"><span class='ocrx_word' id='word_1_240' title='bbox 186 3793 382 3875; x_wconf 79' lang='lat' dir='ltr'><strong>iudiciariam</strong></span> <span class='ocrx_word' id='word_1_241' title='bbox 399 3802 590 3878; x_wconf 79' lang='lat' dir='ltr'><strong>potestatem¹</strong></span> <span class='ocrx_word' id='word_1_242' title='bbox 602 3794 778 3878; x_wconf 80' lang='lat' dir='ltr'><strong>reseruntur,</strong></span> <span class='ocrx_word' id='word_1_243' title='bbox 800 3797 917 3860; x_wconf 90' lang='lat' dir='ltr'><strong>Petrum</strong></span> <span class='ocrx_word' id='word_1_244' title='bbox 931 3795 1039 3858; x_wconf 71' lang='lat' dir='ltr'><strong>{audio¹</strong></span> <span class='ocrx_word' id='word_1_245' title='bbox 1075 3812 1114 3859; x_wconf 89' lang='lat' dir='ltr'><strong>ex</strong></span> <span class='ocrx_word' id='word_1_246' title='bbox 1136 3795 1306 3857; x_wconf 85' lang='lat' dir='ltr'><strong>auctoritate</strong></span> <span class='ocrx_word' id='word_1_247' title='bbox 1328 3795 1561 3874; x_wconf 80' lang='lat' dir='ltr'><strong>interrogantem,</strong></span> 
     </span>
     <span class='ocr_line' id='line_1_29' title="bbox 187 3903 1562 3986; baseline 0.001 -22"><span class='ocrx_word' id='word_1_248' title='bbox 187 3904 259 3966; x_wconf 77' lang='lat' dir='ltr'><strong>etat</strong></span> <span class='ocrx_word' id='word_1_249' title='bbox 274 3925 341 3985; x_wconf 82' lang='lat' dir='ltr'><strong>pm,</strong></span> <span class='ocrx_word' id='word_1_250' title='bbox 363 3908 392 3968; x_wconf 81' lang='lat' dir='ltr'><strong>at</strong></span> <span class='ocrx_word' id='word_1_251' title='bbox 414 3903 565 3968; x_wconf 83' lang='grc' dir='ltr'><em>τοσούτου</em></span> <span class='ocrx_word' id='word_1_252' title='bbox 584 3904 620 3968; x_wconf 86' lang='grc' dir='ltr'><strong>τὸ</strong></span> <span class='ocrx_word' id='word_1_253' title='bbox 640 3904 763 3986; x_wconf 81' lang='grc' dir='ltr'><em>χωρίου</em></span> <span class='ocrx_word' id='word_1_254' title='bbox 783 3903 969 3982; x_wconf 61' lang='lat' dir='ltr'><strong>duedecim</strong></span> <span class='ocrx_word' id='word_1_255' title='bbox 990 3903 1060 3966; x_wconf 89' lang='lat' dir='ltr'><strong>mibi</strong></span> <span class='ocrx_word' id='word_1_256' title='bbox 1078 3903 1175 3986; x_wconf 86' lang='lat' dir='ltr'><strong>dicito,</strong></span> <span class='ocrx_word' id='word_1_257' title='bbox 1198 3904 1224 3967; x_wconf 87' lang='lat' dir='ltr'><strong>si</strong></span> <span class='ocrx_word' id='word_1_258' title='bbox 1244 3905 1316 3967; x_wconf 91' lang='lat' dir='ltr'><strong>tanti</strong></span> <span class='ocrx_word' id='word_1_259' title='bbox 1338 3904 1465 3984; x_wconf 84' lang='lat' dir='ltr'><strong>agrum²</strong></span> <span class='ocrx_word' id='word_1_260' title='bbox 1496 3911 1562 3958; x_wconf 73' lang='lat' dir='ltr'><strong>vell·</strong></span> 
     </span>
     <span class='ocr_line' id='line_1_30' title="bbox 187 4002 1561 4095; baseline 0.001 -20"><span class='ocrx_word' id='word_1_261' title='bbox 187 4011 321 4078; x_wconf 87' lang='lat' dir='ltr'><strong>didistisi</strong></span> <span class='ocrx_word' id='word_1_262' title='bbox 358 4014 437 4077; x_wconf 87' lang='lat' dir='ltr'><strong>illum</strong></span> <span class='ocrx_word' id='word_1_263' title='bbox 463 4014 550 4078; x_wconf 91' lang='lat' dir='ltr'><strong>audio</strong></span> <span class='ocrx_word' id='word_1_264' title='bbox 573 4015 718 4079; x_wconf 87' lang='lat' dir='ltr'><strong>mendacii</strong></span> <span class='ocrx_word' id='word_1_265' title='bbox 746 4017 897 4080; x_wconf 88' lang='lat' dir='ltr'><strong>convictos</strong></span> <span class='ocrx_word' id='word_1_266' title='bbox 919 4015 1131 4079; x_wconf 81' lang='lat' dir='ltr'><strong>severissime³</strong></span> <span class='ocrx_word' id='word_1_267' title='bbox 1166 4012 1386 4095; x_wconf 88' lang='lat' dir='ltr'><strong>obiurgantem:</strong></span> <span class='ocrx_word' id='word_1_268' title='bbox 1429 4002 1561 4077; x_wconf 56' lang='lat' dir='ltr'><strong>mnan,</strong></span> 
     </span>
     <span class='ocr_line' id='line_1_31' title="bbox 188 4106 1561 4226; baseline -0.002 -42"><span class='ocrx_word' id='word_1_269' title='bbox 188 4119 269 4185; x_wconf 77' lang='lat' dir='ltr'><strong>denti</strong></span> <span class='ocrx_word' id='word_1_270' title='bbox 295 4120 472 4206; x_wconf 76' lang='grc' dir='ltr'><em>ἐπλήρωσεν</em></span> <span class='ocrx_word' id='word_1_271' title='bbox 500 4125 518 4186; x_wconf 88' lang='lat' dir='ltr'><strong>d</strong></span> <span class='ocrx_word' id='word_1_272' title='bbox 544 4127 683 4202; x_wconf 77' lang='grc' dir='ltr'><em>σατυνᾱς</em></span> <span class='ocrx_word' id='word_1_273' title='bbox 709 4121 765 4204; x_wconf 74' lang='lat' dir='ltr'><strong>trio</strong></span> <span class='ocrx_word' id='word_1_274' title='bbox 795 4124 932 4208; x_wconf 73' lang='grc' dir='ltr'><em>καρδίαν</em></span> <span class='ocrx_word' id='word_1_275' title='bbox 959 4144 1035 4201; x_wconf 92' lang='grc' dir='ltr'><em>σου,</em></span> <span class='ocrx_word' id='word_1_276' title='bbox 1061 4121 1252 4226; x_wconf 55' lang='lat' dir='ltr'><strong>apponebat</strong></span> <span class='ocrx_word' id='word_1_277' title='bbox 1273 4140 1309 4186; x_wconf 84' lang='lat' dir='ltr'><strong>ce</strong></span> <span class='ocrx_word' id='word_1_278' title='bbox 1329 4121 1365 4185; x_wconf 86' lang='grc' dir='ltr'><strong>τὸ</strong></span> <span class='ocrx_word' id='word_1_279' title='bbox 1385 4123 1505 4203; x_wconf 78' lang='grc' dir='ltr'><em>πνεῦμα</em></span> <span class='ocrx_word' id='word_1_280' title='bbox 1530 4106 1561 4173; x_wconf 76' lang='grc' dir='ltr'><strong>τὸ</strong></span> 
     </span>
     <span class='ocr_line' id='line_1_32' title="bbox 186 4212 1559 4320; baseline -0.001 -26"><span class='ocrx_word' id='word_1_281' title='bbox 186 4228 296 4311; x_wconf 76' lang='grc' dir='ltr'><em>ἅγιον,</em></span> <span class='ocrx_word' id='word_1_282' title='bbox 325 4233 378 4296; x_wconf 84' lang='grc' dir='ltr'><strong>καὶ</strong></span> <span class='ocrx_word' id='word_1_283' title='bbox 399 4212 621 4320; x_wconf 60' lang='grc' dir='ltr'><em>νοσφίσασθαι</em></span> <span class='ocrx_word' id='word_1_284' title='bbox 641 4233 706 4299; x_wconf 77' lang='lat' dir='ltr'><strong>cind</strong></span> <span class='ocrx_word' id='word_1_285' title='bbox 727 4238 780 4313; x_wconf 81' lang='grc' dir='ltr'><strong>τῆς</strong></span> <span class='ocrx_word' id='word_1_286' title='bbox 801 4239 888 4318; x_wconf 81' lang='grc' dir='ltr'><strong><em>τιμῆς</em></strong></span> <span class='ocrx_word' id='word_1_287' title='bbox 909 4237 966 4298; x_wconf 87' lang='grc' dir='ltr'><strong>τοῦ</strong></span> <span class='ocrx_word' id='word_1_288' title='bbox 987 4232 1129 4317; x_wconf 60' lang='lat' dir='ltr'><strong>papium·</strong></span> <span class='ocrx_word' id='word_1_289' title='bbox 1158 4230 1233 4310; x_wconf 81' lang='grc' dir='ltr'><em>οὐχὶ</em></span> <span class='ocrx_word' id='word_1_290' title='bbox 1257 4238 1372 4314; x_wconf 77' lang='grc' dir='ltr'><em>μένου,</em></span> <span class='ocrx_word' id='word_1_291' title='bbox 1400 4233 1450 4296; x_wconf 81' lang='grc' dir='ltr'><strong>σοὶ</strong></span> <span class='ocrx_word' id='word_1_292' title='bbox 1469 4230 1559 4311; x_wconf 70' lang='lat' dir='ltr'><strong>tane,</strong></span> 
     </span>
     <span class='ocr_line' id='line_1_33' title="bbox 187 4326 1559 4430; baseline -0.001 -27"><span class='ocrx_word' id='word_1_293' title='bbox 187 4341 241 4404; x_wconf 78' lang='grc' dir='ltr'><strong>καὶ</strong></span> <span class='ocrx_word' id='word_1_294' title='bbox 265 4340 394 4424; x_wconf 69' lang='grc' dir='ltr'><em>πραθὲν</em></span> <span class='ocrx_word' id='word_1_295' title='bbox 421 4348 455 4408; x_wconf 79' lang='grc' dir='ltr'><strong>ἐν</strong></span> <span class='ocrx_word' id='word_1_296' title='bbox 481 4347 519 4428; x_wconf 79' lang='grc' dir='ltr'><strong>τῇ</strong></span> <span class='ocrx_word' id='word_1_297' title='bbox 543 4347 584 4430; x_wconf 80' lang='grc' dir='ltr'><strong>σῇ</strong></span> <span class='ocrx_word' id='word_1_298' title='bbox 610 4342 737 4429; x_wconf 72' lang='grc' dir='ltr'><em>ἐξουσίᾳ</em></span> <span class='ocrx_word' id='word_1_299' title='bbox 766 4343 906 4426; x_wconf 61' lang='lat' dir='ltr'><strong>iudom</strong></span> <span class='ocrx_word' id='word_1_300' title='bbox 940 4346 970 4409; x_wconf 82' lang='grc' dir='ltr'><strong>τί</strong></span> <span class='ocrx_word' id='word_1_301' title='bbox 1000 4342 1047 4407; x_wconf 77' lang='grc' dir='ltr'><strong>δ’τι</strong></span> <span class='ocrx_word' id='word_1_302' title='bbox 1074 4344 1157 4407; x_wconf 71' lang='grc' dir='ltr'><em>ἔθου</em></span> <span class='ocrx_word' id='word_1_303' title='bbox 1183 4347 1217 4405; x_wconf 76' lang='grc' dir='ltr'><strong>ἐν</strong></span> <span class='ocrx_word' id='word_1_304' title='bbox 1243 4345 1281 4427; x_wconf 76' lang='grc' dir='ltr'><strong>τῇ</strong></span> <span class='ocrx_word' id='word_1_305' title='bbox 1307 4339 1424 4425; x_wconf 75' lang='grc' dir='ltr'><em>καρδίᾳ</em></span> <span class='ocrx_word' id='word_1_306' title='bbox 1451 4352 1507 4402; x_wconf 80' lang='grc' dir='ltr'><strong>σου</strong></span> <span class='ocrx_word' id='word_1_307' title='bbox 1528 4326 1559 4393; x_wconf 71' lang='grc' dir='ltr'><strong>τὸ</strong></span> 
     </span>
     <span class='ocr_line' id='line_1_34' title="bbox 187 4440 1556 4538; baseline -0.003 -25"><span class='ocrx_word' id='word_1_308' title='bbox 187 4453 320 4533; x_wconf 74' lang='grc' dir='ltr'><em>πρᾶγμα</em></span> <span class='ocrx_word' id='word_1_309' title='bbox 346 4453 453 4533; x_wconf 62' lang='lat' dir='ltr'><strong>coium·</strong></span> <span class='ocrx_word' id='word_1_310' title='bbox 478 4452 537 4518; x_wconf 78' lang='grc' dir='ltr'><strong>οὐκ</strong></span> <span class='ocrx_word' id='word_1_311' title='bbox 555 4452 682 4538; x_wconf 73' lang='grc' dir='ltr'><em>ἐψεύσω</em></span> <span class='ocrx_word' id='word_1_312' title='bbox 702 4453 910 4536; x_wconf 76' lang='grc' dir='ltr'><em>ἀνθρώποις,</em></span> <span class='ocrx_word' id='word_1_313' title='bbox 940 4451 1023 4518; x_wconf 69' lang='grc' dir='ltr'><strong>(ἑλλοὶ</strong></span> <span class='ocrx_word' id='word_1_314' title='bbox 1043 4456 1086 4536; x_wconf 80' lang='grc' dir='ltr'><strong>τῷ</strong></span> <span class='ocrx_word' id='word_1_315' title='bbox 1108 4452 1194 4538; x_wconf 75' lang='grc' dir='ltr'><strong>θεῷ.</strong></span> <span class='ocrx_word' id='word_1_316' title='bbox 1222 4454 1350 4533; x_wconf 85' lang='lat' dir='ltr'><strong>Anania,</strong></span> <span class='ocrx_word' id='word_1_317' title='bbox 1381 4470 1434 4515; x_wconf 91' lang='lat' dir='ltr'><strong>cur</strong></span> <span class='ocrx_word' id='word_1_318' title='bbox 1453 4440 1556 4513; x_wconf 76' lang='lat' dir='ltr'><strong>sivisii⁴</strong></span> 
     </span>
    </p>
   </div>
   <div class='ocr_carea' id='block_1_5' title="bbox 188 4625 1557 5034">
    <p class='ocr_par' dir='ltr' id='par_1_6' title="bbox 251 4625 1557 4715">
     <span class='ocr_line' id='line_1_35' title="bbox 251 4625 1557 4715; baseline -0.008 -22"><span class='ocrx_word' id='word_1_319' title='bbox 251 4637 276 4712; x_wconf 86' lang='lat'><strong>¹)</strong></span> <span class='ocrx_word' id='word_1_320' title='bbox 288 4637 347 4694; x_wconf 77' lang='lat' dir='ltr'><strong>Act.</strong></span> <span class='ocrx_word' id='word_1_321' title='bbox 358 4639 392 4694; x_wconf 89' lang='lat' dir='ltr'><strong>V.</strong></span> <span class='ocrx_word' id='word_1_322' title='bbox 404 4639 441 4715; x_wconf 83' lang='grc'><strong>8;</strong></span> <span class='ocrx_word' id='word_1_323' title='bbox 455 4639 501 4696; x_wconf 89' lang='lat' dir='ltr'><strong>nbi</strong></span> <span class='ocrx_word' id='word_1_324' title='bbox 510 4639 640 4712; x_wconf 78' lang='lat' dir='ltr'><strong>vulgatus</strong></span> <span class='ocrx_word' id='word_1_325' title='bbox 651 4642 735 4715; x_wconf 85' lang='lat' dir='ltr'><strong>addit,</strong></span> <span class='ocrx_word' id='word_1_326' title='bbox 747 4641 855 4700; x_wconf 78' lang='lat' dir='ltr'><strong>mulier.</strong></span> <span class='ocrx_word' id='word_1_327' title='bbox 965 4638 993 4713; x_wconf 84' lang='lat'><strong>⁴)</strong></span> <span class='ocrx_word' id='word_1_328' title='bbox 1019 4639 1109 4696; x_wconf 85' lang='lat' dir='ltr'><strong>Verba</strong></span> <span class='ocrx_word' id='word_1_329' title='bbox 1135 4641 1205 4697; x_wconf 88' lang='lat' dir='ltr'><strong>enim</strong></span> <span class='ocrx_word' id='word_1_330' title='bbox 1237 4640 1370 4696; x_wconf 87' lang='lat' dir='ltr'><strong>actionem</strong></span> <span class='ocrx_word' id='word_1_331' title='bbox 1400 4625 1557 4708; x_wconf 76' lang='lat' dir='ltr'><strong>designanti·</strong></span> 
     </span>
    </p>

    <p class='ocr_par' dir='ltr' id='par_1_7' title="bbox 188 4743 1555 4924">
     <span class='ocr_line' id='line_1_36' title="bbox 247 4743 1555 4818; baseline 0.005 -19"><span class='ocrx_word' id='word_1_332' title='bbox 247 4744 276 4817; x_wconf 77' lang='lat'><strong>²)</strong></span> <span class='ocrx_word' id='word_1_333' title='bbox 304 4743 400 4812; x_wconf 76' lang='lat' dir='ltr'><strong>Quanti</strong></span> <span class='ocrx_word' id='word_1_334' title='bbox 431 4761 446 4799; x_wconf 86' lang='lat' dir='ltr'><strong>a</strong></span> <span class='ocrx_word' id='word_1_335' title='bbox 474 4744 555 4802; x_wconf 82' lang='lat' dir='ltr'><strong>vobis</strong></span> <span class='ocrx_word' id='word_1_336' title='bbox 581 4747 664 4805; x_wconf 83' lang='lat' dir='ltr'><strong>tuisse</strong></span> <span class='ocrx_word' id='word_1_337' title='bbox 691 4747 856 4806; x_wconf 81' lang='lat' dir='ltr'><strong>diuenditnm</strong></span> <span class='ocrx_word' id='word_1_338' title='bbox 905 4744 939 4802; x_wconf 84' lang='lat' dir='ltr'><strong>de</strong></span> <span class='ocrx_word' id='word_1_339' title='bbox 963 4745 1109 4802; x_wconf 88' lang='lat' dir='ltr'><strong>occasione</strong></span> <span class='ocrx_word' id='word_1_340' title='bbox 1135 4761 1189 4803; x_wconf 91' lang='lat' dir='ltr'><strong>nou</strong></span> <span class='ocrx_word' id='word_1_341' title='bbox 1216 4761 1278 4802; x_wconf 90' lang='lat' dir='ltr'><strong>raro</strong></span> <span class='ocrx_word' id='word_1_342' title='bbox 1295 4744 1473 4818; x_wconf 62' lang='lat' dir='ltr'><strong>’intelligenda</strong></span> <span class='ocrx_word' id='word_1_343' title='bbox 1492 4748 1555 4805; x_wconf 59' lang='grc' dir='ltr'><em>Μ</em></span> 
     </span>
     <span class='ocr_line' id='line_1_37' title="bbox 188 4839 1555 4924; baseline -0.003 -18"><span class='ocrx_word' id='word_1_344' title='bbox 188 4848 307 4907; x_wconf 74' lang='lat' dir='ltr'><strong>Ananias</strong></span> <span class='ocrx_word' id='word_1_345' title='bbox 328 4866 354 4905; x_wconf 86' lang='lat' dir='ltr'><strong>v.</strong></span> <span class='ocrx_word' id='word_1_346' title='bbox 375 4848 403 4905; x_wconf 84' lang='lat'><strong>2.</strong></span> <span class='ocrx_word' id='word_1_347' title='bbox 423 4851 599 4910; x_wconf 79' lang='lat' dir='ltr'><strong>confirmauit.</strong></span> <span class='ocrx_word' id='word_1_348' title='bbox 901 4851 1030 4924; x_wconf 81' lang='lat' dir='ltr'><strong>exemplis</strong></span> <span class='ocrx_word' id='word_1_349' title='bbox 1061 4857 1172 4908; x_wconf 76' lang='lat' dir='ltr'><strong>comat</strong></span> <span class='ocrx_word' id='word_1_350' title='bbox 1225 4852 1301 4909; x_wconf 86' lang='lat' dir='ltr'><strong>Unde</strong></span> <span class='ocrx_word' id='word_1_351' title='bbox 1330 4851 1411 4908; x_wconf 84' lang='lat' dir='ltr'><strong>iilud:</strong></span> <span class='ocrx_word' id='word_1_352' title='bbox 1455 4839 1555 4904; x_wconf 68' lang='grc' dir='ltr'><strong>ΒΜ</strong></span> 
     </span>
    </p>

    <p class='ocr_par' dir='ltr' id='par_1_8' title="bbox 250 4956 1511 5034">
     <span class='ocr_line' id='line_1_38' title="bbox 250 4956 1511 5034; baseline 0.004 -23"><span class='ocrx_word' id='word_1_353' title='bbox 250 4956 278 5031; x_wconf 87' lang='lat'><strong>³)</strong></span> <span class='ocrx_word' id='word_1_354' title='bbox 298 4956 358 5011; x_wconf 75' lang='lat' dir='ltr'><strong>Act.</strong></span> <span class='ocrx_word' id='word_1_355' title='bbox 381 4956 416 5013; x_wconf 84' lang='lat' dir='ltr'><strong>V.</strong></span> <span class='ocrx_word' id='word_1_356' title='bbox 436 4957 535 5017; x_wconf 77' lang='lat'><strong>3-5,</strong></span> <span class='ocrx_word' id='word_1_357' title='bbox 898 4965 1010 5034; x_wconf 63' lang='lat' dir='ltr'><strong>penum</strong></span> <span class='ocrx_word' id='word_1_358' title='bbox 1029 4975 1128 5033; x_wconf 77' lang='lat' dir='ltr'><strong>sepner</strong></span> <span class='ocrx_word' id='word_1_359' title='bbox 1145 4959 1219 5031; x_wconf 78' lang='lat' dir='ltr'><strong>fucit</strong></span> <span class='ocrx_word' id='word_1_360' title='bbox 1236 4958 1410 5033; x_wconf 65' lang='lat' dir='ltr'><strong>mdatpmtn</strong></span> <span class='ocrx_word' id='word_1_361' title='bbox 1427 4960 1511 5016; x_wconf 69' lang='lat' dir='ltr'><strong>ndat·</strong></span> 
     </span>
    </p>
   </div>
   <div class='ocr_carea' id='block_1_6' title="bbox 0 0 1634 5400">
    <p class='ocr_par' dir='ltr' id='par_1_9' title="bbox 0 0 1634 5400">
     <span class='ocr_line' id='line_1_39' title="bbox 0 0 1634 5400; baseline 0 4"><span class='ocrx_word' id='word_1_362' title='bbox 0 0 1634 5400; x_wconf 95' lang='lat' dir='ltr'><strong> </strong></span> 
     </span>
    </p>
   </div>
  </div>
 </body>
</html>
