3258 5400
203 299 245 361 88
724 294 856 364 ΗΜ
896 296 1065 366 PRIMUS

207 473 362 532 Metam
381 486 484 531 unam
527 466 647 533 Scilicet
664 486 783 550 semper
801 468 877 532 illius
896 468 1107 533 administratio
1128 475 1158 532 et
1173 469 1309 551 regimen
1322 470 1351 503 ¹⁸
1370 468 1410 532 ad
1430 485 1525 532 uun
1545 485 1591 532 su·

207 596 356 660 promum,
379 575 583 658 risibilemque
604 580 800 661 praepositum
815 578 979 660 pertinebit.

316 695 366 750 80.
409 687 470 753 Sed
495 690 612 751 cuinam
639 686 668 750 id
693 689 764 751 iuris
790 687 968 768 tribuemus,
996 695 1027 751 et
1053 706 1142 769 quem
1171 688 1335 770 putabimus
1360 688 1533 768 delectum,
1564 699 1593 752 ut

210 792 337 880 ἅμέσως
361 804 428 879 post
454 796 600 861 Christum
625 795 702 860 illius
733 798 814 861 vices
839 799 983 879 supremi,
1016 797 1197 880 visibilisque
1225 801 1326 880 capitis
1353 796 1513 881 implorati
1543 798 1593 881 ipa'

211 925 329 991 quoque
349 907 528 971 schismatici
548 915 577 969 et
597 914 807 988 protestantes,
829 908 885 969 nisi
907 906 1009 971 malint
1028 908 1148 971 omnino
1168 908 1320 991 desipere,
1350 916 1457 991 speum
1478 907 1591 987 abbani

210 1016 301 1098 longe
322 1035 391 1080 esse
412 1016 524 1081 facilium
547 1019 681 1099 quemvis
702 1036 720 1080 e
742 1016 839 1080 medio
852 1019 1048 1099 praepositum
1061 1017 1175 1097 tallere,
1196 1037 1284 1100 quam
1306 1037 1344 1081 eo
1363 1017 1500 1100 probato,
1521 1017 1591 1079 illias

210 1134 318 1207 partes,
341 1144 447 1190 marrus
469 1147 504 1191 ac
524 1130 588 1191 iura
608 1127 692 1190 alteri
713 1146 802 1209 qaam
824 1125 909 1188 Petro
930 1125 1057 1189 deferre.
1101 1126 1267 1209 scripturae
1285 1129 1363 1189 enim
1384 1128 1411 1190 si
1432 1145 1528 1208 quem
1547 1146 1590 1189 sa

213 1243 325 1298 cretum
346 1254 364 1298 a
384 1239 507 1319 ceteris,
528 1238 741 1319 praerogativis
763 1243 914 1316 ornatum,
941 1237 1116 1318 eximiisque
1137 1256 1153 1300 a
1175 1236 1290 1300 Christo
1312 1236 1491 1300 cumuhtum
1514 1235 1591 1299 donis
1620 1314 1621 1319 ἵ

211 1344 382 1427 ostendunt,
411 1365 470 1410 non
497 1345 585 1410 alium
613 1346 715 1426 utique
743 1362 830 1426 quam
849 1343 966 1407 Petmm
979 1346 1006 1380 ¹·
1035 1345 1243 1409 demonstrant.
1287 1344 1370 1408 Unde
1399 1345 1492 1409 uideo
1520 1348 1591 1428 ipsas
1620 1326 1621 1341 ¹

212 1455 300 1539 etiam
328 1453 528 1519 heterodoxos
554 1453 749 1519 alienissimos
777 1471 831 1518 eos
860 1453 979 1536 quidam
999 1453 1037 1517 ah
1058 1474 1094 1518 ea
1114 1455 1183 1519 lidei
1203 1455 1402 1538 professione,
1432 1474 1493 1537 qua
1515 1463 1590 1537 pota

211 1568 309 1647 statis,
331 1568 496 1648 summique
514 1567 585 1629 iaris
599 1567 738 1647 primatus
750 1564 838 1628 Petro
854 1565 1007 1645 asseritur,
1029 1564 1084 1628 sed
1105 1569 1135 1630 in
1149 1584 1215 1628 eam
1229 1567 1405 1629 sententiam
1418 1566 1555 1628 vicissim
1565 1568 1588 1596 ¹·

209 1692 387 1759 propensos,
415 1694 473 1757 qua
500 1674 635 1755 docetur,
666 1693 757 1737 unum
781 1694 819 1737 ex
841 1674 975 1738 omnibus
998 1674 1114 1738 Petnrm
1134 1676 1255 1739 honoris
1283 1682 1372 1756 atque
1400 1673 1519 1738 ordinis
1539 1676 1589 1755 pri

211 1795 291 1850 matu
310 1786 496 1850 excelluisse.
539 1784 717 1847 Tenebimus
738 1802 830 1865 ergo,
852 1785 1000 1866 certisque
1022 1787 1168 1849 rationum
1189 1785 1345 1847 nonanus
1365 1786 1504 1865 persuasi
1526 1784 1590 1846 iudi-

210 1896 360 1977 cabimus,
388 1895 505 1959 Petmm
532 1914 600 1958 esse
628 1912 717 1976 quem
742 1893 873 1956 Christus
900 1895 1097 1976 suimetipsius
1122 1896 1263 1958 uicarium
1290 1894 1431 1973 instituit,
1465 1910 1591 1975 meque

210 2007 357 2070 ecclesiae
378 2004 497 2085 ducem,
518 2012 725 2086 rectoremque
745 2006 922 2085 praeposuit

318 2121 369 2178 81.
412 2115 453 2177 lta
470 2133 508 2177 ne
524 2132 607 2195 vero,
626 2121 658 2176 ut
672 2116 776 2196 quoru
789 2116 895 2196 potiori
916 2116 981 2178 iure
1002 2114 1165 2195 destitutum,
1184 2115 1299 2179 honore
1319 2113 1416 2178 solum
1435 2120 1530 2195 atque
1549 2130 1590 2175 or·

164 2286 171 2295 .
212 2228 280 2291 dine
300 2221 513 2309 praecelleret?
535 2225 633 2305 opinio
653 2232 699 2287 est
718 2227 773 2288 ista
793 2227 1029 2308 protestantium
1058 2226 1112 2290 sed
1133 2244 1172 2289 ne
1194 2227 1359 2308 cogitemus
1380 2221 1590 2285 denudabo

212 2338 309 2417 norb,
332 2334 502 2416 ordinisque
523 2335 648 2416 primatu
669 2337 790 2418 exigunt
803 2338 830 2369 ²¹
854 2334 1024 2418 frequentes
1044 2339 1224 2415 sententiae,
1247 2335 1352 2417 quibus
1372 2350 1468 2396 vanos
1487 2332 1609 2409 titulus,⁴

212 2448 389 2527 inanemque
408 2462 544 2527 pompam
565 2463 581 2505 a
602 2440 752 2508 coelorum
775 2464 871 2529 regno
893 2446 1057 2509 amandavit
1078 2445 1209 2509 Christus
1230 2452 1318 2526 atque
1338 2444 1453 2508 reiecit
1495 2442 1589 2505 Postu

213 2554 254 2617 lat
277 2553 425 2616 deinde²²
453 2555 649 2636 suimetipsius
670 2556 850 2638 exemplum,
877 2556 957 2637 quod
982 2555 1024 2619 illi
1043 2571 1114 2637 prae
1135 2557 1242 2619 ceteris
1267 2557 1353 2618 inse
1374 2553 1588 2636 exprimendum

214 2665 350 2746 iniunrdt,
379 2664 428 2745 qui
456 2666 584 2727 omnium
612 2663 730 2747 μείζων
749 2666 802 2730 καὶ
823 2662 998 2747 ἡγούμενος
1025 2664 1138 2728 iuturus
1165 2671 1236 2727 erat
1277 2664 1421 2727 lnstitutio
1442 2681 1522 2746 ergo
1540 2664 1588 2745 pi

213 2784 321 2856 matus,
345 2777 395 2857 qui
417 2774 502 2838 nudis
522 2781 638 2837 constet
657 2774 788 2855 honoris,
812 2775 981 2857 ordinisque
1001 2772 1144 2857 phaleris,
1166 2792 1226 2837 non
1246 2775 1341 2837 minus
1362 2794 1381 2837 a
1402 2773 1510 2837 Christi
1530 2791 1588 2836 ucr-

213 2887 275 2968 his,
303 2905 390 2968 quam
413 2884 450 2948 ah
477 2883 573 2948 ethica
600 2883 748 2966 evangelii
775 2885 923 2965 doctrina,
947 2884 1139 2966 eiusdemque
1167 2884 1262 2946 anima
1282 2901 1318 2948 ac
1337 2883 1429 2947 veluti
1450 2884 1552 2965 spiriu
1563 2882 1587 2913 ²⁸

214 2996 469 3060 vehementissime
483 2994 630 3058 abhorret.
672 2992 866 3058 Nihilominus
887 2994 930 3056 las
943 2992 1021 3057 haud
1037 3001 1084 3056 est
1097 2994 1135 3056 de
1151 2995 1274 3076 primatu
1289 2993 1443 3076 ambigere
1457 2994 1487 3027 ²⁴
1509 3010 1589 3074 quen

213 3106 342 3170 Christus
369 3108 534 3169 instituerit.
577 3104 711 3168 Dandum
730 3111 776 3166 est
796 3105 887 3185 igitur
905 3104 969 3166 eius
989 3105 1128 3186 primatus
1154 3103 1245 3168 bisse
1270 3111 1438 3184 auctorem,
1469 3102 1521 3184 qui
1542 3118 1589 3183 po

213 3218 280 3281 tiori
300 3219 380 3297 iure,
405 3217 572 3297 eximiaque
590 3221 734 3296 potestate
753 3215 945 3276 contineatur.

319 3331 370 3387 82.
414 3324 507 3398 Quem
536 3324 575 3387 oh
598 3324 700 3388 oculos
729 3323 884 3405 habuisse,
911 3331 941 3386 et
960 3324 991 3386 in
1012 3323 1139 3387 ecclesia
1158 3323 1381 3406 perduraturum
1402 3323 1586 3407 significasse,

213 3433 337 3517 probant
357 3441 477 3498 ccccmo
498 3435 643 3498 sermonis
657 3437 686 3468 ²⁵
709 3452 798 3515 quem
819 3433 1020 3515 expendimus,
1041 3440 1228 3514 ccrnparatio
1245 3432 1362 3515 duplam
1382 3424 1426 3498 ad'
1442 3454 1513 3515 eqm
1532 3433 1586 3497 illu

214 3543 363 3607 strandum
389 3542 531 3625 adhibita,
563 3542 656 3608 amba
676 3552 745 3623 ίρεα
772 3562 847 3625 quae
868 3550 1058 3626 ustupantm,
1089 3540 1246 3619 σκοπός
1267 3544 1395 3627 denique
1416 3547 1585 3609 inslittrtioue

213 3654 352 3736 primatus
374 3656 614 3733 consequendas.
659 3656 736 3721 Sane
757 3653 884 3717 habendi
905 3655 1050 3716 sermonis
1065 3655 1183 3716 occasio
1199 3654 1313 3718 Clristo
1333 3654 1388 3719 lm
1407 3663 1508 3718 mutam
1525 3670 1584 3735 apo

214 3763 357 3827 stolorum
382 3767 531 3828 contentio
546 3768 586 3846 ²⁸,
614 3768 680 3848 quis
701 3784 804 3829 eorum
825 3762 945 3847 μείζων
965 3780 1034 3827 esse
1055 3762 1213 3827 uideretau.
1255 3764 1416 3847 Apostolos
1442 3774 1539 3830 autem
1555 3762 1587 3824 dc

282 3972 324 4047 ¹⁸)
350 3972 440 4029 Video
460 3974 528 4031 hano
547 3977 781 4049 consequutiouem
800 3975 880 4031 latius
990 3971 1036 4047 ²¹)
1056 3988 1101 4028 un.
1123 3972 1170 4029 64.
1191 3988 1266 4046 seqq.

214 4084 322 4154 patere,
356 4096 433 4154 quam
458 4096 584 4154 praesens
610 4082 644 4137 de
669 4046 739 4140 ratri
763 4083 880 4156 primatu
990 4074 1036 4154 ²¹)
1066 4078 1128 4135 huo.
1153 4078 1235 4136 xxti.
1261 4079 1309 4137 27.
1341 4076 1403 4137 ocu.
1434 4081 1499 4139 Joh.
1525 4078 1587 4138 Xlll

215 4187 399 4242 controversia
419 4187 555 4260 posmlare
574 4189 718 4245 uideretur.
751 4189 807 4246 Sed
826 4205 879 4246 nou
930 4182 1068 4240 12-17·

214 4294 316 4350 ideirco
337 4299 382 4349 aut
402 4296 522 4350 coerceri
540 4312 572 4350 ea
593 4295 692 4370 debuit,
714 4296 878 4352 autsileatio
990 4289 1036 4366 ²⁸)
1067 4291 1160 4347 blitum
1191 4304 1253 4347 esse
1279 4290 1375 4366 debet,
1406 4292 1442 4349 de
1468 4294 1538 4351 naua
1563 4308 1588 4348 ra

213 4401 313 4456 ventas
332 4400 433 4473 premi,
461 4416 529 4474 quae
548 4402 576 4457 in
595 4399 681 4457 lucem
708 4416 756 4457 sua
781 4407 878 4474 sponte
928 4397 1029 4471 miuus,
1050 4413 1129 4470 quam
1149 4397 1184 4454 de
1203 4397 1257 4453 hoc
1275 4398 1358 4454 ueluti
1379 4401 1516 4472 evangelii
1535 4400 1590 4456 chr

213 4505 347 4579 prodibat
926 4509 1029 4560 metare
1056 4503 1193 4575 cogitasse
1223 4510 1419 4580 pmtestantas,
1453 4524 1534 4580 quara
1559 4505 1589 4561 dc

278 4611 321 4686 ¹⁹)
355 4610 412 4667 lluo
444 4612 544 4669 iaciunt
577 4580 755 4686 qaaecumque
788 4616 877 4672 omnia
926 4612 1040 4683 primatu
1061 4609 1131 4666 Petri
1151 4610 1326 4685 dissererent,
1347 4612 1475 4686 illumque
1496 4614 1530 4671 ad
1549 4628 1590 4668 uc·

214 4718 341 4776 hactenus
362 4718 542 4791 exposuimus.
926 4717 985 4773 scio
1006 4732 1084 4790 quam
1104 4716 1214 4772 honoris
1233 4731 1359 4790 pompam
1377 4720 1543 4793 redigerent

276 4825 322 4900 ²⁰)
357 4823 437 4881 liuius
464 4825 504 4881 rei
530 4830 614 4880 testes
640 4825 762 4882 laudatos
794 4826 877 4883 habes
989 4822 1035 4897 ²⁴)
1053 4839 1098 4878 uu.
1119 4821 1167 4878 di.
1187 4837 1262 4895 seqq.

215 4946 297 5004 penes
320 4929 427 4986 banael
450 4931 477 4986 iu
504 4945 600 5003 opere,
628 4929 674 4987 Do
693 4931 768 5006 l’cpe
793 4941 820 4989 et
843 4932 879 4993 de
989 4928 1035 5002 ²⁸)
1055 4944 1100 4983 aa.
1122 4928 1261 4984 65-88.

215 5054 259 5096 ses
279 5038 382 5110 droits,
402 5037 472 5095 Part.
485 5035 519 5095 11.
540 5035 616 5112 clap
630 5036 665 5093 V.
991 5032 1037 5109 ²⁶)
1058 5032 1119 5090 buc.
1139 5033 1222 5092 xxlt.
1241 5032 1289 5090 24.
