3324 5382
190 237 252 297 tls
679 235 812 301 mult
851 234 1087 304 sucuNDUS

298 406 367 466 135.
410 403 548 467 Jamvero
571 402 641 469 dum
664 411 818 488 utramque
840 403 1050 494 παράφρασιν
1069 403 1244 485 οοιιιιάοιο,
1278 404 1351 468 nihil
1376 404 1407 469 in
1433 423 1472 469 ea
1498 421 1580 487 que
1650 478 1651 495 ,

188 513 409 593 protestantium
426 520 473 577 est
492 513 709 597 animadverto,
747 514 826 597 quod
842 521 1018 595 σοιιιιιιιιι,
1053 514 1126 579 nihi
1153 514 1233 598 quod
1258 522 1412 579 merens
1434 512 1583 597 tepore

189 620 314 703 reserat,
336 623 426 685 immo
446 621 517 686 nihil
538 624 700 705 quodcum
723 644 838 703 more,
860 632 891 689 et
902 632 1102 707 praepostera
1115 624 1351 705 interpolatim
1367 642 1427 689 non
1446 625 1582 688 ἰιιιιοιιιιιι
1650 642 1651 703 ι

189 729 414 813 copulatumque
442 731 583 796 videatm.
626 733 707 798 Sicut
735 736 813 798 enim
840 736 970 799 veritatis
997 734 1158 818 κριτήριον
1179 743 1239 815 est,
1270 742 1303 799 ut
1325 734 1451 818 simplex
1471 754 1508 798 ea
1531 736 1580 816 sit,

189 837 304 923 sibique
335 848 466 923 constet3
501 843 538 905 ita
571 851 725 907 accuratae
753 845 950 927 sinceraeque
980 842 1170 927 ἐξηγήσεως,
1206 852 1238 908 ut
1272 845 1371 909 verbis
1400 845 1583 910 adamussim

189 949 383 1031 respondeat,
419 949 580 1033 legentium
602 952 840 1034 audientiumque
868 955 983 1018 animos
1012 971 1074 1017 non
1100 956 1217 1038 penitus
1248 955 1406 1018 oscitantes
1438 955 1583 1019 eorunm

190 1064 325 1139 occupet,
348 1075 414 1121 cum
435 1059 582 1124 historicis
604 1081 677 1126 vero
696 1063 844 1127 sermonis
858 1063 1001 1128 adiunctis
1015 1066 1110 1129 amice
1125 1064 1283 1146 conspiret
1319 1063 1471 1138 Quaemm
1488 1082 1583 1146 porro

191 1187 229 1231 en
249 1168 332 1231 hisce
354 1168 468 1233 dotibus
489 1171 519 1233 in
540 1172 758 1253 protestantium
788 1174 973 1237 enarratione
1000 1170 1151 1257 relulgetl
1187 1192 1224 1237 an
1253 1173 1378 1256 simplex
1405 1193 1441 1238 ea
1470 1181 1518 1238 est
1546 1193 1583 1238 ae

190 1276 376 1342 umusmodit
398 1287 499 1343 contra
519 1281 600 1344 varia
619 1287 674 1362 est,
696 1280 864 1363 multiplen¹
891 1287 922 1346 et
941 1299 1044 1346 secum
1065 1284 1128 1366 ipsa
1144 1301 1322 1368 repugnans.
1357 1283 1405 1347 Aa
1420 1283 1582 1348 verborum
1651 1328 1652 1339 ι

190 1388 360 1470 proprietati
379 1389 527 1471 inhaeret,
563 1408 691 1471 eumque
717 1389 836 1455 exhibet
860 1409 982 1456 sensum
1003 1411 1092 1474 quem
1111 1392 1198 1457 facile
1219 1391 1349 1456 lectores
1370 1394 1580 1475 praesentiant,
1651 1430 1652 1445 ι

193 1515 342 1581 quemque
375 1499 515 1564 historica
550 1501 697 1564 sermonis
728 1500 863 1565 adaucta
889 1499 1104 1584 persuadeant?
1142 1510 1245 1566 contm
1272 1503 1371 1566 omnia
1396 1502 1515 1566 suntin
1545 1520 1583 1565 ea
1651 1480 1652 1493 ἵ

190 1607 351 1687 salebrosa,
374 1609 520 1691 impedita,
541 1628 558 1672 a
576 1612 694 1693 propria
714 1610 872 1674 verborum
886 1610 1099 1693 significatione
1113 1619 1236 1692 remota,
1256 1611 1429 1694 longissime
1442 1611 1579 1691 repetita,

191 1716 229 1780 ad
249 1717 527 1799 praesentiendum²
551 1718 737 1802 difficillima,
774 1727 805 1784 et
835 1719 872 1785 ab
900 1720 1047 1785 historicis
1075 1721 1218 1785 admotis
1245 1739 1390 1804 personae
1420 1719 1579 1802 loquenffi,

191 1828 256 1891 eius
278 1827 316 1891 ad
336 1845 425 1910 qoem
446 1846 545 1891 sermo
565 1829 708 1913 dirig'tur,
731 1847 855 1894 massae
875 1837 1098 1915 propterquam
1112 1848 1212 1896 senno
1226 1830 1360 1912 hahetur,
1382 1848 1418 1893 ao
1438 1830 1581 1893 materiae

190 1936 307 2021 quade
330 1937 427 2020 agitur
446 1936 705 2002 vehementissime
732 1938 929 2004 abhorrentia.

302 2046 371 2112 Scio
392 2045 462 2129 quid
482 2049 586 2131 reponi
607 2050 709 2131 possit,
730 2050 776 2113 sin
797 2050 894 2115 minus
912 2056 1013 2131 prino
1033 2050 1123 2115 veluti
1143 2050 1308 2131 adspectu,
1332 2049 1477 2114 ιιιιιιιιιιι
1498 2058 1582 2114 certe

191 2162 286 2234 euru,
310 2157 482 2238 eisdemque
504 2157 728 2238 sapientioribus
748 2158 827 2222 illam
849 2161 937 2224 unice
958 2160 1169 2224 commendari
1204 2158 1295 2241 sequ
1316 2159 1466 2223 secundae
1490 2177 1582 2223 curae

191 2285 229 2330 eo
249 2284 357 2329 revera
374 2267 535 2347 pertinent,
568 2273 600 2328 ut
620 2266 661 2330 illi
681 2267 768 2332 fidem
790 2269 938 2352 derogent
957 2269 1156 2350 manifestius,
1189 2267 1465 2350 depravationisque
1482 2268 1582 2332 lentes

192 2374 329 2457 liquidius
350 2376 491 2456 aperiant
528 2374 606 2440 Sane
627 2393 715 2439 nemo
736 2395 796 2441 non
815 2378 970 2461 improbet,
995 2385 1026 2442 et
1038 2377 1280 2443 alienissimuma
1301 2377 1433 2460 qualibet
1450 2379 1583 2442 veritatis

191 2485 293 2566 speeie
315 2502 382 2546 eum
405 2486 645 2549 commentarium
662 2504 722 2550 non
736 2486 854 2569 iudicet,
877 2488 925 2551 cui
940 2493 971 2551 et
984 2490 1194 2570 grammaticae
1209 2505 1350 2568 emoneo,
1370 2495 1401 2551 et
1413 2488 1585 2552 rhetoricae

193 2592 294 2676 leges,
317 2600 347 2656 et
369 2592 548 2676 philologiae
570 2595 656 2676 scita,
679 2603 708 2659 et
728 2594 845 2678 logicae
865 2603 1038 2679 praecepta,
1061 2604 1091 2661 et
1111 2596 1251 2661 historiae
1271 2597 1423 2677 adiuncta,
1443 2603 1474 2660 et
1495 2597 1582 2660 theo-

192 2703 292 2785 logiae
314 2702 433 2766 decreta
456 2705 574 2767 iunctim
597 2702 811 2786 confertimque
831 2692 1026 2789 refragantur.
1059 2706 1159 2771 Talem
1182 2725 1256 2770 vero
1276 2726 1346 2770 esse
1358 2708 1582 2789 protestantium
1652 2718 1653 2747 t

192 2831 281 2896 quem
302 2812 453 2877 retulimus
473 2815 725 2896 commentarium,
747 2815 897 2880 secundae
916 2817 1108 2901 acrioresque
1128 2835 1217 2881 curae
1238 2816 1277 2881 ad
1295 2817 1471 2881 evidentiam
1485 2834 1582 2898 usque

191 2923 376 3006 patefaciunt

300 3038 369 3096 136.
411 3032 546 3096 Proiecto
564 3041 787 3117 promotione
806 3034 889 3121 tepea
903 3053 963 3098 non
976 3037 1084 3113 sinum,
1105 3035 1126 3099 Ι.
1147 3042 1179 3099 ut
1198 3034 1359 3118 particulae
1380 3034 1450 3099 aeti
1463 3071 1507 3082 —
1521 3033 1543 3098 d
1549 3040 1578 3111 έ,

193 3142 348 3206 interiecto
371 3139 530 3221 vocabulo,
567 3143 813 3225 quemadmodum
843 3146 874 3208 in
901 3144 1005 3209 Christi
1033 3162 1173 3209 sermone
1201 3161 1367 3225 pronomen
1395 3142 1459 3227 tyni
1492 3145 1582 3208 iuter·

196 3253 321 3332 seritur,
357 3270 409 3315 sua
431 3254 598 3333 potestate³
622 3255 783 3334 priventur,
803 3273 838 3317 ac
859 3246 945 3318 aliter
965 3254 1124 3321 reddantur
1145 3270 1249 3337 quam
1270 3263 1356 3318 et—
1370 3261 1472 3330 etium
1497 3261 1526 3316 et
1539 3289 1581 3303 -

193 3364 238 3427 ad
249 3360 334 3439 been
348 3371 518 3442 praeterea,
534 3380 570 3425 ac
584 3364 609 3426 si
623 3362 747 3427 romula
765 3360 811 3427 ori
832 3366 964 3444 μόνον
981 3363 1185 3446 praecederet,
1207 3365 1254 3426 oui
1270 3364 1336 3428 illae
1350 3363 1582 3446 responderent:

191 3473 225 3537 11.
248 3481 279 3536 ut
301 3475 467 3536 coniunctio
488 3472 559 3536 καὶ
579 3472 792 3555 significatione
812 3474 1037 3538 oonhnuatiouis
1058 3480 1190 3554 exuatur,
1212 3491 1363 3556 sensuque
1384 3472 1582 3552 adversativa,

193 3601 281 3666 quem
302 3581 388 3665 plane
410 3588 584 3646 contextus⁴
609 3598 669 3645 non
688 3584 803 3665 exigat,
824 3590 994 3665 nsmpebrr:
1016 3583 1063 3646 lll.
1085 3590 1117 3647 ut
1136 3600 1300 3665 pronomen
1322 3583 1583 3647 demonstrativum

192 3693 284 3756 τοῦτο
302 3710 320 3754 a
340 3692 473 3773 proximo
494 3690 627 3755 subiecto
647 3709 701 3773 pro
725 3690 873 3756 voluntate
894 3694 1075 3774 seiunctum,
1110 3692 1147 3756 ad
1175 3694 1333 3772 remotius,
1369 3692 1499 3774 illudque
1529 3691 1583 3755 ad·

192 3802 386 3885 significatum
406 3801 567 3864 reseratur:
587 3799 635 3863 lv.
656 3808 687 3863 ut
701 3800 778 3864 idem
792 3819 957 3884 pronomen
977 3800 1137 3884 particulae
1159 3801 1229 3866 καὶ
1250 3803 1378 3865 iunctum
1399 3820 1435 3865 ea
1451 3802 1585 3883 privetur

196 3909 345 3997 spodon,
383 3929 470 3995 quam
491 3911 684 3993 saepissime»
704 3910 811 3993 refert,
848 3929 965 3994 quaque
986 3909 1019 3974 lit
1039 3918 1071 3975 ut
1091 3913 1231 3993 incisum,
1269 3912 1323 3976 aui
1348 3911 1399 3975 ἐπὶ
1425 3907 1584 3995 ταύτῃτῇ

192 4030 300 4104 πέτρᾳ,
323 4021 411 4085 latine
433 4022 526 4102 aptius
546 4019 630 4084 reddi
651 4027 780 4104 nequeat
797 4038 894 4103 quarm
916 4028 947 4084 et
967 4040 1062 4101 anper
1083 4017 1162 4086 bane
1184 4020 1306 4102 quidem
1324 4029 1463 4102 petraeo.-
1494 4039 1530 4085 ac
1552 4026 1585 4082 ut

193 4133 228 4195 V.
249 4132 368 4213 insuper
388 4129 486 4192 habito
508 4137 670 4213 temporum
691 4130 875 4215 discrimine,
910 4149 947 4194 ea
968 4131 1152 4213 praeferatur
1173 4131 1390 4213 interpretatio,
1422 4148 1500 4213 quae
1520 4147 1584 4194 nou

193 4242 318 4306 lutmum
347 4236 638 4321 οικοδομήσω,
665 4240 721 4306 sed
741 4240 886 4323 praesens
906 4226 1125 4322 otx‘odopei
1145 4239 1316 4323 postularet

299 4350 389 4432 Atqui
417 4367 456 4412 ne
483 4367 559 4413 unos
589 4349 707 4433 quidem
734 4369 774 4416 ex
792 4349 839 4415 his
861 4348 1024 4416 defectibus
1045 4358 1106 4434 est,
1142 4367 1201 4432 quo
1228 4350 1475 4432 protestaoh'um‘
1500 4368 1585 4415 eom·

259 4547 287 4623 Ι)
314 4544 393 4614 Quod
412 4550 455 4602 eet
474 4561 509 4602 aa
528 4546 563 4603 iis
584 4545 767 4623 maniimmm,
794 4562 864 4623 quae
971 4547 1001 4624 ⁴)
1021 4547 1062 4605 01.
1076 4545 1320 4620 ulmusnuetop.
1337 4545 1418 4604 libb
1433 4546 1583 4606 hastili.

194 4670 278 4730 saepe
297 4651 444 4709 retulimus.
912 4670 971 4713 usu.
991 4652 1013 4712 1.
1033 4668 1110 4729 seqq.

193 4867 211 4925 b
255 4757 284 4923 2¹)
292 4757 421 4922 ἔξω
440 4757 519 4832 mci
539 4774 575 4816 α
594 4757 663 4832 im
689 4759 864 4832 promti·
973 4812 1001 4890 ·)
1022 4811 1063 4870 cl.
1083 4811 1209 4873 llatthiao
1229 4787 1399 4869 emmane.
1419 4809 1448 4886 ς.
1467 4811 1536 4869 cst.

212 4882 244 4923 us
276 4882 291 4922 a
380 4903 387 4919 .

255 4971 285 5047 ⁸)
296 4971 336 5028 cl.
349 4969 749 5046 Angustillattbiaeilranmat
760 4969 862 5045 §.bib
972 4969 1001 5047 ¹)
1020 4971 1126 5031 iuverit
1144 4970 1218 5030 ua·
1237 4968 1367 5027 nemone
1386 4974 1534 5045 reprensa
