3374 5388
691 249 839 317 CAPUT
860 252 902 318 V·
1430 251 1494 311 485

98 430 279 505 opportuna,
315 439 410 503 caque
438 420 590 485 uerissima
621 419 895 502 complecterentur.
952 416 1066 501 Ecquid
1091 418 1171 482 enim
1203 418 1302 481 verius
1332 433 1420 499 quern
1455 416 1492 479 de

99 531 188 595 Petro
210 531 278 609 dici,
298 549 392 610 miper
411 527 490 593 hene
506 537 627 609 petram
647 524 819 609 ccdtficaho
846 526 1007 591 eeclesiam
1026 525 1152 591 meamt
1180 527 1250 610 quid
1276 527 1376 590 verius
1405 543 1491 608 mmm

97 641 147 704 his
162 640 261 704 verbis
277 639 422 703 ecclesiae
436 639 515 702 iuxta
534 658 571 702 ac
584 638 662 703 Petri
676 656 811 703 caussam
826 636 998 701 continerii
1020 638 1091 721 quid
1112 639 1212 702 verius
1233 655 1333 725 quam
1346 635 1501 699 Christum·

100 770 139 815 ea
160 749 362 832 proterentem
376 749 406 811 id
426 750 556 812 muneris
573 748 712 830 explesse
733 748 812 830 quod
833 747 870 811 ab
890 748 955 830 ipso
978 747 1158 829 explendum
1173 747 1266 811 sancti
1280 744 1336 810 Dei
1355 744 1492 809 homines

101 859 320 942 praedixerant,
342 857 407 922 iore
428 866 459 922 ut
481 857 652 938 ιιιιίοοιιιω,
679 857 942 940 labefactatumque
963 856 1082 921 Davidis
1111 856 1330 921 tabernaculum
1360 854 1397 919 ab
1426 857 1493 918 imis

103 987 198 1051 usque
208 967 403 1033 fundamentis
413 965 638 1032 reaedihemetl
654 969 724 1050 quid
739 969 837 1032 verius
852 986 939 1049 quam
954 968 1288 1031 accommodatissimam
1303 984 1372 1029 esse
1384 974 1492 1046 petrae

105 1078 303 1160 metaphoram
325 1078 363 1141 de
384 1074 497 1155 Petro,
528 1078 624 1159 depae
641 1099 776 1157 merrom
797 1077 971 1156 adhibitam,
992 1084 1024 1140 ut
1045 1096 1081 1140 en
1105 1077 1323 1140 tundamentum
1345 1076 1491 1159 significa·

104 1194 189 1251 retur
208 1186 330 1251 aedilicii
352 1205 411 1250 non
425 1186 597 1250 amenta
617 1188 672 1251 sed
694 1194 824 1271 mystici,
847 1187 985 1271 quodque
1007 1205 1025 1249 e
1047 1186 1190 1268 lapidibus
1211 1205 1271 1250 non
1292 1193 1422 1250 mortum
1438 1186 1492 1250 sed

104 1294 275 1360 sinentibus
297 1296 405 1361 viventi
426 1293 490 1360 Deo
519 1295 710 1380 erigereturl
737 1296 807 1379 quid
837 1297 936 1361 verius
962 1315 1050 1379 quam
1079 1297 1185 1360 eadem
1215 1298 1385 1379 metaphora
1407 1297 1493 1359 Pena

103 1407 276 1490 dignitatem
292 1405 428 1482 adscribi,
450 1424 506 1488 qua
529 1409 637 1471 ceteris
651 1407 738 1489 plane
760 1408 905 1486 omnihus,
926 1408 1056 1490 ipsisque
1078 1405 1217 1489 apostolis
1236 1403 1493 1489 praeponereturl
1595 1402 1600 1413 '
1675 1364 1676 1389 Χ

100 1515 174 1599 quid
196 1518 295 1580 verius
320 1534 407 1599 quarn
431 1535 489 1580 non
511 1517 606 1599 magis
626 1538 721 1580 ernam
742 1518 856 1580 ostendi
878 1516 1047 1597 ecclesiam,
1070 1516 1108 1579 de
1132 1534 1189 1597 qua
1204 1515 1335 1581 Christus
1357 1516 1492 1599 loquitur,

102 1644 141 1689 ac
155 1646 253 1689 unum
265 1623 400 1706 lapidem
413 1624 604 1710 amputarem,
623 1627 767 1710 illumque
782 1628 938 1707 Christum,
954 1645 1041 1709 quam
1055 1646 1153 1689 omum
1167 1633 1364 1705 caremtenam
1371 1623 1493 1708 sundo-

103 1743 251 1816 memtum,
267 1734 395 1818 illudque
409 1735 550 1801 Petrum?
566 1739 636 1820 quid
650 1738 768 1802 tandein
782 1739 884 1802 verius
899 1756 986 1820 quam
1001 1754 1039 1800 eo
1053 1737 1216 1800 orationem
1231 1744 1320 1800 lotam
1334 1736 1493 1818 pertinere,

102 1852 138 1908 ut
156 1848 293 1928 regimen
316 1844 503 1910 christianae
518 1845 670 1912 scelestae
690 1847 730 1911 illi
752 1847 816 1911 lore
837 1846 1015 1911 simillimum
1038 1846 1268 1926 adumbraretur,
1291 1845 1371 1928 quod
1392 1851 1425 1907 tm
1446 1866 1494 1907 ee·

104 1952 206 2019 oleam
224 1954 350 2019 tudam
369 1958 542 2039 praecessit,
561 1964 592 2021 ut
613 1957 860 2040 quemadmodum
881 1978 966 2020 unua
988 1959 1017 2021 in
1038 1957 1094 2019 hae
1114 1955 1167 2019 luit
1179 1977 1320 2019 summer
1338 1955 1494 2034 sacerdos,
1552 1934 1558 1943 ’

103 2067 146 2129 ita
174 2085 256 2128 unus
278 2065 309 2128 in
330 2065 378 2130 illa
406 2065 519 2131 iuturus
546 2074 627 2131 esset
653 2088 817 2147 supremus
843 2067 1063 2147 dispensanter?
1116 2066 1197 2130 Talia
1222 2065 1298 2129 haec
1321 2072 1389 2129 sunt
1420 2081 1496 2146 quae

105 2192 164 2238 suo
197 2176 303 2239 merito
339 2176 516 2258 probentur,
552 2195 689 2260 quaeque
715 2197 733 2241 a
763 2175 917 2241 Dodwello
951 2177 1170 2259 anglicanarum
1203 2177 1326 2258 partium
1354 2173 1497 2255 theologo

104 2283 273 2348 nullatenus
292 2288 456 2368 exspectari
478 2305 569 2369 posse
588 2287 771 2352 videbantur.

214 2395 322 2478 Aqua
341 2398 507 2479 exspectari
536 2405 639 2461 eontm
671 2406 701 2461 et
728 2404 865 2481 poterant
894 2405 925 2460 et
946 2397 1092 2461 debebant
1117 2414 1194 2478 quae
1226 2414 1293 2458 cum
1319 2394 1365 2458 his
1394 2395 1496 2475 iungit,

105 2504 290 2586 miscetque:
322 2504 343 2568 h
377 2505 543 2571 Servatoris
571 2507 706 2587 domum,
736 2508 774 2571 ad
803 2526 890 2589 quam
923 2508 1048 2589 ipsemet
1074 2524 1128 2569 sua
1156 2505 1289 2569 oratione
1311 2503 1496 2585 respiciebat,

105 2621 207 2696 typum
229 2613 320 2678 luisse
340 2614 513 2700 singularis
535 2634 595 2679 non
616 2615 806 2681 uniuersalis
828 2615 991 2679 ecclesiae:
1019 2616 1136 2680 Petrum
1163 2615 1195 2677 ll.
1217 2622 1373 2697 propterea
1397 2613 1496 2695 desig-

105 2731 206 2787 natum
228 2723 347 2804 quidem
369 2724 405 2787 ab
424 2744 461 2789 eo
491 2724 583 2789 luisse
603 2746 781 2806 supremum
809 2728 1065 2807 dmpenrmorem,
1095 2724 1149 2789 sed
1177 2726 1225 2806 qui
1254 2721 1410 2807 singulari
1438 2740 1497 2786 non

105 2832 279 2897 unirerseli
300 2832 447 2898 ecelesiae
467 2842 550 2899 esset
570 2834 804 2917 praeficiendus:
826 2837 903 2900 unde
925 2836 970 2899 lll.
994 2836 1170 2918 promissam
1185 2833 1225 2896 illi
1250 2834 1420 2915 dignitatern
1440 2831 1498 2893 huc

106 2943 254 3025 recidere,
277 2951 308 3007 ut
328 2944 418 3007 veluti
439 2942 642 3029 archetypus,
674 2946 894 3027 emernplarque
925 2947 989 3008 eius
1021 2946 1175 3027 regiminis
1194 2952 1418 3027 proponeretur,
1440 2961 1499 3024 quo

107 3054 304 3119 instituendae
326 3055 466 3138 deinceps
488 3075 542 3138 per
563 3056 667 3120 orbam
690 3059 859 3120 universum
882 3057 1029 3120 ecelesiae
1059 3076 1075 3119 n
1097 3054 1294 3137 singularibus
1316 3054 1498 3137 praepositis,

107 3166 290 3246 summisque
321 3165 573 3247 dispensatoribus
606 3166 888 3230 administrarentur.
933 3166 1028 3229 Video
1061 3183 1148 3246 quam
1177 3164 1252 3228 haee
1281 3165 1431 3228 doetrinae
1459 3163 1498 3225 illi

106 3273 303 3337 adversentur
323 3293 414 3357 quam
432 3294 487 3339 nos
509 3275 645 3339 catholici
666 3275 853 3357 profitemur,
876 3294 993 3358 quaque
1014 3294 1031 3337 a
1055 3274 1283 3357 protestantibus
1303 3273 1499 3338 dissidemus:

107 3383 197 3446 video
212 3402 249 3448 eo
263 3383 370 3449 referri
386 3386 498 3468 omnin,
520 3391 552 3448 ut
572 3392 824 3450 aristocraticum
845 3383 1017 3466 episcopale
1038 3391 1172 3468 regimem
1194 3402 1253 3447 non
1267 3388 1333 3448 siae
1348 3383 1501 3446 manifesta

106 3495 380 3575 praerogativarum
401 3493 478 3558 Petri
500 3496 660 3576 perniciea
675 3493 791 3559 Christo
807 3497 966 3559 institutum
983 3493 1213 3576 persuadeatur,
1235 3494 1289 3557 sed
1304 3494 1382 3557 bene
1404 3493 1500 3573 habet,

106 3602 263 3685 quodiam
284 3606 438 3686 perspicue
460 3604 518 3667 sint
539 3603 621 3686 laba,
644 3612 676 3668 nt
696 3604 835 3668 iacillirno
857 3606 978 3686 negotio
1000 3605 1110 3667 erroris
1132 3604 1350 3667 convincantur.

217 3719 267 3775 85.
309 3711 427 3795 lnquire
449 3715 528 3777 enim
556 3731 650 3796 aquo
672 3733 708 3777 ea
737 3715 833 3797 capite
855 3713 1019 3795 pendeant,
1049 3715 1134 3776 cuive
1156 3713 1312 3795 hypothesi
1332 3714 1499 3776 innitantur.

108 3822 282 3903 comperies
303 3830 442 3887 censure
463 3823 519 3887 sibi
540 3823 589 3888 illa
609 3842 669 3888 non
690 3842 795 3905 posse,
824 3824 879 3886 nisi
910 3822 966 3886 lixa
989 3831 1111 3904 rataque
1140 3822 1282 3887 habeatur
1303 3824 1502 3904 interpretatio

108 3933 193 3995 vocis
215 3929 401 3996 ecelmtnea
427 3932 543 3997 Christo
570 3933 729 4015 adhibitae,
764 3951 911 4016 quamque
934 3931 1104 3996 Dodvvellus
1133 3933 1170 3994 rte
1192 3930 1346 4015 stimulari
1373 3929 1502 3993 scelesta

108 4039 270 4106 Salvatoris
292 4041 381 4105 domo
401 4043 595 4125 praefigurata
610 4043 809 4125 accipiendam
832 4061 900 4106 esse
922 4043 1080 4106 corrtendit.
1123 4041 1162 4104 At
1184 4041 1289 4124 quibus
1312 4042 1503 4124 argumentis,

109 4148 255 4231 quibusve
276 4150 516 4215 hermeneutioae
537 4152 721 4216 adminiculis
742 4153 818 4215 hanc
839 4152 888 4214 ille
910 4153 1112 4233 acceptionem
1134 4158 1231 4213 tuetur
1251 4169 1286 4213 ac
1307 4146 1428 4213 firmat?
1451 4167 1505 4211 usu

107 4279 149 4322 ne
172 4259 311 4341 loquendi
333 4260 441 4324 biblico
462 4270 551 4344 atque
573 4263 742 4341 christiano,
765 4263 910 4325 sermonis
932 4270 1091 4340 contextu,
1121 4262 1254 4343 locisque
1275 4255 1444 4340 parallelis?
1467 4278 1504 4321 ne

96 4371 226 4455 apicem
249 4371 367 4452 quidem
389 4371 427 4434 de
447 4372 494 4435 his
514 4371 612 4454 habet,
634 4373 739 4454 quibus
764 4379 862 4435 tamen
875 4374 903 4404 ‘⁸
930 4373 1046 4435 sincera
1066 4373 1188 4454 quaevis
1210 4372 1354 4452 expositio
1377 4370 1505 4432 maxime

109 4481 284 4544 continetur.
327 4479 393 4544 Non
415 4484 476 4565 agit
503 4500 579 4566 ergo
600 4483 805 4564 interpretem,
836 4481 890 4544 sed
911 4489 943 4544 ut
972 4481 1098 4555 Hilarius
1111 4484 1138 4516 ἰ
1162 4479 1305 4562 loquitur,
1334 4480 1506 4544 secundum

174 4775 219 4851 ⁵⁸)
239 4776 333 4834 lirum
347 4776 433 4834 videri
447 4792 502 4835 nou
515 4776 597 4835 dehet
607 4777 680 4851 qaod
693 4777 727 4833 de
741 4777 782 4833 his
897 4777 942 4851 Η)
974 4777 1014 4835 lie
1041 4775 1134 4833 trinit.
1165 4775 1213 4832 tlh.
1234 4776 1268 4832 x.
1309 4775 1505 4833 Praemiserat?

110 4882 233 4956 tacuerit,
248 4899 327 4954 quum
341 4882 409 4939 adeo
425 4885 565 4957 perspicue
581 4880 782 4957 (aneti-81)
833 4882 919 4957 „Quis
946 4884 1018 4939 enirn
1043 4884 1181 4939 doctrinae
1206 4882 1342 4956 protectus
1364 4887 1422 4955 est,
1450 4882 1506 4953 pla·

110 4988 305 5047 catholicorum
328 4991 538 5063 interpretationi
559 4992 768 5064 patrocinentur.
833 4990 886 5046 cita
908 4992 995 5061 magis
1016 5006 1094 5062 quarn
1116 4988 1238 5044 docende
1261 4977 1439 5060 conquirere?
1461 4993 1509 5042 aut

1198 5092 1286 5165 28*
