3358 5400
188 275 252 338 tit
707 272 838 339 [ΜΒ
878 272 1045 340 ramus

160 434 165 444 ’
189 444 295 509 tributa
315 443 416 523 l‘etro,
443 444 473 508 in
494 443 627 509 eiusdem
648 444 754 509 deinde
776 460 969 510 successores
989 442 1125 507 contiuua
1145 441 1225 507 serie
1247 441 1436 524 permanavit
1468 441 1574 516 Quare

189 554 237 617 vel
258 552 295 616 ab
316 554 395 616 omni
416 553 619 617 abminendum
634 557 852 637 comparatione
873 553 1006 635 arbitror,
1028 553 1077 617 vel
1089 553 1166 616 hanc
1178 560 1279 634 utpote
1299 552 1429 615 omnium
1447 570 1573 616 accom-

189 663 417 727 modatissimam
437 663 649 745 usurpandum
679 683 764 746 quarn
792 664 882 728 verba
906 663 1088 745 capuensis
1111 663 1257 726 ecclesiae
1275 663 1305 724 in
1324 660 1446 744 epistola
1461 664 1506 695 ¹¹⁸
1532 660 1573 727 de

188 775 325 857 martyrio
346 791 370 835 s.
390 772 539 854 Polycarpi
561 770 713 836 exhibent:
756 772 833 854 „Per
858 774 1042 838 tolerantiam
1061 772 1178 835 devicto
1198 771 1305 834 iniusto
1326 770 1479 853 praeside,
1508 770 1573 832 sic·

190 901 249 966 qua
269 882 490 946 immortalitatis
508 899 618 944 corona
637 890 766 964 recepta,
788 900 854 945 curu
875 883 1023 966 apostolia,
1046 881 1241 963 ominibusque
1261 880 1344 942 tusis
1364 878 1573 961 (Polycarpus)

190 993 339 1058 exsultans
359 991 454 1056 Deum
475 976 510 1054 ac
533 990 647 1054 Patrem
668 990 824 1074 glorificat,
847 992 899 1055 καί
920 990 1045 1074 adiuret
1058 993 1100 1025 ¹¹¹
1123 988 1178 1054 τὸν
1198 988 1309 1070 κύριον
1328 985 1418 1071 ἡμῶν
1437 989 1496 1051 καὶ
1516 1009 1575 1050 aaa·

187 1100 334 1186 βερκητην
351 1105 393 1136 ¹¹¹
416 1102 481 1164 τῶν
507 1097 667 1181 σωμάτων
689 1098 797 1181 ἡμῶν,
821 1101 877 1164 καὶ
895 1106 1029 1183 nonnitus
1055 1104 1108 1177 τῆς
1127 1092 1209 1164 κακοὶ
1230 1080 1491 1179 τηκοίκουμέκην
1513 1116 1574 1161 κα·

190 1209 325 1287 θολικῆς
345 1192 525 1287 Ιἐκκλησίας,
553 1217 641 1292 atque
666 1210 814 1274 benedicit
834 1211 989 1275 Dominum
1016 1218 1162 1287 nostrum,
1192 1208 1420 1292 gubernatorem
1437 1210 1478 1242 ¹¹¹
1504 1207 1573 1271 ani·

187 1338 300 1383 morum
331 1329 361 1385 et
389 1338 544 1403 corporum
571 1326 753 1400 nostrorum,
781 1340 838 1384 nec
866 1338 926 1384 non
949 1327 1096 1402 pastorem
1118 1322 1329 1383 oecumenicae
1352 1325 1383 1380 et
1402 1316 1573 1379 catholicae

187 1430 364 1494 ecclesiae.“
405 1429 457 1493 Est
478 1430 562 1492 'enim
583 1428 685 1493 Petrus
701 1433 744 1463 ¹¹²
767 1449 825 1493 non
854 1430 990 1508 alterius,
1020 1430 1074 1493 sed
1093 1430 1227 1494 eiusdem
1249 1429 1368 1491 omnino
1389 1426 1475 1490 ovilis
1497 1444 1574 1489 con·

187 1542 319 1622 spicuam
345 1548 430 1622 caput
457 1546 488 1603 et
513 1557 651 1621 praeses,
679 1540 762 1603 cuius
784 1540 915 1603 Christus
939 1539 1092 1603 mimihilis
1108 1542 1150 1573 ¹²³
1172 1531 1288 1620 acaprio
1313 1539 1367 1602 uui
1386 1536 1574 1610 ἐπίσκοπος,

186 1650 276 1711 immo
292 1652 334 1683 ¹¹⁴
357 1647 559 1732 αἠχιπωμην.
602 1648 674 1722 Quis
706 1656 801 1712 autem
822 1649 949 1713 bdelium
971 1670 987 1712 a
1010 1668 1139 1731 superno
1160 1648 1264 1712 Christi
1288 1648 1435 1730 regimine
1455 1646 1571 1710 subdu·

186 1757 282 1822 citari
304 1779 342 1824 nc
363 1779 445 1823 unum.
460 1759 587 1843 quddam,
610 1759 674 1822 sive
689 1760 831 1822 mardmus
851 1752 901 1822 ille
921 1761 967 1839 sit,
992 1761 1055 1823 sive
1071 1759 1193 1836 medius,
1214 1756 1423 1838 distulimus,
1445 1755 1527 1819 unde
1550 1756 1571 1818 d

185 1864 304 1949 ποιμήν
324 1869 377 1946 τῆς
397 1861 478 1934 κατὰ
498 1865 554 1945 την
574 1871 760 1950 οἰκουμένην
782 1868 958 1945 καθολικῆς
978 1868 1142 1946 ἐκκλησίας
1163 1866 1332 1949 appellatur.

296 1985 365 2042 ³45.
407 1980 472 2043 lam
491 1981 533 2013 ¹²¹
556 1976 694 2057 alterum,
726 1978 751 2040 si
771 1979 896 2061 pmpriis
918 1978 1101 2043 elierendum
1121 1975 1271 2040 vocabulis
1292 1981 1353 2053 est,
1375 1976 1463 2039 inane
1482 1993 1572 2056 pror·

185 2107 236 2152 sus
256 2089 502 2170 nugatoriamque
522 2086 666 2151 declarari
686 2086 782 2150 debet
825 2087 903 2151 Sane
923 2106 993 2150 num
1017 2088 1084 2169 quia
1106 2095 1191 2169 capnt
1210 2086 1329 2167 corpori
1350 2092 1481 2166 praeest,
1503 2085 1572 2149 aliis

185 2197 296 2260 idcirco
319 2196 576 2261 memhris'nullus
598 2203 644 2259 est
663 2194 769 2259 locust
796 2215 866 2259 num
889 2197 956 2278 quia
978 2197 1180 2278 metropolitae
1201 2197 1303 2259 maiori
1324 2197 1388 2259 iure
1408 2196 1571 2276 potiuntur,

185 2323 240 2369 suo
262 2305 372 2367 idcirco
400 2324 417 2368 a
446 2305 540 2387 gradu
570 2304 689 2368 obnordi
709 2305 766 2369 illis
788 2306 940 2387 praesules
961 2304 1118 2368 excidnnti
1139 2306 1307 2369 numidam
1329 2313 1375 2368 est
1395 2307 1571 2369 auctoritate

185 2415 317 2496 gaudere
346 2433 442 2496 caque
468 2414 525 2478 ind
553 2413 647 2478 soluta
675 2416 806 2496 penitus,
835 2435 871 2478 ac
891 2416 1000 2479 nemini
1020 2414 1172 2481 subiecta?
1201 2417 1328 2498 quisque
1347 2417 1443 2478 cernit
1461 2407 1572 2479 ἄτοπα

182 2525 258 2589 haec
286 2543 356 2588 esse
378 2531 408 2588 et
428 2542 550 2605 prorsam
570 2520 739 2588 ἀσύστατα.
782 2524 924 2588 Praesunt
943 2525 1032 2607 igitur
1056 2526 1181 2608 singulis
1202 2525 1346 2609 gregibus
1368 2542 1568 2589 successores

184 2634 395 2717 apostolorum,
417 2633 472 2696 sed
492 2634 631 2696 uniuerso
652 2634 737 2713 ovili,
767 2634 972 2715 uniuersisque
997 2634 1162 2716 pastoribus
1183 2637 1207 2698 is
1228 2636 1359 2699 vicissim
1378 2641 1499 2716 praeest
1518 2634 1571 2716 qui

184 2743 300 2806 Petrum
329 2742 437 2822 relert,
456 2744 521 2829 ¹qui
545 2743 623 2807 Petri
648 2743 746 2805 locum
773 2751 910 2825 occupat,
942 2763 977 2806 ac
1005 2762 1024 2806 e
1049 2742 1126 2807 Petri
1153 2743 1291 2807 cathedra
1312 2745 1400 2807 docet
1424 2750 1455 2806 et
1479 2745 1570 2827 regit

183 2852 264 2916 Sicut
288 2852 367 2915 enim
396 2871 592 2936 unaqtmeque
618 2854 745 2917 ecclesia
762 2856 804 2888 ¹¹¹
829 2864 925 2936 grege
953 2855 1117 2918 continetur
1141 2855 1191 2934 qui
1211 2871 1266 2916 suo
1287 2852 1429 2917 adhaeret
1447 2855 1570 2934 pastori,

182 2962 220 3024 ita
241 2962 526 3026 universaecclesia
547 2963 625 3026 ovile
647 2970 693 3026 est
716 2964 794 3045 quod
816 2981 954 3046 supremo
980 2970 1099 3045 pastore
1121 2963 1318 3045 gubernatur:
1347 2970 1378 3025 et
1398 2964 1473 3025 sicut
1492 2980 1568 3025 una-

182 3089 318 3154 quaeque
340 3072 469 3136 ecclesia
489 3091 573 3136 suam
595 3070 721 3155 άμίσως
734 3075 873 3138 urdtatem
887 3073 1064 3136 nanciscitur
1081 3091 1120 3134 ex
1133 3074 1221 3136 unico
1240 3074 1288 3135 cui
1301 3072 1404 3136 subest
1418 3072 1567 3154 praeside,

182 3188 270 3262 atque
293 3199 332 3243 ex
352 3199 391 3267 eo
412 3180 500 3244 habet
520 3184 609 3246 utsii
631 3183 667 3246 tu
687 3185 800 3265 σῶμα,
829 3185 867 3246 lta
893 3181 1034 3245 catholica
1063 3181 1192 3245 ecclesia
1209 3185 1251 3215 ¹²¹
1276 3200 1353 3263 quae
1376 3166 1410 3245 in
1429 3179 1569 3245 multitu

183 3289 285 3354 dmm
304 3287 401 3352 lutiam
420 3297 606 3361 inmmerito
625 3291 833 3377 fecunditatis
856 3292 1046 3368 ostenditur,
1078 3309 1137 3354 una
1162 3299 1222 3371 est,
1249 3310 1399 3375 unumque
1420 3291 1568 3355 (inustum

181 3416 234 3462 sua
256 3399 364 3462 unitate
384 3408 594 3482 repraesentat,
617 3403 684 3485 quia
704 3402 791 3465 unius
811 3403 940 3485 supremi
961 3402 1063 3483 capitis
1086 3403 1256 3464 auctoritate
1277 3404 1450 3466 continetur.
1492 3400 1567 3465 Ani·

183 3509 325 3571 maduerit
347 3528 474 3591 namque
498 3510 601 3592 debet,
627 3512 765 3575 unitatem
793 3512 924 3593 corporis
950 3529 1011 3573 non
1040 3510 1139 3573 dotent
1168 3512 1263 3593 magis
1290 3530 1359 3575 esse
1384 3509 1566 3594 singularum

182 3634 317 3680 seorsum
340 3618 548 3697 ecclesiarum,
574 3638 661 3701 qiam
691 3621 745 3685 dos
773 3629 803 3684 et
830 3622 991 3704 proprietas
1012 3622 1050 3684 sit
1065 3624 1108 3655 ¹²⁸
1133 3621 1280 3684 ecclesiae
1302 3622 1390 3685 taius
1409 3628 1496 3701 utque
1517 3638 1568 3682 ca·

182 3725 318 3789 thelicae.
362 3727 439 3792 Sane
462 3747 551 3809 quum
571 3730 677 3795 Paulus
700 3731 859 3795 ecclesiam
878 3730 1021 3794 docet¹¹¹
1046 3748 1115 3794 esse
1138 3732 1173 3793 ih
1194 3731 1298 3811 σῶμα,
1316 3729 1474 3793 ecclesiam
1496 3747 1566 3812 spe·

184 3843 242 3899 ctat
263 3855 350 3918 ηυκω
369 3836 499 3902 etratus
521 3842 657 3922 instituit,
678 3841 818 3919 redemit,
844 3840 1047 3922 sanctificavit,
1069 3859 1105 3903 ac
1125 3857 1214 3922 porro
1235 3839 1403 3903 sanctificat
1444 3838 1570 3903 Instituit

250 4045 310 4119 ¹¹¹)
331 4045 358 4118 S.
379 4046 450 4104 xlx.
964 4048 1023 4124 ¹²¹)
1045 4049 1124 4117 Quod
1143 4048 1284 4106 nobiscum
1302 4049 1436 4121 anglicani
1449 4054 1565 4105 meum.

248 4151 310 4226 ¹¹¹)
330 4151 438 4209 Latinus
459 4153 589 4227 interpres
609 4161 747 4228 praeterea
773 4154 849 4229 legit,
964 4155 1039 4230 ¹¹¹).
1058 4156 1206 4229 Cyprianus
1239 4155 1275 4212 da
1306 4155 1377 4212 Urit.
1411 4154 1565 4229 Ecclcuim,

182 4246 288 4330 iuvit
306 4249 441 4334 erda
460 4253 575 4335 σωτῆρα
594 4254 644 4333 vis
656 4255 750 4337 utic
763 4251 850 4335 ἡμῶν·
900 4252 963 4334 das·
985 4261 1032 4317 ⁷8·

249 4363 309 4438 ¹¹¹)
329 4364 413 4420 lleest
431 4359 488 4421 soit
506 4360 607 4442 ψυχῶν
626 4364 682 4447 καλ
965 4366 1025 4439 ¹¹¹)
1066 4364 1203 4422 Praeclare
1244 4363 1420 4421 Theodosium
1459 4366 1487 4423 iu
1521 4365 1564 4422 Pe.
1601 4364 1604 4369 ⁴

249 4468 309 4543 ¹²¹)
328 4469 400 4525 llaec
426 4487 461 4526 en
486 4473 571 4527 reteri
596 4472 680 4529 latina
707 4473 851 4545 interprete
900 4470 1003 4528 lthll.
1017 4471 1052 4527 d:
1078 4467 1142 4525 Mu
1161 4466 1211 4543 ptr
1233 4457 1282 4527 otia
1302 4469 1360 4527 dori
1378 4461 1452 4528 uasti
1471 4464 1567 4528 unicus

183 4574 305 4649 suppleta
325 4582 394 4631 suut.
775 4655 779 4661 Ι
899 4572 951 4653 γῆν
974 4574 1021 4632 καὶ
1046 4565 1199 4631 θάλασσαν
1220 4572 1364 4649 ἐκκλησία·
1391 4567 1435 4634 did
1454 4592 1566 4653 naemu

250 4681 310 4756 ¹²²>
330 4682 393 4739 un.
414 4680 485 4737 xxi.
508 4680 554 4738 1⁵·
575 4698 650 4756 ata·
901 4673 1012 4759 noo
1042 4678 1167 4756 moo-
1199 4671 1270 4757 ὑπὲρ
1302 4671 1384 4756 oue
1409 4680 1457 4738 uo
1481 4650 1566 4756 uin

250 4786 310 4861 ¹¹¹)
331 4786 351 4843 h
372 4787 442 4845 Patr·
462 4787 496 4844 11.
517 4787 565 4846 25.
698 4768 705 4776 ⁸
901 4781 1057 4860 καθολικῆς
1075 4783 1219 4862 ἐκκλησίας
1230 4781 1281 4861 τῆς
1294 4777 1361 4845 aiud·
1372 4778 1501 4862 medrus
1516 4782 1567 4854 inc

249 4892 310 4967 ¹²⁴)
330 4893 398 4950 uu
418 4893 453 4951 v.
473 4893 502 4950 4.
900 4885 1097 4968 mutemur
1117 4890 1281 4967 ouum

218 4993 219 4996 ’
251 4998 310 5073 ¹¹¹)
331 5015 358 5056 u.
379 4997 447 5058 stt.
967 4996 1027 5075 ¹¹¹)
1046 4996 1145 5072 tipum.
1165 4998 1212 5059 tv.
1233 4999 1268 5074 l,
1288 5004 1318 5057 et
1336 4999 1370 5057 V.
1391 4998 1440 5057 28.
1458 5014 1533 5074 seqq.
