3374 5388
178 289 239 353 tid
670 289 802 359 LIBER
842 286 1076 356 SECUNDUS

178 474 364 522 communem
392 456 481 521 iidem
511 455 558 522 his
584 457 671 541 plane
700 459 800 523 verbis
828 459 958 525 Isidorus
986 459 1200 542 hispalensis⁴¹
1234 460 1433 544 proponebat:
1462 459 1570 541 „Quod

177 586 250 631 vero
272 567 310 631 dc
327 566 487 648 parilitate
499 570 596 650 agibu
616 570 824 651 apostolorum,
851 567 966 633 Petras
983 577 1173 650 praeeminet
1187 577 1307 649 ceteris,
1330 572 1379 653 qui
1401 590 1418 633 a
1438 569 1567 633 Domino

178 677 280 742 audire
302 679 421 756 meruit,
443 687 476 741 tu
497 676 653 741 rocchetta
675 675 804 758 Cephea,
828 688 861 742 tu
882 701 915 741 ea
932 676 1062 755 Petras,
1084 687 1113 741 et
1134 701 1230 760 super
1249 678 1327 742 hane
1341 688 1462 759 petrorio
1481 680 1567 742 ιιιᾱιὲ
1656 756 1657 759 ¹

174 785 279 869 fiendo
305 785 467 851 madenam
497 808 612 864 meam
644 796 672 851 et
699 807 760 851 non
792 789 829 852 ab
851 787 909 852 alio
930 789 1044 871 aliquo,
1070 788 1125 851 sed
1154 789 1190 852 ab
1218 792 1283 872 ipso
1304 789 1358 853 Dei
1385 797 1415 853 et
1434 790 1566 871 Virginis

180 897 253 961 Filio
276 896 421 961 honorem
441 897 623 978 pontificatus
644 898 674 960 in
691 898 796 961 Christi
816 896 943 961 ecclesia
960 898 1071 979 primus
1094 900 1220 981 accepit,
1252 901 1300 963 cui
1321 900 1408 962 etiam
1427 906 1496 981 post
1516 917 1566 961 re·
1656 896 1657 911 ¹

180 1007 393 1070 surrectionem
411 1006 475 1069 Filii
488 1005 544 1069 Dei
559 1007 595 1070 ab
610 1007 717 1071 eodem
732 1008 840 1071 dictum
863 1015 917 1089 est,
937 1028 1031 1087 parce
1053 1029 1148 1094 agnos
1170 1029 1262 1087 meaa,
1285 1026 1430 1090 agnorum
1444 1009 1565 1071 nomine

182 1117 375 1181 ecclesiarum
396 1117 544 1199 praelatos
565 1125 678 1181 nouus.
715 1118 802 1181 Cuius
824 1117 950 1199 dignitas
970 1120 1121 1199 potestatis
1142 1120 1198 1181 etsi
1219 1118 1256 1182 ad
1278 1135 1382 1181 omues
1406 1117 1567 1181 catholicos

180 1227 335 1309 episcopos
356 1234 403 1290 est
423 1226 589 1309 transfuga,
610 1225 767 1308 specialius
787 1235 887 1291 umen
907 1245 1030 1291 romano
1052 1230 1169 1294 antistiti
1188 1229 1329 1311 singulari
1356 1228 1483 1309 quodam
1504 1230 1564 1311 pri-

180 1337 290 1419 vilegio
311 1336 399 1399 veluti
421 1342 515 1416 capiti
535 1338 643 1400 ceteris
665 1335 806 1400 membris
825 1336 945 1400 celsiori
965 1345 1119 1419 permanet
1144 1340 1174 1401 in
1197 1345 1360 1401 aeternum
1402 1336 1458 1412 Qui
1476 1338 1567 1421 igitur

178 1446 305 1509 debitam
327 1445 356 1510 ei
376 1463 436 1509 nun
457 1444 576 1509 exhibet
598 1453 773 1510 reverenter
793 1446 1001 1527 obedientiam,
1024 1470 1045 1509 a
1067 1454 1165 1527 capite
1179 1450 1329 1512 seiunctus
1350 1445 1567 1528 acephalorum

177 1556 326 1621 schismati
351 1575 385 1620 se
405 1555 502 1619 reddit
522 1555 712 1619 obnoxium.“

283 1666 328 1729 lix
340 1666 387 1729 bis
401 1684 490 1749 porro
505 1665 660 1748 colligitur,
674 1666 757 1730 nefas
779 1666 870 1729 luisse
892 1666 1118 1749 protestantibus
1132 1667 1232 1731 iubae
1257 1686 1324 1731 curu
1342 1667 1493 1732 catholicis
1507 1668 1567 1731 dis

176 1779 341 1859 ceptatiooe
365 1777 510 1841 eiusmodi
531 1777 680 1840 decumae
701 1784 788 1857 caput
809 1774 897 1838 veluti
919 1784 1081 1859 capannam
1095 1779 1122 1809 ⁴⁴
1148 1784 1407 1857 interpretationis
1425 1799 1566 1841 ιιοιιιιαιιι

177 1886 239 1951 sibi·
247 1887 424 1969 praefigere,
447 1886 526 1970 quod
547 1885 584 1948 ab
600 1885 634 1948 iis
655 1886 739 1949 reiici
761 1884 950 1966 damasique
966 1903 1023 1948 nun
1045 1885 1226 1964 ignorarent
1270 1887 1385 1971 Utique,
1408 1890 1464 1951 nisi
1478 1907 1567 1970 prae-

177 2005 222 2060 sto
237 1996 409 2061 habuissent
423 1997 634 2079 Scripturarum
650 1996 825 2074 testimonia,
841 1995 947 2078 quihus
962 1994 1032 2058 illud
1047 1996 1281 2079 comprobarent.
1307 1997 1458 2071 Quaenam
1471 1998 1568 2063 vero?

176 2109 335 2189 conspicua
356 2126 395 2171 ne
416 2125 454 2171 an
468 2107 604 2187 obscura,
627 2112 709 2169 certa
730 2123 768 2168 an
789 2104 885 2186 dubia,
909 2113 939 2168 et
960 2104 998 2178 de
1020 2104 1125 2186 quibus
1147 2108 1292 2170 mandanae
1307 2107 1374 2172 lites
1396 2107 1567 2191 agitentur?

177 2235 237 2279 non
258 2218 327 2279 novi
351 2216 462 2299 prolata
481 2216 623 2281 hactenus
645 2218 776 2281 tuisse⁴⁴
800 2216 976 2296 testimonia,
1000 2233 1076 2297 quae
1099 2214 1196 2295 clara,
1219 2224 1309 2297 certa,
1331 2236 1367 2281 ac
1388 2226 1472 2282 extra
1492 2237 1565 2285 con-

176 2327 337 2389 tentionem
359 2328 452 2406 posita
475 2328 579 2390 merito
602 2327 763 2390 uideantur.
806 2326 994 2390 Testimoniis
1025 2327 1113 2408 igitur
1139 2325 1234 2390 buxae
1255 2328 1446 2410 incertaeque
1473 2329 1568 2411 expli-

176 2436 301 2499 cationis
322 2443 518 2518 protestantes
539 2437 706 2515 innituntur,
728 2443 760 2499 ut
780 2453 865 2499 suum
888 2435 1050 2518 adprobent
1069 2437 1330 2515 commentarium,
1353 2435 1491 2517 illumque
1510 2456 1567 2501 ,ex-

176 2553 309 2627 pugnent
331 2563 419 2627 quem
441 2545 575 2610 catholici
597 2544 837 2628 complectuntur.

283 2633 436 2718 Postremo
458 2674 603 2738 quaenam
617 2656 691 2718 ratio
713 2655 807 2718 videri
828 2652 934 2717 idonea
956 2652 1054 2733 debet,
1076 2660 1107 2716 ut
1127 2651 1205 2717 haec
1227 2655 1289 2736 ipsa
1304 2653 1342 2717 de
1364 2654 1564 2736 apostolorum
1656 2634 1657 2639 ἵ

175 2765 349 2846 aequalitate
371 2766 572 2829 conboversia
592 2772 658 2848 apte
680 2762 854 2829 dirimatur?
888 2782 977 2847 quum
999 2762 1109 2826 nullum
1123 2766 1149 2796 ⁴⁴
1175 2763 1252 2827 adsit
1273 2765 1464 2846 conspicuum
1485 2766 1567 2828 testi·

176 2877 322 2955 monium,
354 2875 383 2938 id
403 2875 550 2957 reliquum
572 2876 720 2940 dumtaxat
733 2880 760 2910 ⁴⁴
784 2882 846 2955 est,
880 2881 911 2936 ut
939 2890 1142 2955 quaecumque
1169 2874 1266 2936 omnia
1296 2873 1334 2936 ad
1364 2875 1567 2939 instituturus

176 2985 290 3049 Christo
311 2985 463 3068 regendae
495 2985 642 3049 ecelesiae
670 2992 846 3068 potestatem
877 2982 1060 3063 referuntur,
1093 2982 1196 3046 sedulo
1218 2982 1409 3065 colligantur,
1442 2985 1566 3049 collecta

177 3102 397 3178 comparentur,
426 3102 651 3176 comparataque
679 3095 716 3158 ad
744 3093 937 3159 decidendam
965 3110 1116 3170 caussam,
1146 3091 1359 3175 ferendamque
1390 3096 1565 3158 sententiani

175 3203 377 3268 adhibeantur.
419 3204 509 3286 Atqui
526 3206 604 3268 inter
618 3225 654 3269 ea
669 3223 745 3287 qnae
760 3204 870 3286 colligi,
893 3221 969 3285 quae
984 3200 1123 3283 conferri,
1143 3218 1279 3282 quaeque
1297 3200 1431 3265 adhiberi
1447 3202 1563 3280 debent,

177 3333 248 3377 suus
270 3332 388 3397 quoque
418 3322 464 3378 est
486 3314 586 3394 locus,
613 3316 697 3397 isque
729 3315 854 3396 insignis
881 3310 1057 3394 evangelico
1085 3312 1269 3390 testimuie,
1303 3311 1387 3374 euius
1417 3313 1565 3377 sinceram

177 3424 421 3506 significationem
437 3425 626 3506 exquirimus.
654 3425 732 3489 illius
745 3425 833 3508 igitur
847 3422 1046 3503 interpretatio
1060 3437 1159 3500 neque
1174 3419 1283 3501 pendet
1295 3438 1394 3501 neque
1405 3421 1565 3502 penderes

177 3534 316 3616 dogmate
337 3540 443 3615 potest,
466 3534 529 3596 sive
551 3534 629 3615 quod
651 3542 848 3617 protestantes
869 3526 971 3595 teuent
992 3531 1029 3594 de
1050 3526 1239 3609 aequalitate
1259 3527 1478 3611 αροιιιιὶονιιιιι,
1500 3533 1563 3596 sire

239 3757 284 3832 ⁴¹)
313 3756 342 3813 ln
362 3759 440 3830 epist.
469 3755 503 3812 ad
528 3755 677 3829 Eugenium
698 3756 844 3814 toletanum
895 3762 955 3811 sent
970 3753 1143 3827 argirmentis,
1163 3767 1230 3824 quae
1245 3751 1324 3808 tidem
1338 3752 1427 3810 tacere
1441 3754 1564 3811 umen

178 3864 344 3937 episcopan.
896 3860 1054 3919 omnimoda
1081 3860 1165 3930 igitur
1199 3858 1383 3930 apostolorum
1418 3862 1564 3935 aequalitas

240 3970 284 4045 ⁴⁴)
313 3969 369 4037 Qua
398 3969 501 4026 sedicet
520 3970 691 4042 praelinirent
710 3986 778 4043 quae
800 3969 846 4026 od·
895 3967 1029 4041 praesumi
1060 3981 1113 4021 non
1143 3970 1249 4038 potest,
1281 3981 1313 4019 ac
1343 3965 1427 4020 instar
1456 3981 1565 4023 normae

180 4078 247 4134 mitti
268 4076 404 4149 expositio
425 4081 547 4147 nequeat
896 4073 1027 4147 stabiliri,
1048 4089 1063 4128 a
1083 4087 1134 4145 qua
1156 4070 1305 4141 evangelici
1327 4076 1417 4126 textus
1438 4074 1567 4146 iuterpre-

242 4182 286 4255 ⁴⁴)
315 4181 388 4249 Quae
413 4182 484 4237 enirn
512 4198 527 4236 a
555 4181 765 4254 protestantibus
791 4196 845 4237 non
896 4180 964 4236 tatio
985 4177 1125 4235 discedere
1146 4181 1268 4249 nequeat.

178 4289 343 4362 sinendique
364 4288 422 4343 ueri
442 4289 532 4361 specie
553 4287 726 4363 adducuntur,
747 4303 777 4342 ea
798 4287 846 4342 ho-

179 4395 274 4451 bentur
294 4394 384 4449 htatth.
400 4393 494 4450 xuttl.
513 4393 563 4465 ts,
583 4393 703 4451 XXVlll.
720 4392 845 4466 18-20,

181 4508 208 4557 et
227 4500 289 4558 loh.
310 4499 368 4557 XX.
390 4499 517 4556 21-24.
565 4500 619 4556 Sed
639 4499 659 4555 Ι.
680 4500 722 4554 his
743 4500 847 4556 diemo

179 4607 268 4662 ellerri
294 4605 476 4662 omnimodam
499 4606 682 4680 apostolorum
702 4606 847 4679 aequalita-

180 4719 241 4788 teni,
263 4729 296 4768 ne
313 4713 364 4786 ipsi
385 4713 493 4785 quidem
513 4718 693 4787 protestantes
715 4712 846 4768 atdrnrare

181 4821 277 4874 ausint.
318 4820 454 4891 Reliquum
483 4826 524 4875 est
550 4818 632 4889 igitur
659 4817 692 4873 11.
720 4824 749 4874 ot
776 4817 846 4871 illam
959 4814 1003 4888 ⁴⁴)
1025 4812 1126 4868 Nullam
1146 4809 1470 4884 propterea'l'raditionis
1491 4828 1562 4869 nere

180 4927 281 4981 uirtute
307 4926 399 4981 doceri
427 4925 597 4981 watendaut
643 4923 699 4979 Sed
724 4921 849 4978 catholici
897 4921 998 4975 tionem
1015 4917 1158 4991 iniicimus,
1180 4917 1252 4990 quod
1272 4916 1352 4972 nobis
1372 4923 1497 4974 statutum
1516 4918 1561 4989 ait,

182 5030 319 5089 onaoimes
342 5037 506 5107 repugnant,
534 5047 567 5089 ae
588 5031 638 5105 iia,
665 5035 695 5088 ut
713 5030 765 5104 ipsi
787 5043 850 5087 cen·
899 5025 1057 5085 arrcurinte
1077 5024 1286 5098 Scripturonraa
1305 5022 1379 5083 litero
1400 5023 1532 5085 diunius.

959 4338 1004 4410 ⁴⁴)
1037 4336 1119 4392 Nobis
1146 4334 1252 4408 quidem
1281 4340 1382 4391 certum
1410 4340 1453 4390 est
1479 4353 1564 4409 usqne

897 4444 1069 4517 conspicuum
1090 4458 1175 4514 neque
1195 4440 1336 4497 obscurum
1364 4441 1476 4515 adesse,
1504 4460 1566 4516 par·

897 4552 953 4606 eius
981 4557 1068 4606 tarnen
1096 4549 1245 4620 loquimur,
1272 4564 1305 4603 ue
1330 4552 1392 4602 ante
1417 4549 1566 4622 triumphos

896 4672 977 4729 agere
997 4672 1074 4730 qoam
1097 4654 1248 4710 absolvisse
1267 4668 1383 4726 pugnam
1403 4654 1551 4710 ridmnor.
