3300 5402
203 219 267 279 ase
618 168 623 173 ’
683 215 815 279 uranu
866 213 1100 282 sncunnns

315 384 392 450 Sane
414 401 470 466 qua
492 384 584 449 dere
606 382 722 467 agitari
749 386 846 468 agitur
871 386 995 467 primum
1021 384 1059 449 de
1080 382 1160 450 serie
1183 393 1328 451 metonae
1348 387 1577 472 &pactum

206 494 437 576 interpretanda:
461 495 556 576 agitur
578 493 685 557 deinde
714 494 751 559 de
770 516 807 558 eo
825 494 982 558 morenae
1002 500 1114 574 capite
1143 499 1221 578 quod
1249 517 1339 580 quum
1367 498 1485 562 maximi
1505 507 1577 564 esset

207 606 363 683 momenti,
396 605 527 686 ignorari
556 622 574 667 a
604 605 722 667 nemine
749 611 872 685 poterat
920 602 961 668 At
987 621 1060 667 vero
1080 606 1148 669 talia
1177 626 1216 670 ne
1236 608 1291 671 ista
1312 616 1396 687 mant,
1424 608 1462 672 de
1483 608 1578 690 quihus

208 715 317 796 antiqui
335 721 438 793 testes,
461 713 609 777 christiani
623 720 730 795 patres,
751 714 970 795 scriptoresque
993 713 1187 779 ecclesiastici
1207 725 1273 780 loto
1290 718 1422 781 naama
1439 726 1578 800 praetere

207 819 314 886 antur?
336 824 362 886 si
384 841 483 887 sermo
505 823 542 886 de
562 822 653 887 rehus
673 822 752 887 toret
769 821 999 908 geographicis,
1021 822 1246 910 chronologicis,
1267 824 1512 912 archaeologieia,
1532 827 1578 890 etsi

207 934 323 1013 invitus,
344 941 503 1015 utcumque
517 941 616 996 tamen
629 936 848 1017 permitterem,
867 934 922 998 sed
936 952 1024 1017 qaum
1041 935 1079 999 de
1093 935 1219 1000 textihus
1234 955 1335 1001 sermo
1349 938 1387 1000 sit
1400 938 1577 1022 doymaltcis,

208 1045 302 1125 iisque
324 1043 360 1105 ad
382 1044 587 1124 gravissimum
609 1043 759 1108 doctrinae
781 1050 868 1125 caput
885 1043 1105 1125 pertinentibus,
1125 1063 1224 1126 neque
1245 1063 1304 1127 ego
1322 1048 1515 1128 permiserim,
1534 1065 1578 1109 ne·

208 1171 267 1235 que
286 1154 439 1234 quisquam
460 1152 516 1216 sibi
529 1153 755 1234 permittendum
769 1155 873 1217 merito
891 1152 1052 1235 postularit.
1096 1153 1191 1227 Quem
1211 1154 1288 1217 enim
1318 1154 1388 1218 latet
1415 1173 1475 1238 quo
1497 1155 1578 1219 studio

208 1270 268 1325 tum
284 1261 446 1341 servandis,
461 1280 550 1344 mum
564 1264 620 1326 rite
635 1262 804 1326 enarrandis
818 1263 992 1345 dogmaticis
1006 1263 1217 1344 scripturaram
1230 1263 1357 1328 textibus
1372 1266 1482 1348 antiqui
1495 1273 1579 1348 pahea

209 1368 398 1435 vacaverint?
425 1389 482 1452 qua
504 1388 574 1434 cura
595 1374 773 1454 sategerint,
805 1390 844 1435 ne
875 1389 971 1435 novae
1004 1371 1183 1454 fallacesque
1202 1372 1477 1454 interpretationes,
1505 1381 1534 1438 et
1549 1392 1581 1437 ex

208 1483 244 1544 iis
269 1480 421 1562 proiectae
449 1498 544 1545 novae
573 1480 752 1564 fallacesque
779 1480 931 1545 doctrinae
959 1477 1193 1545 inveherentur?
1223 1499 1310 1562 quem
1336 1480 1408 1546 latet
1435 1501 1494 1546 una
1524 1501 1579 1546 eura

209 1591 362 1672 Scriptnris
384 1608 556 1672 germanam
577 1591 747 1656 earumdem
767 1597 943 1674 potestatem
964 1590 1000 1654 ad
1023 1608 1077 1657 eos
1098 1609 1138 1653 ex
1163 1590 1342 1673 apostolicae
1368 1592 1580 1674 praedicationi

209 1699 290 1763 sonte
307 1702 335 1733 ⁷⁸
359 1696 544 1765 defluxisse?
1486 1700 1491 1705 ’

315 1808 473 1873 Praeterea
493 1808 587 1874 videri
610 1828 649 1873 ne
677 1815 768 1873 mmm
794 1816 891 1891 potest
911 1809 988 1873 mam
1014 1810 1089 1873 inire
1110 1808 1146 1873 ah
1173 1828 1210 1873 ea
1228 1809 1477 1891 diversissimam,
1507 1828 1581 1893 quan

209 1918 334 2001 apostoli
354 1919 517 2001 signarint,
550 1936 695 2002 quamque
722 1918 911 1983 christianum
937 1937 1047 1983 nomen
1076 1927 1244 1984 constanter
1270 1919 1421 1985 tenuerit?
1456 1922 1533 2003 atqti
1558 1926 1582 1982 et

209 2028 315 2091 Paulus
332 2031 359 2061 ⁷⁴
384 2028 485 2090 docuit
504 2028 665 2092 audiendos
686 2046 755 2093 esse
775 2036 883 2110 testes,
917 2036 947 2092 et
967 2028 1156 2093 christianum
1178 2047 1288 2094 nomen
1316 2032 1380 2095 sire
1411 2032 1445 2095 in
1465 2028 1581 2115 synodos

211 2145 360 2218 coactum,
389 2139 455 2201 sive
467 2136 575 2219 ubique
596 2146 740 2202 terrarum
761 2138 897 2203 diffusum
918 2138 990 2203 nihil
1012 2138 1112 2203 habuit
1125 2141 1270 2222 anhquius
1285 2158 1373 2222 quana
1393 2148 1426 2204 ut
1440 2160 1459 2205 e
1473 2139 1581 2205 ιεοῑὼιιε

200 2236 361 2336 'penderet
405 2245 603 2310 Disertissime
620 2255 689 2311 sunt
709 2267 786 2331 quae
800 2249 838 2313 de
851 2248 980 2331 patribus
996 2253 1023 2284 ⁷⁷
1040 2250 1181 2330 nicaenis,
1197 2267 1332 2331 quaeque
1347 2249 1385 2313 de
1398 2249 1545 2332 ephesinis
1556 2250 1579 2281 ⁷⁸

210 2364 381 2437 narrantum
400 2375 498 2438 neque
520 2358 615 2420 minus
636 2357 745 2422 diserta
765 2375 840 2440 quae
854 2357 959 2423 litteris
974 2359 1185 2440 consignarunt
1204 2357 1344 2424 Leontius
1357 2363 1385 2393 ⁷⁷
1410 2359 1581 2444 byzantinis,

211 2453 402 2529 lohannes⁷⁸
419 2467 584 2548 Cassianus,
596 2467 790 2556 Theodorilns
802 2470 841 2546 ⁷⁷,
856 2468 1039 2550 Augustinus
1052 2471 1091 2547 ⁰⁷,
1102 2467 1298 2552 Hieronymus
1309 2472 1349 2548 ⁸¹,
1363 2468 1538 2551 Epiphanius
1548 2470 1581 2545 ⁷²,

211 2574 392 2656 Basilius⁷⁷,
413 2575 560 2658 Origenes
575 2581 615 2659 ⁷⁴,
638 2576 831 2642 Tertullianus
845 2580 885 2657 ⁸⁷,
909 2577 1045 2641 Clemens
1063 2579 1090 2611 ⁸⁷
1108 2576 1325 2653 alexandrinus,
1347 2598 1382 2643 ac
1396 2579 1445 2644 his
1459 2578 1581 2643 omnihus

213 2684 353 2748 venustior
384 2685 538 2767 irenaeus,
564 2690 591 2720 ⁷⁷
625 2688 781 2769 inquiens:
811 2686 951 2769 „Xgniho
980 2705 1050 2750 vera
1082 2694 1129 2750 est
1155 2687 1354 2768 apostolorum
1384 2688 1529 2769 doctrina,
1558 2694 1583 2750 et

212 2797 347 2877 antiquus
373 2794 519 2859 ecelesiae
540 2803 631 2860 sums
644 2798 675 2861 in
695 2798 834 2861 universo
849 2795 967 2878 mundo,
989 2804 1020 2859 et
1039 2795 1191 2860 character
1211 2799 1343 2879 corporis
1354 2798 1470 2880 Christi,
1490 2816 1583 2863 secun

214 2906 282 2970 dum
303 2906 511 2970 successiones
529 2909 557 2940 ⁷⁸
581 2907 803 2989 episcoporum,
835 2905 939 2988 quihus
960 2904 1001 2969 illi
1022 2924 1088 2969 eam
1110 2924 1186 2987 qnae
1207 2908 1238 2971 in
1257 2925 1437 2992 unoquoque
1459 2908 1525 2972 loco
1546 2912 1583 2970 ed

274 3143 320 3218 ⁷³)
348 3142 427 3212 Quod
453 3143 596 3217 origenem
623 3146 773 3220 permovit,
803 3151 833 3202 at
852 3145 880 3201 in
981 3142 1037 3219 ⁷⁷)
1055 3143 1096 3201 De
1115 3141 1244 3201 lucarnat
1264 3142 1310 3199 lih.
1324 3143 1345 3200 l.
1617 3182 1618 3203 2

213 3251 326 3326 praelat.
351 3249 384 3305 ad
403 3264 472 3323 epm
492 3248 555 3327 napi
575 3241 686 3327 ἀρχῶν,
711 3269 737 3308 ιι.
758 3252 786 3309 2.
814 3252 881 3307 scri·
992 3249 1038 3325 ⁷⁷)
1058 3250 1087 3308 ln
1108 3250 1193 3307 trihus
1213 3249 1331 3322 dialogis
1351 3250 1511 3322 heqoanter.
1617 3250 1618 3299 1

215 3354 515 3430 berat:,‚1taquecum
537 3357 611 3413 multi
632 3358 694 3433 sint,
715 3359 760 3430 qui
781 3373 812 3414 se
829 3374 880 3431 pu·
994 3357 1039 3432 ⁷⁷)
1076 3355 1141 3413 Con.
1169 3354 1358 3430 cresconiam,
1390 3355 1437 3413 lih.
1466 3356 1486 3413 i
1518 3370 1582 3429 capp.
1617 3368 1618 3371 ’

215 3469 272 3520 tant
290 3461 391 3519 sentire
411 3478 479 3533 quae
499 3462 596 3520 Christi
615 3470 693 3540 sunt,
712 3470 740 3522 et
757 3464 879 3521 nonnulli
928 3461 1198 3522 xxxa-xxxin

216 3583 307 3625 eornm
336 3567 444 3624 diversa
470 3570 640 3642 apriorihns
667 3572 796 3646 sentiant,
824 3587 881 3627 ser·
992 3569 1037 3644 ⁸¹)
1063 3568 1149 3642 Epist
1170 3567 1285 3649 liXXVl.
1313 3566 1347 3623 ad
1373 3567 1531 3641 Evagrium,
1559 3570 1581 3621 et
1617 3618 1618 3631 ,

216 3681 292 3732 vetur
323 3689 390 3730 vero
425 3674 607 3733 ecclesiastica
636 3676 801 3749 praedicatio
833 3693 882 3750 per
929 3675 1138 3733 luculentissime
1150 3675 1179 3730 in
1191 3673 1303 3745 dialogo
1317 3672 1377 3731 adr.
1391 3673 1570 3731 Lnoiierianoa

216 3780 395 3838 successionis
420 3779 539 3836 ordinem
561 3782 594 3838 ah
615 3783 745 3856 apostolis
774 3783 880 3857 hadita,
993 3781 1040 3856 Η)
1060 3780 1183 3838 liaeress.
1203 3775 1580 3838 th—UXv-LXXVlll·

216 3894 244 3944 et
269 3903 353 3959 nsque
380 3886 415 3942 ad
440 3901 568 3959 praeseus
589 3888 618 3944 in
638 3890 751 3947 ecelesia
777 3907 881 3964 pmmn
992 3886 1037 3961 ⁸³)
1064 3886 1093 3943 lu
1119 3888 1206 3960 primo
1232 3902 1292 3943 oon.
1312 3886 1486 3962 Eunomium,
1512 3883 1579 3942 etde

215 4010 297 4069 nena3
321 3994 365 4050 illa
385 3993 443 4049 sola
465 3993 595 4051 credenda
616 4002 658 4051 est
678 3998 792 4071 veritas,
813 4013 880 4070 qnae
930 3993 1159 4067 Spiritu-sancto,
1179 4007 1238 4066 cap.
1252 3993 1347 4050 XXIX
1387 3993 1478 4050 Reeoli
1504 3997 1579 4047 auhn

216 4102 244 4158 in
263 4100 334 4156 nullo
356 4100 388 4155 ah
408 4100 591 4158 ecelesiastica
613 4107 641 4159 et
659 4104 808 4177 apostoliea
825 4104 880 4161 dis·
929 4098 1028 4183 dehent
1053 4115 1121 4171 quae
1150 4098 1184 4156 de
1210 4114 1261 4173 eo,
1290 4099 1376 4172 doque
1396 4099 1524 4172 Gregorio
1541 4110 1579 4153 t*

218 4207 311 4264 cordat
331 4203 505 4262 traditione.“
929 4206 1056 4263 aianaeno
1068 4205 1221 4278 Scripturas
1239 4205 1473 4279 interpretantibus
1486 4203 1577 4263 numu

279 4313 324 4388 ⁷⁴)
344 4311 376 4368 11.
396 4311 463 4368 Tim.
484 4310 516 4367 [Ι.
537 4311 565 4367 2.
928 4317 1017 4367 nanat
1037 4311 1069 4367 Η.
1089 4310 1122 4368 Ε.
1143 4310 1189 4368 lib.
1205 4310 1237 4367 ΙΙ.
1259 4326 1317 4385 cap.
1332 4311 1377 4367 tx.

278 4420 324 4494 ⁷⁵)
344 4418 424 4493 Apud
444 4418 618 4476 Athanasium
639 4418 672 4473 de
688 4417 809 4476 Decretis
823 4420 878 4477 Nic
991 4417 1035 4492 ⁷⁴)
1056 4416 1085 4473 ln
1109 4417 1201 4473 hane.
1222 4417 1309 4473 Tract.
1324 4416 1419 4473 XXIX.

218 4526 330 4602 synodi,
351 4533 379 4583 et
397 4525 542 4582 hectorem
562 4525 631 4583 llist
653 4524 766 4598 tripart
785 4526 832 4583 lih.
846 4526 880 4584 [1.
990 4522 1036 4597 ⁸⁷)
1063 4522 1107 4579 hd
1127 4538 1233 4580 omnam
1260 4525 1386 4597 paginam
1414 4525 1443 4581 in
1467 4523 1532 4581 libro
1548 4516 1577 4575 dc

218 4651 294 4707 capp.
316 4631 437 4689 [l-Ilh
929 4628 1194 4703 Praesmiplionihus.

280 4737 325 4812 Η)
345 4737 425 4811 Apud
439 4736 606 4795 Vincendum
621 4735 756 4811 lerinens,
777 4736 878 4795 comm
991 4735 1036 4812 ⁷⁸)
1056 4736 1086 4793 ln
1106 4736 1164 4793 Vll.
1185 4737 1358 4793 Strouatum.

218 4862 277 4921 cap.
298 4843 508 4903 xiil—xiiii.
728 4909 732 4916 ¹
991 4841 1036 4916 ⁸⁷)
1055 4840 1125 4897 nov.
1145 4841 1255 4897 lisera.
1276 4840 1323 4897 lih.
1337 4840 1382 4897 tv.
1404 4858 1464 4915 cap.
1480 4834 1558 4897 uitii

281 4950 326 5025 ⁷⁷)
348 4950 413 5008 con.
434 4950 599 5024 Nestorium,
618 4948 700 5007 tihi
991 4947 1035 5025 ⁸⁸)
1057 4948 1128 5007 luter
1152 4962 1217 5021 qaas
1241 4949 1427 5007 successione
1450 4962 1505 5007 ean
1522 4953 1572 4998 otte
