3300 5402
657 381 803 451 CAPUT
844 386 885 450 11.
1397 390 1459 452 am

86 552 210 637 exempla
232 561 337 618 norunt
357 553 478 636 eruditi,
511 563 541 618 et
562 554 693 638 theologi
723 575 759 619 ac
780 557 954 639 interpretes
983 574 1042 619 non
1070 563 1129 619 tam
1149 556 1275 620 letentur
1292 561 1338 637 ⁵⁰,
1371 575 1458 638 quam

83 663 182 744 passim
203 662 401 727 lamentantur.
444 663 534 727 Porro
558 683 647 746 quum
674 664 703 728 id
730 667 888 749 contingit,
917 666 975 729 duo
1007 664 1134 747 οἶμα-’σονς
1160 674 1393 749 consequuntur:
1421 688 1456 731 ac

86 772 204 852 inprimis
224 771 433 837 obscuritatem
463 792 502 837 ex
529 775 598 856 ipsis
626 776 826 839 instrumentis
846 776 1032 856 testibusque
1053 776 1188 859 prodire,
1218 784 1305 860 atque
1331 785 1457 842 tostam

84 880 185 944 idcirce
204 901 272 945 esse
295 891 324 946 et
344 882 478 946 realem:
501 892 561 947 tum
580 904 653 948 vero
668 885 769 949 ductas
784 906 823 949 ex
837 885 918 948 hisce
940 884 1013 948 locis
1032 883 1230 964 probationes
1240 884 1356 970 floras
1378 907 1457 966 esse,

83 997 216 1068 incertas,
227 990 373 1074 finesque
384 991 610 1072 probabilitatis
627 997 776 1059 rarissime
792 995 1006 1078 praetergredi.
1050 994 1226 1059 Considimus
1242 1003 1350 1077 autem,
1367 999 1457 1061 immo

80 1102 234 1164 certissime
257 1109 394 1166 tenemus
416 1122 452 1167 ea
474 1122 528 1167 nos
549 1106 753 1186 praemisisse,
784 1123 878 1187 eaque
902 1122 970 1167 esse
998 1104 1146 1167 addituros
1168 1123 1243 1186 quae
1269 1123 1328 1168 non
1350 1106 1455 1187 sinant,

79 1216 107 1273 ut
126 1212 259 1293 primatus
281 1212 426 1293 probatio,
450 1214 531 1276 cuias
553 1216 611 1276 vim
633 1217 866 1298 gmvitetemque
889 1222 1021 1291 tuemur,
1052 1212 1120 1275 hnic
1141 1213 1325 1277 obscuritatis
1348 1217 1454 1297 generi

79 1320 197 1384 obnoxia
219 1323 413 1385 existimetur.
856 1347 859 1351 ’

178 1437 226 1494 31.
269 1430 412 1495 Venimus
440 1432 477 1495 ad
498 1440 621 1497 tertiam
640 1443 883 1515 postremamque
905 1433 1103 1497 obscenitatis
1124 1439 1269 1513 spectem,
1299 1451 1375 1515 quae
1396 1440 1455 1496 tes·

76 1557 140 1603 sera
159 1558 322 1623 eorumque
344 1540 498 1606 character
523 1543 638 1607 videtur
667 1564 743 1627 quae
772 1544 868 1608 divina
896 1543 1111 1625 christianaque
1139 1541 1320 1605 revelatione
1348 1559 1456 1625 prepo-

77 1657 185 1713 nuntur.
227 1651 311 1714 llanc
340 1669 399 1733 ego
423 1651 518 1715 dicam
539 1650 755 1717 obscuritatem
776 1651 855 1735 fidet
872 1658 918 1732 ⁵¹,
948 1654 1023 1717 illius
1045 1658 1194 1736 ortqinens
1215 1653 1358 1734 aperiam,
1388 1673 1456 1716 core

76 1766 300 1841 sessionemque
320 1779 387 1823 cum
400 1762 569 1825 necessaria
591 1762 770 1844 probationis
792 1764 938 1827 evidentia
952 1762 1169 1826 demonstrabo.
1211 1760 1247 1824 Et
1270 1761 1307 1824 de
1321 1761 1455 1826 obscuri·

75 1875 128 1932 tate
149 1870 268 1952 quidem
286 1869 354 1934 fidei
376 1888 465 1934 nemo
486 1880 532 1935 cst
552 1871 775 1955 theologorum,
804 1875 867 1937 sive
888 1873 1113 1951 catholicorum,
1135 1872 1200 1934 sive
1220 1872 1451 1952 protestantium,

74 1980 120 2060 qui
140 1998 198 2042 non
219 1980 328 2044 crebro
350 1980 493 2062 loquetur,
515 1984 622 2065 quique
644 1982 722 2046 illam
744 1984 868 2046 tesseris
890 2002 950 2046 non
969 1982 1142 2046 adnumeret
1162 1979 1337 2044 christianae
1365 1999 1453 2045 reve·

74 2087 190 2169 ludonis,
212 2089 251 2152 de
275 2088 379 2171 quihus
402 2088 550 2172 multiplici
571 2093 689 2155 nomine
712 2093 867 2157 certissimi
889 2092 1046 2155 reddimur.

174 2200 219 2262 Ac
240 2200 398 2263 senissimi
418 2217 491 2263 sane
513 2199 551 2263 de
572 2219 609 2264 ea
629 2200 779 2265 reddimur
798 2199 891 2281 plena
904 2202 1034 2283 inprimis
1049 2199 1229 2279 inductione,
1254 2217 1343 2280 quum
1359 2199 1454 2263 nullus

75 2309 110 2370 sit
129 2309 284 2391 apostolici
306 2308 431 2393 symboli
453 2309 600 2390 articulus,
623 2311 705 2372 cuius
727 2310 850 2374 evidens
872 2310 1012 2375 revelatio
1034 2329 1050 2373 a
1072 2310 1174 2390 quavis
1195 2309 1298 2372 umbra
1319 2310 1455 2373 immunis

73 2418 107 2479 sit
126 2426 212 2501 atque
235 2417 382 2501 expedita.
424 2418 579 2482 Accedunt
600 2417 750 2482 solemnes
772 2419 886 2483 Petrum
899 2425 927 2455 ⁵²
951 2420 1124 2497 sententiae,
1146 2418 1335 2483 revelationis
1357 2418 1455 2502 splen·

73 2527 169 2591 dorem
183 2528 296 2591 unihris
311 2527 401 2591 veluti
415 2527 575 2591 interiectis
588 2527 720 2591 nonnihil
733 2531 900 2612 temperari.
927 2528 1038 2592 Eodem
1053 2530 1181 2610 pertinet
1193 2526 1455 2608 πολοθρύλλῃτον

74 2635 143 2700 Petri
174 2638 292 2702 allatum
307 2643 354 2700 ⁸³:
389 2632 462 2700 Kal
490 2637 607 2717 ἔχομεν
633 2635 830 2720 βεβαιότερον
857 2639 911 2702 τὸν
938 2638 1131 2725 προφητικὸν
1160 2637 1273 2719 λόγον,
1304 2630 1454 2721 pastos

73 2748 183 2809 ποιεῖτε
211 2750 438 2828 προςίχοντες,
472 2741 518 2821 ale
544 2742 652 2830 λύχνῳ
680 2748 825 2831 ιῃαίνοντι
844 2752 878 2811 ἐν
898 2744 1056 2830 αὐχμηρῷ
1083 2751 1182 2830 τόπῳ,
1211 2751 1271 2822 ἕως
1293 2738 1332 2809 οὗ
1353 2743 1455 2829 ἡμέρα

73 2853 244 2942 διαυγάσῃ,
273 2856 327 2920 καὶ
354 2857 528 2943 φονςφόρος
549 2850 691 2938 ἀνατείλῃ
718 2862 752 2920 ἐν
779 2860 848 2931 ταῖς
870 2856 1014 2938 καρδίαις
1043 2853 1141 2938 dano.
1184 2852 1227 2919 m
1255 2864 1410 2938 praeterea
1423 2860 1450 2890 ⁵⁴

72 2961 213 3031 hahemus
223 2966 443 3048 firmissimam
454 2969 482 3000 ⁵³
497 2965 705 3045 propheticam
718 2988 896 3043 emmonem,
917 2968 960 3031 od
973 2989 1068 3047 quem,
1088 2963 1250 3046 praeclare
1270 2987 1325 3029 aas
1336 2972 1453 3051 qerttie,

73 3074 140 3137 dum
160 3084 302 3139 animam
322 3075 500 3150 advertitis,
521 3082 681 3155 tamquam
701 3076 744 3138 ad
762 3074 922 3139 lucernam
941 3084 973 3139 in
994 3073 1184 3139 tenebricoso
1197 3078 1224 3111 ³⁶
1247 3074 1453 3156 splendentem

73 3181 152 3263 ίοσο,
184 3187 281 3250 donee
307 3185 374 3249 dies
404 3183 572 3259 elucescat,
602 3192 694 3263 atqree
722 3184 836 3271 lucifer·
854 3191 880 3219 ⁵⁷
911 3194 943 3249 in
970 3185 1113 3249 cordibus
1140 3191 1253 3248 cestr-is
1281 3193 1451 3249 emoriatur.

129 3420 174 3492 ⁵⁰)
208 3416 310 3493 „Quae
342 3418 477 3490 hucusque
508 3419 737 3487 enumeravimus,
787 3421 845 3476 seni
867 3436 926 3477 con.
949 3420 1106 3476 Eunomium
1127 3420 1200 3476 Orat.
1221 3417 1279 3475 illl.
1300 3434 1362 3491 pag.
1384 3417 1451 3475 116.

73 3523 151 3581 vmhs
171 3530 235 3581 suut
251 3523 319 3580 laha
334 3526 360 3580 in
373 3524 529 3581 Euchiridio
550 3522 640 3597 §.12,
660 3540 737 3597 prae·
786 3526 908 3583 Aliorum
936 3527 1090 3582 testimonia
1117 3525 1213 3582 eodem
1238 3524 1386 3598 spectantia
1407 3524 1454 3580 ds-

71 3630 161 3703 cipuse
189 3637 252 3687 sunt
278 3646 390 3686 caussae
419 3631 591 3687 obscuritatis
619 3647 642 3686 s.
670 3631 737 3687 scri·
786 3633 825 3688 hit
837 3633 1030 3689 liittershusiuo
1045 3632 1128 3688 Lectt.
1143 3632 1218 3687 Sacr.
1233 3630 1320 3687 ttuv.
1336 3647 1395 3705 cap.
1407 3631 1450 3686 lll.

70 3739 177 3807 pluras,
207 3736 311 3808 deque
334 3737 401 3795 olim
421 3744 601 3810 protestantes
622 3739 691 3793 iuter
710 3742 737 3793 st
849 3739 893 3807 δ’)
913 3739 946 3794 11.
963 3738 1031 3793 Patr.
1053 3738 1073 3794 1.
1098 3736 1143 3793 19.

70 3826 185 3914 reliquos
207 3843 368 3900 christianos
389 3857 483 3899 omues
504 3860 600 3915 magna
624 3843 735 3915 vigebat
848 3845 892 3917 δ’)
921 3845 994 3899 lianc
1019 3844 1073 3898 vim
1100 3844 1188 3899 inesse
1215 3841 1361 3915 particulae
1389 3839 1451 3910 καί,

70 3950 221 4022 contentio,
242 3965 317 4005 neme
336 3951 443 4025 sopita,
463 3956 643 4022 protestantes
665 3952 734 4006 enim
785 3968 868 4008 uerius
889 3968 948 4006 cum
969 3949 1187 4007 antecedentibus
1208 3946 1313 4021 prohat

68 4054 123 4110 iore
142 4072 161 4110 o
182 4055 269 4112 trihas
289 4057 431 4114 deceemis
450 4056 641 4112 obscuritatem
662 4056 735 4111 Scri·
847 4057 891 4129 ⁵⁵)
912 4057 1050 4112 llaniiesta
1071 4062 1113 4111 est
1133 4054 1254 4125 enallage
1268 4053 1378 4127 gradum,
1400 4071 1450 4126 qua

69 4166 161 4233 ptume
182 4161 368 4219 cantitentur.“
785 4166 1002 4236 comparativam
1022 4152 1195 4239 βεβαιότερον
1209 4175 1258 4231 pro
1272 4159 1450 4233 anputatae,

131 4270 176 4343 ³¹)
197 4268 329 4342 loquutie
350 4270 415 4325 haec
435 4274 478 4323 est
499 4267 596 4322 usitata
617 4269 735 4341 apprime
784 4269 827 4324 vel
841 4269 955 4343 simplici
966 4271 1094 4343 positivo,
1115 4275 1143 4323 nt
1157 4268 1227 4338 Syro
1242 4267 1353 4339 placuit,
1375 4281 1451 4321 usar-

69 4373 217 4447 theolcgis,
246 4376 290 4449 qai
312 4376 346 4431 de
365 4374 428 4431 tidei
453 4373 618 4430 obscuritate
641 4371 734 4444 (quam
784 4382 870 4448 patus.

71 4477 163 4535 Paulus
184 4481 268 4537 innuit
288 4480 369 4537 llehr.
384 4479 430 4537 xt.
447 4478 479 4553 i,
501 4478 563 4534 dum
584 4479 663 4534 iidem
684 4492 735 4532 vo·
847 4482 892 4553 ³¹⁵)
924 4481 1016 4536 Graeci
1047 4485 1184 4553 opponunt
1209 4471 1242 4535 sd
1269 4474 1379 4554 calidos
1404 4475 1451 4533 sat

70 4590 111 4639 cat
134 4580 242 4663 ἔλεγχον
267 4576 300 4643 οὐ
320 4583 508 4662 qllsnopdsms)
535 4584 653 4657 pluribus
678 4584 735 4640 dis·
784 4578 914 4661 lapseqo'e
932 4581 974 4659 aql
995 4577 1133 4662 αὐχμηρῷ
1154 4583 1199 4641 καὶ
1213 4575 1345 4658 stappae
1376 4583 1450 4640 Unde

70 4697 167 4762 putant
205 4692 325 4749 Omnium
347 4692 455 4747 nomine
475 4691 567 4747 conier
586 4692 732 4748 iohannem
786 4694 945 4764 Hesychius:
975 4683 1131 4768 αὐχμηρόν·
1152 4682 1249 4767 ξηρόν,
1268 4684 1410 4755 σκοτῶδες.

68 4794 105 4851 lle
124 4796 215 4871 lugo,
241 4798 287 4855 De
304 4801 406 4854 eistete
423 4797 493 4868 fidei
514 4798 646 4868 melnae,
673 4798 734 4853 llis·
847 4801 891 4873 11ί)
911 4799 1053 4869 Bengelius
1075 4800 1101 4853 ln
1122 4798 1274 4870 Gnomone,
1296 4801 1323 4851 et
1343 4794 1403 4850 Pott
1424 4794 1450 4849 in

69 4908 123 4971 put.
143 4901 177 4958 ll·
784 4905 1000 4963 annotationibus
1021 4905 1154 4978 principio
1177 4906 1298 4974 monent,
1319 4898 1449 4955 vocabula

129 5005 175 5081 ⁸²)
195 5007 389 5085 chrysostomi,
411 5009 577 5081 theodoriti,
593 5008 734 5082 Theophy·
784 5011 915 5086 paleam,
936 5001 1071 5085 dmepalop
1092 5016 1120 5063 et
1139 4998 1267 5081 ιίιιιιοίλῃ
1288 5019 1337 5077 pro
1350 5006 1450 5074 isuper-

65 5109 129 5172 teeti
143 5112 177 5173 sd
193 5112 274 5176 sets.
287 5114 333 5175 lll-
350 5114 375 5190 t,
396 5116 514 5188 itemque
532 5112 654 5191 Gregorii
671 5132 734 5188 nge·
782 5119 867 5190 [ωδε
897 5116 1018 5177 hahendo
1049 5127 1125 5173 essct
1162 5118 1215 5168 tum
1248 5109 1377 5180 subdunt,
1407 5101 1450 5181 aql
