3258 5400
239 312 299 371 lou
757 304 889 370 mult
930 304 1097 374 Paratus

237 476 291 540 sed
313 478 456 556 quotquot
478 472 678 556 esprImuntur
692 471 833 557 formulis
856 473 951 561 βάσκε
970 469 1010 539 acl
1032 470 1128 557 εἱρν1α
1148 494 1222 558 μου,
1243 472 1389 557 ποὶμαινε
1408 466 1448 537 cci
1468 468 1590 555 πρόβαιν’

236 605 310 664 μου,
331 581 426 667 βάσκε
445 577 486 647 aci
507 579 650 666 πρόβατά
670 604 742 665 μου.
784 583 836 648 ilis
859 592 956 649 autern
975 600 1079 647 omnes
1094 586 1121 618 ¹⁰
1145 582 1354 665 significantur,
1373 587 1589 662 universumque,

236 712 294 776 qua
321 693 378 757 late
409 701 503 776 patet,
532 693 609 757 ovile
638 693 901 775 comprehenditur.
944 690 1078 757 Officium
1106 710 1199 776 ergo,
1226 695 1409 777 pastorisque
1430 692 1591 755 oscummid

237 804 394 867 auctoritas
414 802 500 867 Petro
522 803 661 868 defertur.

344 918 412 976 104.
455 913 542 977 Cuiam
564 914 681 995 quidem
702 914 818 996 eximia,
840 912 1056 996 sugamusque
1072 912 1248 995 praestantia
1262 912 1441 995 splendidius
1463 912 1590 991 enitesoet

237 1023 263 1087 si
285 1042 360 1105 quaa
382 1023 512 1086 Christum
533 1022 601 1085 hele
623 1022 756 1105 adhibet,
784 1043 851 1087 cum
871 1024 907 1087 iis
927 1029 1150 1103 componantur,
1181 1040 1257 1103 quae
1285 1024 1316 1085 in
1343 1022 1417 1086 locis
1441 1023 1535 1097 ὄντως
1552 1040 1591 1105 go

236 1135 321 1196 minis
343 1133 418 1216 apud
431 1131 608 1197 Matthaeurn
625 1135 649 1166 ¹¹
675 1141 705 1196 et
725 1133 834 1197 Lucam
850 1136 876 1168 ¹²
901 1133 1094 1215 reperiuntur.
1136 1131 1285 1195 Eiusmodi
1302 1134 1381 1195 enim
1397 1134 1591 1215 comparatione

235 1243 339 1324 liquet,
361 1244 399 1306 ita
422 1242 564 1324 phrases,
584 1244 803 1324 sententiasque
825 1242 938 1325 dIsponi
959 1250 1113 1325 oportere:

276 1349 385 1417 Βόσκε
415 1350 454 1417 τοὶ
487 1348 544 1433 σξρ-
634 1346 706 1415 Καὶ
747 1350 786 1415 σύ
824 1375 900 1417 ποτε
988 1348 1060 1416 Ἐπὶ
1091 1349 1185 1435 ταύτῃ
1214 1352 1251 1434 τῇ
1281 1356 1382 1434 πέτρᾳ
1414 1346 1590 1432 οἰκοδομήσω

234 1462 288 1527 ulos
300 1484 373 1548 μον,
396 1461 542 1545 nolumus
591 1466 800 1543 sarcapsqooec,
831 1459 901 1539 στή-
947 1483 1012 1547 prou
1044 1455 1100 1539 τὴν
1131 1460 1314 1537 ἐκκλησίαν·
1348 1458 1445 1525 δοίσω
1476 1460 1523 1523 σοὶ
1547 1451 1588 1531 aas

234 1571 273 1638 rol
299 1569 443 1655 πρόβατά
469 1593 542 1654 μον,
592 1568 680 1655 ριξον
707 1566 780 1648 τούς
808 1568 900 1638 α’δελρ
948 1571 1032 1646 κλεῖς
1059 1574 1113 1648 τῆς
1135 1567 1296 1653 βασιλείας
1315 1572 1379 1636 τοῖν
1400 1560 1589 1653 οὐρανῶνὸ

235 1680 329 1766 βάσκε
345 1676 385 1747 acl
399 1679 544 1766 πρόβατά
593 1679 677 1768 φούς
698 1699 766 1745 σον.
946 1680 1006 1747 dcis
1025 1678 1125 1765 δήσῃς
1144 1680 1195 1744 ἐπὶ
1213 1682 1267 1757 τῆς
1285 1683 1358 1762 γῆς,
1381 1681 1470 1744 ἔσται
1490 1676 1588 1759 amam

233 1815 306 1876 μου.
948 1814 1005 1858 νον
1025 1796 1059 1857 ἐν
1078 1794 1145 1865 τοῖς
1165 1785 1331 1872 οὐρανοῖς·
1363 1791 1417 1854 καὶ
1446 1782 1540 1853 decia
1554 1782 1590 1848 tt
1621 1800 1622 1803 ’

948 1921 1004 1987 ope
1024 1902 1075 1967 dal
1104 1901 1158 1977 τῆς
1183 1900 1258 1980 γῆς,
1290 1899 1375 1965 ἔσσαν
1396 1897 1591 1981 λελομένονέν

948 2014 1015 2086 τοῖς
1036 2010 1194 2093 οὐρανοῖς.

234 2120 275 2183 At
295 2120 449 2184 enimvero
469 2120 526 2183 hao
546 2120 707 2204 phraseon,
729 2118 977 2202 formularumqua
997 2120 1186 2201 dispositione
1208 2118 1412 2201 intelligimus:
1438 2117 1459 2180 I
1481 2113 1590 2195 mulipli-

235 2247 301 2291 oem
322 2247 424 2292 earum
445 2231 614 2292 varietatem
635 2247 673 2293 eo
693 2230 858 2310 pertinere,
878 2236 910 2292 ut
930 2228 1076 2311 dignitatis
1096 2229 1259 2310 promissae
1281 2228 1424 2310 primum,
1451 2246 1487 2290 ac
1507 2222 1591 2289 deinde

233 2338 321 2401 Petro
342 2339 466 2402 collatae
486 2338 610 2420 plenior,
633 2339 853 2418 aromatiorque
874 2339 974 2401 notitita
995 2338 1091 2402 animo
1112 2337 1294 2400 informetur.
1338 2334 1434 2409 uuam
1457 2337 1531 2400 eninr
1548 2334 1591 2396 sto

236 2448 324 2530 gallae
345 2448 530 2530 adumbrant,
561 2446 695 2512 eamdem
716 2447 802 2511 slmul
824 2465 942 2530 omues,
970 2447 1222 2529 cohaerentesque
1245 2446 1409 2528 exprimunt
1438 2465 1474 2510 ac
1493 2459 1591 2525 reprae

235 2566 358 2621 sentent.
400 2558 589 2640 Intelligimus
610 2558 643 2620 Il.
659 2556 735 2621 Petri
757 2558 926 2641 dignitatem
938 2557 1063 2639 amplam
1077 2558 1120 2621 sio
1140 2576 1217 2637 esse,
1239 2564 1271 2618 ut
1284 2558 1403 2619 omnino
1426 2548 1590 2618 amasam

235 2670 394 2732 existimari
415 2668 529 2732 debeat.
572 2668 694 2733 Ianaam
716 2671 793 2733 enlm
815 2676 903 2752 patet
926 2676 1064 2751 quantum
1083 2667 1201 2731 nomina
1223 2663 1373 2729 0001an
1387 2662 1513 2743 Christi,
1532 2666 1590 2727 aios

235 2777 361 2861 demque
382 2777 470 2842 οσίάίε
484 2782 510 2812 '⁸
533 2779 751 2860 protenduntur.
794 2778 844 2842 llis
866 2786 962 2841 autem
983 2776 1225 2860 sigulfioationem
1253 2775 1377 2839 subesse
1402 2773 1589 2848 mdversmn

233 2907 321 2951 nemo
343 2898 389 2952 est
413 2891 462 2971 qui
483 2891 545 2952 iure
568 2889 731 2952 dIlliteatur.
772 2886 963 2968 Intelligimus
981 2886 1107 2967 denique
1128 2884 1173 2948 lll.
1190 2885 1360 2968 dignitatern
1383 2905 1455 2951 esse
1476 2904 1537 2949 cum
1554 2899 1591 2944 su·
1621 2966 1622 2979 ἵ

231 3018 333 3081 prema
355 3001 525 3063 auctoritate
546 3002 745 3080 coniunctam,
767 2993 1012 3080 quemadmodum
1033 2992 1243 3077 confirmcndt,
1264 2993 1398 3080 diffundi,
1420 2994 1591 3066 rolcmdi¹¹,

229 3111 436 3191 pascendique
458 3110 602 3173 vocabula
622 3109 787 3174 ostendunt.

342 3225 409 3283 105.
452 3217 497 3281 De
520 3237 578 3300 quo
595 3227 744 3301 postremo
763 3216 908 3282 vocabulo
929 3222 959 3278 ut
979 3214 1118 3277 nonnulla
1131 3213 1305 3278 brevissime
1326 3215 1478 3297 attingam,
1498 3217 1526 3278 ia
1543 3229 1591 3275 aa

233 3331 356 3392 moriam
382 3329 545 3410 revocabo,
574 3329 712 3410 solemni,
746 3335 869 3407 ratoque
894 3324 1034 3407 loquendi
1059 3343 1115 3387 usu
1142 3342 1230 3406 quum
1260 3323 1335 3405 apud
1363 3324 1521 3404 profanos,
1545 3328 1591 3383 tan

233 3438 309 3520 apud
323 3439 486 3521 impiatos,
508 3438 782 3519 ecclesiastIcosque
796 3416 964 3517 scriptores,
981 3433 1016 3498 rb
1030 3432 1187 3515 παραίνεε
1202 3435 1317 3515 quoties
1331 3449 1390 3495 non
1402 3441 1532 3514 propria,
1549 3427 1590 3495 sed

232 3545 434 3627 metaphorice
460 3556 489 3610 et
516 3549 553 3611 ad
577 3548 712 3611 homines
739 3546 909 3610 translatum
938 3546 1092 3625 accipitur,
1121 3544 1208 3606 toties
1235 3542 1313 3606 idean
1341 3542 1442 3606 valere
1468 3563 1502 3608 ao
1526 3558 1589 3624 repo,

230 3656 380 3741 paderno,
407 3663 535 3736 impero,
564 3652 694 3735 aliisque
720 3665 788 3721 aare
810 3662 972 3738 prospicio.
1015 3648 1105 3715 Missa
1126 3652 1202 3715 facio
1223 3654 1387 3716 testimonla
1404 3656 1430 3688 '¹
1455 3657 1518 3718 raia
1535 3647 1591 3726 ἔξω,

232 3786 332 3849 neque
354 3786 389 3831 ea
403 3784 613 3847 commemoro,
635 3785 710 3848 quae
727 3768 890 3850 frequentia
903 3783 996 3849 penas
1011 3762 1216 3827 alexandrinos
1232 3764 1257 3797 ¹¹
1281 3770 1448 3843 occuurunt,
1470 3770 1500 3827 et
1517 3776 1592 3845 panos

232 3876 327 3938 solum
353 3898 370 3940 e
392 3894 471 3939 novo
493 3883 682 3958 testamento,
710 3879 877 3960 speciminis
899 3878 1010 3958 gratia,
1039 3876 1069 3937 in
1098 3874 1234 3937 medium·
1245 3873 1368 3936 adduco.
1410 3872 1511 3956 ltaque
1530 3887 1590 3945 eam

232 3985 269 4051 de
292 4005 348 4068 qua
361 3987 515 4070 loquimur,
538 3985 778 4070 significationem
799 3986 835 4052 τὸ
857 3987 1015 4071 ποιμαίνω
1037 3985 1188 4049 manifeste
1209 3983 1311 4065 relert,
1333 4001 1423 4066 quum
1439 3986 1466 4018 ¹¹
1490 3983 1591 4046 dicium

298 4177 341 4253 10)
360 4177 446 4246 Quum
460 4178 679 4262 integrumxoviIe
692 4180 797 4236 nonnisi
810 4180 897 4255 aguis,
1011 4176 1056 4251 ¹⁴)
1081 4175 1122 4233 Ila
1140 4181 1275 4249 potestate
1300 4176 1393 4232 barunr
1421 4190 1517 4232 vocum
1539 4170 1592 4229 uta

233 4281 382 4357 ovibusque
403 4291 586 4355 componatur.
619 4285 673 4343 Sed
692 4286 767 4359 plura
787 4286 897 4342 interius
944 4282 1048 4357 plenius
1069 4282 1239 4339 disseremus.
1274 4280 1383 4338 consuli
1397 4283 1498 4338 Interea
1511 4276 1593 4354 potat'l

231 4389 361 4464 dabimus,
380 4370 552 4464 invectasque
566 4393 746 4465 expositionis
760 4396 897 4464 corrupte·
943 4379 1044 4448 Daunii
1058 4388 1213 4445 dissertatio
1235 4387 1269 4444 ad
1289 4387 1380 4444 Ilatth.
1401 4386 1497 4447 xvut
1518 4384 1558 4442 la.

230 4494 271 4551 las
291 4495 505 4569 profligabimos.
1009 4494 1051 4571 ¹¹)
1071 4493 1111 4551 lla
1131 4494 1174 4549 bis
1194 4494 1255 4552 vide
1276 4492 1463 4551 casaubonum
1484 4494 1511 4550 iu
1524 4490 1593 4549 axa

295 4600 337 4678 ¹¹)
358 4601 450 4658 hiatth.
470 4601 541 4657 XVI.
564 4599 701 4659 tas—20.
944 4600 1002 4658 citt.
1017 4598 1269 4679 Anti-Beroaianis,
1282 4599 1398 4658 Exercit
1415 4599 1484 4658 XVI
1502 4598 1527 4672 ς.
1538 4593 1592 4653 att.

296 4706 339 4783 ¹¹)
359 4706 421 4764 luc.
441 4707 524 4765 XXII.
545 4707 593 4764 32.
945 4716 951 4725 '
1008 4706 1051 4784 ¹⁸)
1073 4707 1117 4764 Uti
1137 4706 1249 4780 [theg.
1264 4706 1297 4764 V.
1311 4706 1346 4782 Β,
1367 4706 1426 4765 vu.
1442 4707 1467 4782 I,
1488 4698 1591 4762 arad

294 4810 337 4886 ¹⁸)
357 4812 423 4869 llam
443 4805 480 4871 aad
500 4804 583 4892 ἀρνία
609 4831 663 4889 μον
689 4809 737 4869 καὶ
761 4803 798 4870 νεὶ
824 4801 894 4890 κερό-
942 4811 987 4870 XI.
1002 4812 1035 4888 2,
1061 4812 1144 4870 xvu
1160 4813 1192 4888 d,
1218 4812 1260 4869 l’s.
1275 4812 1369 4869 XXIII.
1386 4812 1417 4890 l,
1437 4808 1541 4872 xxvll
1556 4805 1591 4863 lb

228 4908 303 4994 βατά
331 4936 386 4993 μον
416 4921 487 4979 idern
517 4921 657 4978 nrauiieste
685 4925 784 4977 sonant
813 4934 846 4977 aa
873 4909 893 4993 ἡ
1007 4919 1051 4994 ¹¹)
1070 4918 1161 4975 llattla
1175 4916 1209 4975 u.
1228 4919 1263 4975 d:
1296 4909 1342 4975 Ἐκ
1362 4914 1416 4976 σοῦ
1434 4909 1486 4995 γεὶρ
1505 4902 1592 4987 dssala'*

229 5012 301 5099 αὐλή
320 5042 383 5101 μου.
942 5038 1019 5084 σεται
1037 5013 1201 5103 ἡγούμενος,
1226 5014 1298 5094 ὅστις
1315 5032 1446 5102 numeral
1466 5016 1515 5084 τὸν
1536 5008 1592 5083 ltn't
