3300 5402
225 242 288 305 dud
743 238 875 303 Libuit
917 238 1083 306 miritis

221 409 374 474 deducitur
394 426 579 490 caussarum3
606 408 647 471 ita
667 429 688 471 a
703 413 815 487 priori,
838 415 870 471 ut
888 406 1062 490 loquuntur,
1091 425 1129 472 ea
1157 408 1243 472 toties
1263 406 1428 471 munimime
1449 406 1586 489 stebiitur,

221 519 336 601 quoties
357 518 453 581 series
473 535 647 599 summaque
669 515 840 597 effectuum,
863 518 913 599 qui
932 517 1070 581 sensibus
1090 515 1299 599 obversantur,
1328 536 1367 581 ex
1387 537 1422 582 ea
1443 524 1525 599 apte,
1543 535 1587 580 ne

118 698 123 706 ,
220 627 410 709 cessarioque
436 626 622 710 praedicitur.
663 625 735 690 Eam
762 645 914 708 caussam,
947 644 1034 709 quam
1060 633 1264 711 pravitatem,
1291 634 1412 707 tibique
1433 632 1588 710 matuta

219 738 416 818 nominamus,
438 755 478 801 ex
498 734 650 800 effectibus
670 742 700 799 et
720 758 741 799 o
759 743 925 817 posteriori
946 743 1026 800 certa
1044 736 1219 801 deductione
1240 736 1421 820 colligimus:
1445 737 1499 801 sed
1519 754 1588 800 eam

220 847 288 912 dem
309 865 369 911 non
389 847 495 911 minori
515 845 613 910 iudicii
634 849 797 911 consentia
819 852 950 927 aptiori
965 864 1084 930 quoque
1099 847 1337 929 determinamus,
1359 865 1449 928 quum
1469 846 1533 910 talis
1550 847 1590 925 sit,

221 974 317 1039 equa
339 956 482 1020 obnordos
504 956 640 1021 sensibus
662 954 786 1020 effectus
808 974 868 1021 non
889 955 1046 1019 dunanda
1066 957 1252 1038 coniicimus,
1281 956 1336 1020 sed
1357 956 1497 1019 intuendo
1516 973 1590 1037 prae·

221 1067 372 1130 sepimus.
413 1065 504 1129 Porro
531 1065 681 1129 sublimior
705 1063 781 1129 Petri
809 1065 949 1149 dignitas,
968 1067 1142 1155 qpotiorque
1173 1067 1329 1130 audenus
1365 1084 1431 1129 cum
1459 1064 1516 1128 bac
1538 1066 1590 1147 ipsa

221 1192 335 1257 cauam,
357 1193 444 1258 quum
465 1175 637 1257 mutuum
659 1173 794 1255 diunius,
815 1193 875 1238 non
896 1177 994 1258 inepte
1015 1175 1208 1257 componitur.
1251 1175 1371 1257 Utrique
1393 1177 1474 1239 enim
1494 1192 1591 1237 conae·

221 1287 275 1367 nit,
296 1292 328 1348 ut
349 1286 379 1348 in
399 1303 455 1349 suo
476 1303 611 1368 quaeque
632 1285 736 1349 ordine
757 1286 843 1367 origo
863 1286 1093 1367 principiumque
1113 1286 1159 1366 sit,
1181 1303 1239 1368 quo
1255 1287 1515 1369 praecontinentur
1530 1281 1591 1347 cde

221 1400 294 1473 ctus,
316 1395 365 1476 qui
385 1376 492 1457 demde
512 1393 543 1457 in
563 1393 620 1457 bac
633 1393 754 1479 physica
774 1413 873 1458 rerum
887 1396 1085 1475 universitate,
1106 1395 1154 1458 uel
1176 1396 1206 1457 in
1227 1391 1436 1480 ὑπερῳκσικῷ
1457 1393 1590 1457 ecclesiae

224 1502 309 1567 caelo
330 1505 480 1587 conspicui
501 1511 649 1586 apparent

327 1611 364 1676 lit
382 1631 455 1677 sane
476 1611 523 1677 fac
535 1611 651 1677 Peuurm
672 1631 708 1677 ea
728 1611 820 1676 luisse
836 1613 977 1696 dignitate
998 1621 1123 1692 auctum,
1145 1631 1232 1696 quam
1252 1611 1293 1677 illi
1314 1612 1514 1678 vindicamus:
1534 1609 1592 1694 quid

222 1724 254 1788 in
273 1721 395 1787 bistorm
416 1722 589 1806 consignata
610 1721 733 1787 Actibus
754 1725 896 1806 occurrit,
926 1723 1005 1805 quod
1025 1742 1085 1787 non
1106 1724 1286 1807 potueritne
1306 1740 1380 1785 vero
1402 1724 1492 1787 etiam
1513 1721 1592 1785 debu

222 1833 278 1897 erit
296 1833 508 1914 praesensione
529 1829 690 1896 affirmari?
731 1833 805 1897 lllud
824 1852 863 1897 ne
883 1834 1000 1915 quod⁸¹
1025 1852 1097 1916 prae
1112 1832 1248 1896 omnibus
1262 1839 1453 1911 memoretur,
1476 1832 1592 1896 ommuu

221 1943 340 2007 nomine
357 1942 506 2024 loquatm,
529 1948 696 2005 constanter
716 1942 890 2024 praecedat,
911 1961 947 2006 ac
968 1943 1059 2006 instar
1080 1942 1180 2025 capitis
1203 1939 1350 2005 eminenti
1372 1943 1454 2023 atqui
1473 1941 1535 2004 fieri
1553 1957 1593 2002 se

222 2070 275 2116 cus
301 2069 360 2115 non
385 2052 491 2135 potuit,
519 2051 545 2114 si
574 2051 600 2114 is
623 2068 694 2132 prae
715 2051 851 2116 omnibus
871 2070 947 2116 unus
969 2053 1111 2117 maiorem
1139 2071 1156 2115 a
1179 2051 1293 2116 cbristo
1315 2052 1464 2134 dignitatis
1482 2049 1593 2134 madan

222 2161 351 2225 obtinuit
392 2159 441 2223 An
465 2159 536 2222 illud
548 2162 577 2194 ⁸²
608 2159 687 2240 quod
714 2162 844 2242 supremi
874 2160 994 2242 iudicis,
1027 2160 1223 2244 legislatoris,
1258 2161 1389 2242 magistri
1416 2160 1594 2240 docensque

221 2276 320 2352 partes
342 2265 470 2331 obieriti
490 2269 545 2333 sed
565 2268 723 2332 nonneab
742 2287 780 2332 eo
795 2271 993 2352 exspectanda
1006 2271 1083 2335 baec
1103 2278 1194 2351 erant,
1217 2272 1267 2354 qui
1287 2270 1428 2353 dignitate
1451 2267 1591 2352 praesidis.

222 2376 455 2459 mirandoque
475 2378 603 2458 pastoris
624 2377 760 2442 omnibns
781 2378 995 2445 antecelleret?
1037 2380 1177 2445 Pdmatus
1198 2381 1286 2462 igitm
1305 2378 1398 2458 Petri,
1423 2377 1594 2460 ampliorque

222 2486 391 2568 undositas,
419 2484 637 2569 singtdarisque
664 2490 801 2555 maiestas
829 2490 867 2554 ad
896 2510 962 2554 eam
990 2492 1117 2573 pertinet
1142 2491 1296 2553 vammum
1326 2487 1468 2568 classem,
1500 2484 1593 2569 quibu

222 2602 369 2678 empirice
389 2595 545 2676 deductio,
565 2597 789 2680 rationalisque
806 2605 987 2680 praesensio
1007 2599 1193 2663 indubitatam
1216 2598 1304 2662 fidem
1325 2597 1491 2661 conciliant

329 2711 399 2770 384.
442 2706 683 2773 Commemoratis
710 2710 756 2773 sin
786 2711 882 2773 minus
909 2709 1060 2790 omnbus,
1088 2709 1239 2792 plerisque
1268 2707 1373 2772 saltem
1395 2727 1434 2772 ex
1452 2710 1490 2772 iis
1517 2721 1594 2787 argu

223 2816 329 2879 mentis
350 2814 454 2898 quous
475 2834 610 2881 caussam
629 2817 771 2882 hactenus
793 2817 1047 2898 confirmavimus3
1069 2818 1105 2881 ad
1127 2836 1194 2881 eam
1216 2819 1417 2900 quaestionem
1438 2816 1533 2881 aditus
1551 2832 1594 2897 pt·

221 2932 277 3006 tet,
306 2944 391 3008 mam
418 2926 512 2989 altero
538 2927 622 2991 nobis
651 2926 719 2991 loco
733 2930 762 2962 ⁸⁸
792 2927 1003 2992 enucleandam
1028 2928 1245 3011 proposuimus:
1273 2925 1446 2990 cuiusmodi
1474 2932 1516 2989 sit
1540 2930 1594 2997 cie,

221 3055 339 3116 qameoe
358 3033 444 3099 illiue
462 3041 616 3116 ommutui
636 3044 731 3116 roim,
754 3039 804 3120 qni
818 3036 904 3100 Petro
925 3036 1095 3101 tribuemus
1116 3035 1356 3118 asserendusque
1377 3036 1484 3099 iisdem
1504 3041 1593 3098 osen

221 3145 306 3209 ditur.
349 3143 453 3227 Neque
474 3150 553 3209 enim
573 3163 638 3209 sum
659 3148 795 3227 nescius,
826 3147 904 3211 hanc
924 3146 1150 3229 protestantibus
1176 3146 1295 3208 omnino
1316 3144 1452 3209 omnibus
1475 3150 1593 3207 menum

221 3253 368 3334 uuidere,
395 3261 427 3318 ut
451 3271 511 3317 non
539 3254 625 3319 ubam
646 3254 732 3320 Petro
755 3254 918 3339 ὑπεροχήν
938 3276 956 3319 e
978 3254 1118 3338 suffragio
1142 3256 1413 3337 Scriptaramrmque
1435 3253 1594 3318 anconae

221 3362 413 3427 deferendam
434 3378 503 3427 esse
524 3363 717 3447 arbitrentur,
738 3385 825 3449 quam
848 3382 925 3447 quae
944 3367 1149 3447 praestantiori
1170 3363 1296 3446 quodem
1315 3364 1452 3443 honoris,
1482 3361 1594 3426 ordinis

222 3490 280 3556 que
301 3473 395 3555 gradu
416 3473 613 3538 concludatur.
656 3474 721 3539 Non
744 3477 824 3538 inviti
851 3474 1018 3539 concedunt
1038 3474 1125 3538 tribui
1151 3472 1238 3537 Petro
1259 3472 1500 3555 npmrootcoicn
1518 3487 1595 3553 opor·

221 3587 300 3661 lere,
327 3582 382 3646 sed
402 3586 611 3665 προστασίαν,
639 3584 855 3666 celsioremque
876 3585 1078 3647 auctoritatem
1100 3602 1198 3665 nequo
1220 3583 1348 3664 debere,
1375 3601 1474 3664 neque
1496 3578 1594 3645 deterri

221 3706 312 3772 posse
333 3700 523 3775 propugnant.
565 3691 610 3757 ba
631 3710 688 3776 qua
709 3694 827 3776 quidem
848 3693 964 3757 illorum
987 3694 1124 3776 opinione
1145 3694 1190 3757 sic
1210 3700 1322 3773 maluo,
1351 3693 1442 3775 longe
1463 3692 1527 3756 iore
1547 3707 1592 3752 er·

221 3799 345 3881 peditius
370 3802 473 3882 quavis
500 3799 626 3865 funditus
655 3805 860 3886 praerogativa
883 3801 1000 3866 Petrum
1021 3819 1150 3883 exuere,
1180 3819 1267 3884 quam
1288 3802 1435 3883 adscripta
1456 3798 1593 3865 eidemin

222 3907 376 3991 Sotipbrris
396 3918 566 3975 ornamenta
587 3911 625 3975 ad
646 3914 748 3976 nescio
770 3930 857 3994 quam
871 3911 993 3976 honoris
1011 3910 1154 3993 umbram,
1176 3911 1346 3993 ordinisque
1368 3912 1594 3975 antecessionem

222 4017 389 4082 detrudere.
432 4018 532 4084 staua
558 4021 629 4085 nibil
656 4030 713 4087 mm
742 4041 810 4087 esse
837 4041 854 4085 a
882 4023 1019 4102 veritate,
1051 4020 1265 4102 Scripttuisque
1286 4018 1429 4100 alienum,
1459 4038 1544 4103 quan:
1561 4032 1593 4078 ea

220 4127 324 4193 burum
344 4124 463 4210 quidem
483 4130 651 4194 testimonio
670 4131 793 4214 reliquis
814 4133 1006 4214 insigniorem
1022 4129 1161 4212 apostolis
1175 4128 1291 4194 Petrum
1307 4128 1447 4209 confiteri,
1469 4127 1590 4194 eiusdem

222 4236 407 4301 nihilominus
426 4240 631 4319 praestantiam
656 4242 731 4305 intra
751 4239 873 4305 honoms
894 4241 1064 4322 ordinisque
1085 4245 1226 4320 angustos
1247 4257 1320 4303 sane
1340 4238 1415 4301 fines
1435 4240 1540 4321 sepire.

329 4351 399 4421 385.
441 4345 477 4409 Ei
497 4364 531 4410 re
553 4366 625 4412 sane
646 4367 717 4414 vera
745 4350 766 4413 l.
787 4350 866 4413 unde
889 4349 1053 4412 evidentius
1074 4367 1110 4411 ac
1130 4349 1313 4429 potissimum
1333 4349 1427 4411 maior
1448 4367 1486 4412 ea
1507 4342 1591 4428 digni*

221 4463 266 4521 tas
294 4457 419 4535 eruitur,
450 4473 507 4537 qua
537 4458 657 4541 reliqua
683 4459 859 4524 excelluisse
889 4457 1006 4523 Petrum
1035 4454 1174 4522 consuti
1208 4477 1227 4521 c
1254 4456 1370 4522 dotibus
1399 4475 1532 4522 seorsum
1558 4449 1593 4516 ni

284 4748 331 4826 ⁸¹)
349 4766 393 4807 nu.
416 4749 483 4809 163.
503 4765 579 4825 seqq.
997 4750 1043 4826 Η)
1063 4767 1089 4807 u.
1110 4751 1178 4809 3¹16.

284 4855 330 4932 ⁸²)
350 4872 393 4913 uu.
416 4855 482 4914 183.
502 4872 593 4933 seqq,
627 4873 671 4914 1111.
699 4855 767 4915 202.
794 4869 885 4935 seqq,

222 4977 267 5024 uu.
286 4961 354 5022 222.
374 4978 464 5041 seqq,
490 4972 517 5023 et
537 4981 581 5021 aa.
601 4962 669 5022 2³8.
690 4977 765 5038 seqq.

1633 3228 1635 3323 l
