3374 5388
594 726 828 822 llll'lll
885 726 947 823 11.

396 920 514 986 mrum
533 930 632 1004 opinio
646 930 698 1004 poi
712 922 888 988 Salvatoris
910 920 1003 985 verta
1022 919 1134 986 Mattlr.
1152 916 1249 984 XVI.
1265 923 1316 983 19.
1335 941 1374 982 ac
1387 917 1460 983 dot

294 1027 376 1095 XX.
399 1034 454 1095 23.
486 1031 546 1095 sibi
571 1037 605 1096 tri
633 1031 835 1115 παραλλήλου
857 1032 1039 1113 respondere
1057 1030 1265 1096 arbitrantur:
1286 1068 1327 1078 -
1348 1051 1462 1111 espen

292 1141 376 1205 ditur
397 1149 490 1221 atone
510 1143 685 1224 compendio
705 1141 880 1226 refutatur:
901 1179 942 1191 -
964 1142 1001 1206 de
1023 1149 1175 1223 potestate
1194 1139 1373 1226 formulae,
1410 1141 1463 1205 καὶ

292 1244 314 1313 ὃ
332 1248 391 1315 ictu
412 1249 517 1336 δήσῃς,
539 1253 591 1317 καὶ
610 1249 631 1316 ὅ
651 1250 709 1317 datr
730 1249 840 1337 λύσῃςτ
859 1289 901 1300 —-
920 1260 993 1333 sunt
1014 1259 1068 1333 qui
1087 1259 1242 1328 comeant,
1263 1272 1300 1313 ea
1321 1258 1372 1313 tus
1390 1272 1462 1313 auc-

287 1367 502 1441 tmitatenrorre
521 1360 712 1447 siqnificari‚
741 1383 802 1442 pua
824 1362 905 1441 quod
922 1359 1084 1425 timentum
1102 1371 1157 1426 aut
1179 1369 1269 1442 turpe
1290 1368 1349 1437 cst,
1369 1366 1463 1440 atquc

287 1470 402 1534 idcirco
421 1470 551 1535 liberum
577 1471 785 1552 solutumque,
818 1470 868 1535 uel
892 1470 1076 1551 prohibitum
1101 1471 1289 1557 Iipaturnque
1315 1470 1462 1533 edicitur.-

288 1617 329 1628 —-
349 1578 461 1660 ouibus
483 1579 673 1645 suanilane
699 1588 980 1662 interpretationem
1006 1588 1195 1665 arpunrcntis
1223 1577 1401 1643 stabiliant:
1421 1616 1462 1626 --

287 1690 363 1769 auid
378 1713 422 1753 ca
443 1711 481 1753 ca
501 1699 543 1755 sit
564 1713 766 1773 consequens,
795 1712 947 1773 mamque
973 1698 1044 1770 apte
1064 1711 1134 1753 cunr
1155 1691 1294 1754 doctrina
1315 1689 1352 1752 dc
1374 1686 1464 1751 Petri

289 1797 431 1883 ὑπεροχῇ
452 1811 666 1883 conponatur.-
689 1841 725 1851 -
749 1824 792 1866 an
812 1800 920 1866 tator
939 1811 1025 1865 certa
1046 1798 1169 1864 debent.-
1186 1837 1228 1849 -
1243 1800 1277 1863 id
1295 1796 1382 1862 nodis
1401 1820 1463 1861 non

289 1911 416 1988 ridetur,
438 1912 520 1990 quod
539 1933 636 1993 neque
657 1911 729 1976 aliis
751 1911 826 1976 bene
846 1910 953 1974 multis
976 1917 1075 1973 risum
1098 1919 1162 1973 est:
1176 1949 1216 1958 -
1233 1890 1387 1990 princepe,
1411 1917 1463 1972 cui

286 2025 427 2083 irmititrn
448 2030 673 2106 arpunrentunr,
695 2029 914 2086 examinatur.-
928 2059 968 2069 —
982 2019 1068 2084 illius
1088 2029 1135 2084 rris
1156 2018 1356 2105 insrinpitur:
1371 2057 1411 2066 —
1425 2040 1464 2082 ac

289 2128 353 2192 alia
373 2128 562 2194 christianae
580 2138 757 2213 antiquitati
781 2139 903 2211 recepta
918 2137 1069 2210 expositio
1079 2137 1275 2211 proponitur.-
1288 2166 1330 2177 —-
1344 2129 1463 2192 idoneis

287 2245 442 2303 rationum
480 2249 638 2305 momentis
674 2248 895 2305 communitur.-
925 2278 966 2289 -
994 2248 1135 2321 ratioque
1166 2246 1338 2321 mmnissac
1368 2237 1465 2305 Petro

288 2358 485 2415 auctoritatis
507 2352 605 2415 ἀαιυο
624 2349 812 2415 illrrstratur.

184 2631 255 2713 Ι116.
293 2579 459 2692 'enumera
489 2631 705 2712 propemodum
727 2632 843 2694 suntin
865 2631 985 2695 historia
1008 2631 1210 2713 quaestionum
1231 2629 1464 2712 theologicarum

73 2737 225 2819 exempla,
262 2737 366 2818 quibus
386 2739 605 2802 testatissimum
626 2740 773 2819 redditur,
809 2739 878 2802 nihil
901 2740 936 2802 iis
958 2740 1007 2819 qui
1030 2747 1130 2802 mutuo
1151 2739 1304 2803 decertant
1324 2747 1411 2821 atque
1433 2740 1462 2803 in

71 2853 167 2927 partes
191 2853 272 2926 eunt,
294 2849 453 2910 usuvenire
467 2847 658 2930 nequentius,
683 2868 771 2931 quam
794 2855 826 2911 ut
846 2849 894 2911 alii
915 2857 1024 2933 nepent
1044 2850 1074 2913 in
1095 2849 1192 2914 bibliis
1208 2850 1321 2931 uspiam
1336 2849 1461 2930 reperiri

69 2962 118 3018 aut
138 2973 212 3018 esse
225 2953 339 3036 similia,
362 2975 440 3038 quae
461 2958 491 3021 in
511 2958 617 3022 iisdem
639 2958 824 3041 apertissime
844 2959 905 3041 legi
925 2966 976 3021 aut
996 2958 1052 3023 sibi
1071 2976 1192 3041 prorsus
1206 2963 1244 3023 ’ἐκ
1257 2958 1464 3039 παραλλήλου

71 3064 256 3147 respondere
276 3065 325 3128 alii
345 3067 540 3131 contendunt.
585 3068 674 3130 Cuius
693 3066 806 3130 dissidii
828 3082 1003 3150 quampiam
1026 3068 1118 3151 probe
1132 3070 1267 3132 noverim
1281 3066 1380 3150 pluras
1395 3085 1463 3131 esse

74 3174 240 3258 adducique
261 3192 381 3238 caussas
401 3192 507 3258 posse,
535 3176 670 3240 omnihus
691 3183 791 3239 tamen
813 3175 892 3239 illam
914 3176 1255 3255 antecellerenrlrlunr,
1281 3194 1356 3260 qnae
1374 3194 1463 3256 prae-

71 3293 203 3364 posteris
226 3283 419 3365 opinionibus
441 3286 536 3350 semel
557 3287 654 3350 animo
676 3287 794 3350 irmbutis
816 3287 988 3350 continetur.
1025 3286 1199 3350 hcrefflbile
1215 3286 1293 3349 enin
1309 3286 1388 3350 dictu
1408 3294 1464 3367 cst,

72 3413 147 3477 quae
169 3402 338 3478 quantaque
359 3395 473 3459 illarum
494 3396 532 3458 sit
553 3397 656 3473 uirtus,
694 3401 724 3458 ct
751 3402 933 3477 quantopere
962 3395 1087 3458 eaedem
1116 3395 1268 3460 conterant
1293 3403 1324 3458 ut
1344 3396 1464 3460 illustria

72 3504 278 3587 obscurentur,
299 3504 357 3568 lixa
379 3511 561 3587 moveantur,
585 3507 716 3569 seiuncta
739 3504 928 3587 copulentur,
950 3516 1086 3587 quaeque
1108 3505 1306 3571 diversissima
1327 3514 1395 3569 mint
1418 3515 1466 3570 aut

71 3617 151 3677 tenid
172 3614 268 3679 solum
290 3614 435 3679 affinitatis
456 3616 550 3697 gradu
568 3615 765 3694 cohaerentia,
787 3615 923 3678 similium
939 3634 975 3679 ao
989 3614 1193 3697 parallelorum
1208 3614 1274 3678 loco
1289 3608 1463 3680 habeantur.

183 3724 216 3787 ln
242 3723 321 3806 quod
342 3726 458 3806 vitium,
494 3726 550 3788 nisi
578 3733 654 3788 totus
684 3724 783 3804 fallor,
819 3726 840 3787 ii
861 3742 965 3788 omnes
987 3724 1173 3789 offenderunt
1186 3726 1379 3807 interpretes,
1417 3726 1466 3807 qui

75 3831 181 3897 Christi
203 3833 240 3896 ad
254 3832 372 3896 Petrum
392 3834 502 3899 verba'
540 3836 710 3915 enarraturi,
733 3834 770 3897 ad
792 3852 827 3898 ea
849 3852 883 3898 se
905 3835 1043 3898 continuo
1064 3836 1210 3917 recipiunt
1231 3853 1307 3916 quae
1327 3834 1406 3898 idom
1429 3834 1465 3897 ad

73 3940 230 4006 uniuersos
251 3943 423 4024 apostolos²
458 3944 579 4024 direxit,
611 3964 646 4008 ac
669 3944 785 4007 illorum
815 3949 989 4009 sententiam
1013 3963 1052 4008 ex
1071 3944 1177 4009 horum
1199 3951 1343 4026 potestate
1364 3943 1465 4007 delini·

75 4051 197 4134 endam,
220 4053 576 4137 cncumscribendamque
600 4055 789 4137 praecipiunt
811 4054 912 4118 Plures
935 4057 1054 4118 omnino
1076 4057 1164 4118 ειιιιι8
1206 4055 1256 4136 qui
1275 4055 1306 4116 in
1325 4053 1382 4117 hac
1403 4054 1466 4137 opi·

74 4161 164 4224 nione
187 4170 350 4243 versantur,
373 4171 460 4245 atquc
481 4184 520 4227 en
540 4165 586 4228 hta
607 4163 747 4230 Salomon
768 4164 915 4244 Glassius,
940 4165 1107 4247 Augustino
1128 4163 1253 4228 Duilio*
1275 4162 1473 4246 suffragante,-

74 4271 190 4335 scribit:
212 4272 337 4352 „Clarus
358 4275 445 4355 regni
465 4274 613 4337 caelorum
628 4272 727 4339 Matth.
743 4273 818 4338 xvi.
838 4278 884 4336 19.
915 4272 1043 4337 officium
1065 4275 1128 4338 sive
1152 4274 1342 4339 ministerium
1365 4282 1467 4339 notant

75 4382 243 4445 remittendi
266 4389 296 4445 et
315 4383 459 4448 retinendi
481 4391 618 4466 peccata,
641 4391 672 4446 ut
699 4383 807 4447 ibidem
829 4384 1094 4466 (consequentibus
1114 4385 1229 4464 verbis,
1252 4392 1282 4448 et
1303 4384 1465 4465 mudeuu-

76 4511 134 4569 que
155 4489 284 4553 solveris
305 4513 399 4571 super
421 4501 538 4558 terram
553 4542 674 4557 ......
683 4500 712 4573 ),
735 4500 765 4557 et
785 4492 852 4557 Joh.
874 4494 938 4556 XX.
961 4500 1009 4557 23.
1031 4494 1182 4559 docetur.“

140 4678 280 4761 ¹)'llattlu
301 4687 371 4744 xvi.
396 4688 441 4745 19.
797 4688 831 4745 ad
850 4688 943 4746 dorth.
964 4688 1035 4747 xvi.
1058 4689 1110 4764 19,
1132 4698 1160 4748 et
1178 4708 1193 4748 a
1214 4688 1416 4749 Ros‘cnmdlle‘ro
1438 4691 1464 4746 in

139 4844 169 4919 a)
186 4846 240 4902 soh
269 4845 317 4903 XX
350 4845 387 4902 23
796 4794 913 4852 Scholiis
934 4797 1109 4855 adeundum
1130 4799 1227 4869 lupum.

241 4886 248 4901 ‘
320 4886 327 4901 ’
391 4884 398 4900 ’
855 4901 883 4976 ⁴)
916 4896 1047 4978 eluctcg.
1082 4904 1158 4964 san.
1177 4896 1300 4961 ‘mstis
1323 4892 1463 4958 '‘tritt'l.

140 5007 170 5084 ³)
196 5008 444 5069 &murmurantes
462 5025 479 5067 ι
498 5006 602 5067 Woltlo
622 5009 651 5068 iu
671 5007 746 5068 cunr
798 5024 857 5084 cup.
878 5007 935 5066 xil.
