3266 5416
609 330 756 401 CAPUT
796 332 855 401 Ν.
1378 340 1419 403 bb

58 503 183 568 alinitahs
202 503 359 566 uinculum.
401 502 454 567 Fst
475 503 579 586 igitur,
602 522 655 568 cur
674 503 770 566 mitius
793 509 881 585 agant
901 505 1107 583 protestantes,
1128 500 1269 565 conviciis
1289 498 1418 591 parcant,

59 614 156 695 ubique
174 630 235 676 non
256 632 307 677 res
328 614 415 695 ipsas,
437 611 492 675 sed
512 629 611 675 remm
628 612 747 675 umbras
762 611 886 675 ludibrio
900 608 992 673 fuisse
1007 607 1206 671 confiteantur.
1233 611 1331 695 Aqua
1347 635 1418 680 eon·

55 723 166 787 imae
185 741 225 785 ne
241 723 362 785 nimiam
378 721 562 803 abhorreant,
585 721 622 785 de
637 721 738 801 altera,
762 721 906 802 tertiaque
928 719 1100 799 quaestione
1123 718 1297 785 brevissime
1312 723 1417 791 diearn.

146 839 193 894 44.
236 830 349 893 Videor
364 838 461 894 autern
484 831 554 895 mihi
574 831 755 895 contendere
775 847 874 912 posse,
896 830 934 893 ad
953 816 1042 892 unuin
1063 830 1210 911 stipitem,
1224 832 1418 919 eamdemque

53 943 185 1024 originem
212 958 307 1004 voces
332 959 384 1004 eas
412 959 516 1004 omnes
545 943 650 1005 merito
677 939 789 1023 redigi,
818 957 894 1021 quae
923 937 992 1002 licet
1018 939 1238 1021 terminatione,
1267 946 1419 1029 signisque

53 1050 188 1115 vocalibus
215 1050 399 1133 discrepent,
427 1049 530 1114 litteris
556 1058 671 1132 tamen,
701 1068 774 1131 quas
795 1047 947 1113 redientes
969 1056 1090 1130 vocant,
1116 1049 1203 1131 plene
1225 1058 1417 1120 consentiunt

13 1242 14 1247 ἵ
51 1160 89 1224 De
113 1160 168 1223 hoc
197 1178 315 1224 canone
344 1178 470 1225 concors
499 1168 545 1225 est
578 1160 794 1245 philologorum
822 1158 975 1237 sententia,
1010 1158 1090 1223 ibam
1117 1179 1186 1225 esse
1218 1165 1414 1249 verissimum,

51 1270 202 1352 utiliterque
233 1267 383 1350 adhiberi,
415 1277 447 1332 ut
477 1270 612 1335 intanta
637 1271 802 1353 linguarum
827 1268 984 1348 quietate,
1014 1277 1149 1350 quantam
1175 1289 1243 1335 esse
1275 1276 1418 1358 novimus,

52 1376 192 1461 ἁρμονία,
229 1380 487 1461 consanguinitas,
527 1387 557 1445 et
600 1381 744 1463 quaedam
776 1378 865 1441 veluti
902 1379 1071 1459 propaginis
1107 1380 1202 1443 unitas
1240 1384 1417 1451 ostendatur.

52 1517 249 1599 conparentur
269 1534 360 1599 porro
381 1518 528 1601 syriacum
558 1484 662 1627 1223,
677 1490 681 1499 ⁴
698 1531 838 1597 graecum
860 1509 998 1596 κεφαλή,
1021 1512 1139 1576 latinum
1162 1524 1269 1597 erepat,
1291 1523 1419 1585 sanseri-

52 1660 104 1714 tum
121 1650 263 1731 rapotae,
297 1651 445 1734 gothicum
467 1649 606 1731 mabil,
636 1651 836 1733 germanicum
859 1644 968 1728 Haupt
989 1648 1038 1712 vel
1059 1646 1166 1735 Kops,
1190 1653 1336 1735 anglicum
1357 1679 1420 1738 cop,

56 1762 181 1843 mtiquias
202 1761 343 1845 gallicum
364 1761 430 1844 les,
456 1781 563 1825 recens
583 1758 668 1845 eires,
696 1760 823 1824 italicum
844 1779 936 1837 rupo.-
964 1757 1047 1840 (prid,
1074 1759 1215 1842 obsecro,
1236 1763 1419 1850 luculentius,

60 1887 129 1950 quam
152 1871 301 1935 vocabula
325 1871 401 1935 haec
428 1873 525 1935 ommia
546 1870 650 1934 iisdem
671 1870 847 1953 radientibus
866 1868 986 1949 litteris,
1016 1868 1166 1935 levissime
1187 1872 1331 1936 interdum
1352 1894 1419 1957 per·
1455 1886 1458 1891 ⁴

60 1982 167 2061 mnam,
196 1978 361 2044 constare?
388 1980 424 2045 ud
451 1999 541 2045 unum
567 1999 658 2064 ergo,
688 1979 882 2061 eumdemque
910 1979 1056 2061 pertinent
1076 1981 1216 2063 stipitem,
1243 1990 1273 2045 et
1294 2002 1333 2046 en
1352 2003 1419 2065 una,

58 2088 201 2174 eademque
228 2089 333 2154 radice
364 2089 561 2154 sobolescunt.
604 2089 675 2164 Quis
699 2106 772 2153 vero
794 2108 830 2153 ea
852 2095 950 2152 mutuo
972 2087 1100 2153 content
1122 2090 1255 2172 damnet,
1284 2111 1359 2175 quae
1382 2113 1421 2159 ex
1524 2162 1531 2179 ,

55 2216 116 2279 una,
142 2201 308 2283 eademque
339 2203 453 2283 origine
470 2206 496 2236 '³
530 2198 774 2285 proficiscuntur?
804 2216 893 2262 nemo
924 2215 1062 2280 prorsus,
1093 2200 1237 2283 inquient,
1268 2203 1294 2265 si
1321 2210 1419 2267 tamen

55 2311 227 2388 grammatica
253 2310 351 2375 solum
380 2319 539 2392 structura,
567 2329 627 2374 aon
654 2310 752 2393 logica
778 2310 848 2373 item
877 2306 1050 2391 significatio
1079 2310 1290 2375 consideretur.
1338 2313 1420 2377 Bene

54 2417 143 2502 habet,
170 2429 200 2484 et
225 2419 345 2504 quando
374 2420 411 2484 ad
435 2421 551 2484 tertiam
578 2421 635 2483 ianr
664 2420 864 2502 quaestionem
885 2420 1035 2499 venimus,
1064 2421 1280 2503 animadverto,
1309 2439 1369 2485 non
1390 2424 1420 2486 in

13 2520 14 2533 ¹
55 2527 163 2593 diversis
183 2529 371 2595 solummodo
392 2529 515 2612 linguis,
536 2529 589 2594 sed
609 2531 640 2593 in
660 2547 718 2593 una
738 2532 849 2613 puriter
869 2529 1033 2610 eademque
1053 2531 1225 2611 usuvenire,
1253 2500 1421 2597 abderite-

56 2646 111 2719 tae,
134 2640 319 2722 innexaeque
340 2657 430 2704 noces
452 2628 625 2722 potestatem
646 2639 766 2703 induant
787 2639 823 2703 ab
846 2659 882 2703 ea
904 2657 979 2722 quae
1002 2640 1109 2704 radicis
1129 2641 1247 2723 propria
1268 2647 1328 2723 est,
1356 2640 1420 2704 lon·

56 2749 161 2828 gissime
187 2757 349 2831 remotam,
376 2749 453 2812 ideo
479 2757 510 2812 ut
534 2768 584 2813 res
606 2751 643 2813 sit
660 2768 808 2830 curarum,
837 2748 1005 2831 laborisque
1026 2751 1112 2831 plena
1137 2750 1308 2833 multiplices
1330 2750 1420 2814 veluti

57 2860 149 2938 gradus
170 2860 345 2943 designare,
373 2878 428 2942 per
449 2876 521 2940 quas
543 2859 578 2923 ad
600 2860 678 2923 illurn
701 2860 798 2923 denuo
818 2877 1016 2942 assurgamus.
1059 2858 1214 2941 Stephani,
1243 2860 1418 2943 Forcellinii,

58 2974 81 3028 et
98 2968 211 3034 Gesenii
229 2970 363 3034 thesauri
379 2970 405 3002 ¹⁰
436 2969 586 3051 ingentem
608 2968 809 3051 exemplorum
831 2971 889 3031 vim
915 2968 1145 3051 suppeditabunt.
1190 2969 1322 3032 lnsolens
1343 2988 1418 3051 ergo

57 3104 136 3169 rideri
154 3125 213 3171 uon
234 3107 338 3186 debet,
360 3104 481 3167 vocibus
512 3073 598 3184 12:⁴2
629 3112 659 3169 et
680 3100 813 3190 serpetri,
835 3121 1011 3186 quamquam
1033 3103 1191 3167 arcadem
1206 3102 1334 3167 themate
1350 3122 1418 3187 pro-

57 3238 140 3323 leuis,
170 3242 318 3306 diversam
346 3248 444 3303 tamen
472 3196 655 3323 significandi
682 3246 856 3322 potestatem
884 3236 1012 3322 ἀμέσως
1039 3239 1172 3304 subesse.
1216 3240 1249 3303 lu
1269 3239 1299 3303 id
1322 3241 1418 3322 potius

61 3461 144 3535 inqua
163 3466 257 3522 ambae
277 3466 453 3522 consentiant.
489 3463 538 3521 Est
556 3469 644 3520 antem
663 3479 706 3520 ra-
755 3462 845 3535 Neque
864 3467 1006 3537 propterea
1026 3463 1179 3537 expeditum
1200 3469 1255 3539 est,
1284 3465 1419 3522 uodonem

61 3566 91 3622 tiu
109 3575 133 3625 et
150 3573 223 3627 notio
245 3573 312 3645 eius,
334 3588 350 3627 e
369 3586 421 3644 quo
443 3577 525 3628 toturn
546 3570 659 3643 pendet,
680 3573 707 3624 et
756 3567 869 3641 aliquam
884 3569 1040 3644 designare,
1062 3586 1142 3642 equa
1157 3576 1262 3626 ceterae
1276 3569 1419 3628 dellunisse

61 3686 104 3741 quo
119 3680 201 3734 toturn
220 3679 380 3734 continetur.
754 3690 808 3732 nou
828 3676 961 3732 immerito
982 3675 1131 3733 videantur.
1172 3676 1298 3733 Attamen
1318 3678 1342 3732 si
1364 3677 1420 3734 eni-

115 3834 137 3864 aa
298 3828 302 3833 .
480 3833 486 3846 ,
631 3798 634 3805 “
756 3796 813 3836 mus
828 3780 917 3854 paullo
932 3782 1094 3857 intendatur,
1109 3799 1161 3838 aon
1177 3783 1289 3839 alienum
1303 3783 1418 3839 sortasse

139 3834 153 3908 )
175 3835 293 3892 cmm
313 3834 380 3890 hm
399 3833 433 3889 ad
449 3850 488 3890 ω
502 3848 631 3889 mm.
652 3847 705 3889 ⁰⁰¹¹
755 3888 906 3943 averitate
925 3889 1079 3961 apparebit,
1108 3904 1167 3945 eam
1195 3905 1255 3945 esse
1281 3892 1419 3946 notionem

64 3935 162 4015 briant,
187 3956 218 3996 ac
238 3939 323 4015 probe
342 3939 463 4012 intelligo
490 3953 544 3996 nou
567 3939 705 3995 delaturos
799 3994 868 4050 md,
912 3996 918 4009 ,

64 4044 100 4112 qul
122 4044 193 4104 aliter
212 4047 245 4105 de
265 4047 359 4104 horum
386 4045 579 4103 vocabulorum
606 4060 707 4116 cogna-
755 4000 1002 4157 w'com'ffim
1010 4099 1219 4156 deindmoes:
1234 4090 1324 4176 afim
1341 4093 1411 4172 αἴρω

65 4147 124 4204 lione
140 4153 300 4211 statuendum
321 4168 381 4209 esse
401 4151 569 4208 arbitrentur.
976 4190 979 4195 ·
1253 4196 1260 4217 ,
1325 4141 1353 4217 ',
1412 4143 1420 4170 ’

323 4262 326 4267 ,
754 4203 1227 4283 putgmpeapputgm=splendeo3
1241 4222 1421 4281 apertoque:

118 4314 156 4389 ¹⁶)
179 4317 260 4375 Unam
281 4333 352 4392 ego,
379 4318 524 4375 alterumve
548 4330 704 4390 proponam.
754 4312 998 4389 aon-splendidus3
1018 4304 1168 4385 aigne:
1181 4314 1328 4389 crastinus3
1348 4328 1420 4386 aura,

67 4412 505 4490 ltrqaacorriterentmroeehuta:
526 4429 580 4487 'tta
599 4441 638 4466 =
654 4424 707 4479 cir·
755 4436 817 4495 aer3
850 4405 929 4495 ἆμαρ
956 4438 1000 4463 =
1024 4419 1102 4495 dies3
1135 4406 1221 4494 αὗρον
1247 4438 1289 4461 =
1313 4433 1421 4493 aurum3

70 4524 137 4581 cairit
152 4549 192 4576 =
210 4531 270 4606 pila,
290 4546 389 4606 rogum
409 4528 462 4595 pia
482 4550 523 4575 =
542 4535 626 4603 aetas,
647 4543 707 4585 aee·
755 4516 851 4601 αὔρως
866 4514 930 4601 cipe
948 4544 991 4568 =
1011 4539 1123 4609 aurorp;
1145 4522 1343 4600 nin=1m3
1365 4531 1420 4587 'titt

69 4627 154 4710 ahu,
172 4642 224 4700 pata
243 4658 286 4683 =
304 4635 469 4710 exptonrit3
490 4634 536 4698 'titt
555 4656 597 4683 =
615 4651 706 4691 recar-
755 4653 795 4681 ==
814 4631 905 4706 ignis,
924 4636 952 4687 et
971 4630 1081 4687 latinum
1100 4645 1162 4687 ero.
1199 4629 1238 4689 De
1252 4631 1353 4686 animle
1367 4629 1421 4685 ori·

70 4749 119 4793 tu
134 4743 225 4820 κνίση
251 4734 353 4819 dupo'e,
378 4732 462 4818 ὅηρός
487 4762 529 4788 =
555 4741 707 4816 diuturnae,
756 4737 828 4809 ginis
854 4750 909 4793 noa
935 4741 977 4793 ert
1002 4750 1049 4793 our
1075 4736 1216 4793 dubitetur.
1257 4735 1313 4793 Sed
1337 4751 1421 4809 neque

71 4837 138 4920 luu3
158 4849 250 4925 nuptm,
275 4839 368 4923 spelm,
395 4846 539 4926 rugam,
563 4838 660 4924 eborae
679 4853 708 4904 et
757 4843 930 4901 dubitandum
957 4841 1076 4914 videtur,
1104 4840 1137 4898 ad
1162 4842 1301 4898 notionem
1325 4841 1420 4914 splen·

74 4950 170 5023 W.
205 4954 326 5015 iroleoto
352 4970 430 5013 aeuo
456 4960 552 5028 negot,
584 4951 706 5010 omnbus
756 4951 831 5009 darie
858 4955 961 5007 ceteras
988 4962 1081 5004 omues
1106 4962 1159 5005 noa
1186 4945 1355 5002 incommoda
1380 4957 1421 4997 rc·

74 5056 96 5105 ll
111 5056 207 5131 'inedia
225 5080 300 5122 aran
315 5079 374 5122 erre
388 5062 560 5135 eamdemque
576 5059 705 5118 nutum.
754 5057 859 5113 cocart
