3358 5400
626 276 773 347 CAPUT
814 266 939 346 xxtvss
1417 277 1480 339 idi

106 447 205 513 emeca
224 453 311 533 repert
331 438 488 512 eadmer
506 446 658 512 nmen
680 447 770 525 dedit,
791 449 950 526 resistere3
970 443 1114 509 nisialius
1127 443 1205 523 talis,
1228 443 1278 525 qrri
1298 441 1403 506 liducia
1419 442 1481 506 ele·

108 558 207 621 ebonis
233 575 304 621 suae
332 558 432 622 sciens
461 576 495 621 se
521 575 581 621 non
596 561 639 593 ¹⁸⁵
662 559 821 639 imparem,
852 562 1019 620 constanter
1039 554 1219 637 improbaret
1247 552 1325 635 quod
1346 550 1395 615 ille
1416 552 1481 617 sine

108 667 222 731 consilo
242 664 398 730 leceratl“
435 665 472 731 Et
492 675 560 749 post
580 665 671 730 verba
687 668 742 747 ¹³⁸,
764 666 833 731 dici
854 662 951 728 Petro
971 685 1076 729 coram
1089 662 1237 741 anmtbaa,
1257 661 1369 726 subdit:
1391 658 1481 741 „ldeo

106 777 136 839 in
153 776 245 839 solum
266 775 382 839 Petrum
408 775 569 855 invehitur,
592 777 670 852 utin
691 795 728 841 co
752 778 802 860 qui
820 782 940 857 primm
962 782 1016 855 est,
1038 775 1189 839 discerent
1206 772 1330 837 ceteri.“
1371 769 1482 833 Adiun-

105 893 149 949 cta
172 887 260 968 igitur
285 886 460 949 narrationis
480 893 685 967 argumentum
707 885 866 950 Ambrosio
888 884 1046 967 praebent,
1075 901 1133 965 quo
1154 883 1231 947 Petri
1256 882 1410 963 primatum
1431 899 1483 945 ex·

102 995 193 1059 tolet:
225 1014 293 1059 eum
314 995 451 1059 videlicet
470 997 642 1076 primatum,
664 998 747 1061 cuius
768 994 857 1076 tides,
880 996 1007 1077 ipsomet
1027 1000 1151 1057 testante
1167 994 1221 1071 ¹⁸⁷,
1246 991 1420 1073 pervulgata
1440 991 1484 1054 sic

101 1112 179 1187 erat,
208 1112 240 1168 ut
258 1114 418 1185 propterea
440 1102 584 1169 winerat
607 1112 670 1169 sint
690 1104 817 1190 galatae
836 1127 857 1168 a
877 1104 998 1168 iudaeis
1019 1102 1100 1183 pund
1119 1101 1268 1179 dianna,
1296 1107 1370 1181 pata
1397 1098 1486 1163 allud

100 1211 242 1279 tradebat
266 1211 384 1278 Petrae
405 1236 498 1295 peram
520 1211 659 1279 Paulas.-
686 1236 746 1296 pun
767 1222 862 1279 ettam
879 1212 1005 1299 factam
1027 1219 1089 1289 est,
1114 1219 1150 1275 at
1171 1211 1345 1275 Mmmdtaa
1366 1209 1483 1275 recela-

98 1331 179 1388 tr'ane
200 1323 327 1388 Domini
348 1326 526 1389 ascenderet
548 1322 793 1408 Hierosolymam
814 1345 885 1388 eam
905 1322 1037 1388 tentibus
1056 1323 1296 1405 praedicationis
1316 1342 1408 1398 auae,
1437 1320 1481 1385 ts

99 1441 163 1512 est,
185 1430 340 1498 Bernaba
360 1442 390 1497 et
415 1431 503 1511 Tito,
528 1455 590 1498 reno
609 1456 652 1499 ca
670 1437 796 1513 iudaea,
819 1432 917 1500 altere
936 1433 1118 1519 capsidili,
1140 1442 1176 1497 at
1195 1439 1225 1494 at
1244 1438 1297 1512 prce·
1317 1432 1355 1496 rie
1375 1453 1411 1496 eo
1430 1429 1483 1496 Ire

98 1540 202 1607 berent
223 1541 424 1622 scandalum,
447 1540 555 1607 borum
575 1550 746 1609 testinnonio
766 1543 934 1623 tolleretur,
957 1544 1141 1625 adaperiens
1160 1540 1223 1606 etta
1243 1562 1370 1607 eenenm
1390 1562 1483 1623 prae-

97 1653 261 1718 dicationis
281 1674 368 1718 auae.

204 1795 277 1854 stt.
321 1790 366 1853 lix
395 1788 440 1853 iris
474 1796 570 1853 autem
602 1808 725 1872 pronum
761 1798 807 1855 est
833 1789 977 1873 colligere
1004 1788 1073 1871 quid
1099 1789 1281 1871 Augustinus
1309 1786 1481 1868 crediderit,

97 1916 247 1982 quamque
269 1899 306 1962 de
326 1901 450 1981 primatu
471 1899 547 1962 Petri
568 1901 743 1964 sententiam
764 1899 878 1963 fovent
921 1898 1049 1963 Credidit
1071 1898 1150 1980 quod
1164 1898 1333 1982 Cyprianus,
1354 1897 1481 1962 Ambro

1 2010 2 2029 ¹
97 2009 222 2092 dasque
248 2009 425 2089 docuerant,
455 2016 485 2073 et
510 2009 754 2091 quemadmodum
778 2009 809 2072 hi
833 2029 905 2072 cere
925 2028 942 2072 a
964 2008 1053 2073 Paulo
1075 2007 1190 2072 Petrum
1211 2008 1425 2090 reprehensum
1443 2008 1482 2072 ita

96 2117 284 2199 tradiderant,
307 2126 339 2183 ut
359 2117 445 2182 simul
459 2119 640 2202 singularem
655 2120 718 2182 eius
735 2119 918 2200 modestiam,
940 2118 1210 2201 nobilissimamque
1224 2119 1364 2201 primatus
1386 2117 1482 2201 digni·

1 2219 2 2222 '
97 2234 187 2292 tatem
210 2230 332 2293 summis
353 2228 488 2293 laudibus
508 2227 709 2311 celebrarent,
736 2229 780 2292 sic
800 2227 850 2292 ille
866 2229 909 2262 ¹³⁸
932 2235 963 2292 et
989 2228 1141 2292 veritatem
1167 2226 1408 2308 reprehensionis
1430 2226 1482 2291 de·

96 2336 257 2420 lendit,et
277 2336 348 2400 nibil
367 2339 466 2401 omisit
486 2356 589 2402 eorum
611 2357 687 2421 quae
708 2339 745 2403 ad
767 2337 917 2403 efferenda
938 2335 1016 2401 Petri
1036 2344 1209 2401 ornamenta
1230 2337 1437 2402 conducerent

90 2456 95 2469 ⁸
205 2473 252 2536 Ac
273 2472 440 2536 huiusmodi
460 2474 593 2555 prolecto
615 2482 683 2538 sunt
703 2493 780 2557 quae
801 2471 839 2537 ad
859 2472 1069 2556 Hieronymum
1085 2475 1128 2507 ¹⁸⁹
1151 2473 1350 2554 respondens,
1367 2472 1482 2536 scribit:

1 2617 2 2688 3
99 2581 187 2662 „lpse
209 2600 283 2645 vero
302 2581 418 2663 Petras,
442 2584 521 2665 quod
542 2604 559 2648 a
581 2584 668 2649 Paulo
687 2585 774 2649 tiebat
793 2582 901 2647 utiliter
920 2581 1055 2647 libertate
1076 2584 1212 2664 coriatis,
1234 2590 1353 2646 sanctae
1374 2600 1410 2646 ac
1431 2581 1483 2645 be·

99 2691 210 2772 nignae
231 2692 339 2773 pietate
360 2691 528 2756 humilitatis
548 2696 677 2776 accepit:
699 2702 786 2776 atque
806 2694 844 2755 ita
865 2693 960 2755 rarius
982 2700 1011 2755 et
1025 2693 1154 2756 sanctius
1169 2692 1335 2775 exemplum
1356 2693 1483 2774 posteris

6 2796 11 2811 '
101 2799 254 2882 praebuit,
276 2818 335 2883 quo
355 2820 415 2865 non
438 2802 676 2885 dedignarentur,
698 2802 791 2867 sicubi
814 2802 889 2864 sorte
910 2803 985 2865 recti
1005 2803 1150 2865 tramitem
1171 2801 1372 2883 reliquissent,
1396 2803 1484 2865 etiam

6 2890 14 2913 ¹
100 2932 121 2974 a
141 2909 366 2992 posterioribus
389 2914 515 2996 corrigi3
539 2932 626 2996 quam
646 2912 766 2996 Paulus,
795 2929 855 2993 quo
880 2911 1063 2975 confidenter
1081 2910 1224 2974 auderent
1243 2911 1337 2973 etiam
1350 2917 1483 2973 amores

99 3018 270 3085 natanias
293 3039 346 3103 pro
368 3022 552 3087 defendenda
576 3024 748 3105 evangelica
769 3023 892 3086 veritate
914 3013 996 3087 salva
1019 3022 1147 3085 fraterna
1169 3021 1303 3101 canate,
1332 3019 1482 3082 resistere.

99 3127 173 3193 Nam
196 3147 263 3192 cum
285 3133 376 3195 satius
397 3133 442 3213 sit,
465 3152 482 3195 a
502 3133 630 3196 tenendo
650 3134 755 3195 itinere
776 3134 806 3195 in
828 3132 908 3195 nullo
929 3151 1017 3215 quarn
1039 3133 1069 3195 in
1088 3131 1186 3213 aliquo
1207 3129 1371 3211 declinare3
1393 3127 1483 3190 multo

100 3248 147 3304 est
166 3247 267 3304 tamen
288 3242 448 3305 mirabilius
471 3250 501 3306 et
522 3242 693 3306 laudabilius
715 3242 841 3305 libenter
854 3243 991 3325 accipere
1006 3243 1214 3324 corrigentem,
1236 3256 1323 3321 qrrarn
1345 3237 1485 3301 audacter

34 3340 38 3351 '
69 3363 73 3371 '
100 3351 257 3433 corrigere
279 3349 454 3416 dementem.
497 3352 549 3416 Est
572 3353 635 3416 laus
656 3354 753 3435 itaque
775 3353 870 3415 iustae
890 3351 1032 3415 libertatis
1053 3352 1083 3414 in
1103 3349 1206 3432 Paulo,
1234 3357 1264 3413 et
1290 3356 1408 3413 saumae
1428 3347 1483 3411 bu·

101 3458 229 3523 militatis
251 3461 281 3522 in
301 3459 403 3524 Petro:
433 3480 526 3543 quae,
559 3470 696 3544 quantum
718 3460 788 3524 milri
808 3480 862 3544 pro
884 3461 1003 3526 modulo
1025 3478 1093 3525 meo
1114 3460 1242 3542 ridetrrr,
1273 3461 1368 3543 magis
1389 3458 1485 3522 llrerat

100 3568 246 3633 aduersus
267 3568 491 3634 calumniantem
511 3571 701 3655 Porphyrium
724 3571 923 3651 defendenda,
953 3590 1039 3654 quam
1062 3578 1095 3634 ut
1114 3571 1144 3633 ei
1164 3569 1282 3633 daretm
1304 3568 1484 3633 obtrectandi

100 3680 195 3741 maior
216 3680 351 3759 occasio;
377 3697 433 3761 qua
456 3679 545 3745 multo
567 3682 733 3746 mordacius
756 3683 958 3745 criminaretur
984 3680 1157 3745 christianos
1184 3679 1324 3743 lalaciter
1345 3679 1394 3741 vel
1414 3695 1483 3742 snas

101 3786 215 3852 litteras
235 3788 385 3869 scribere,
406 3789 454 3853 vel
474 3789 529 3853 Dei
551 3792 597 3855 sui
618 3800 802 3856 sacramenta
823 3792 972 3873 portare.“

209 3922 314 4004 Neque
334 3922 410 3986 baec
432 3925 526 3988 minus
545 3926 700 4010 luculenta,
723 3928 827 4010 quibus
847 3925 972 3990 adduco
985 3926 1120 4009 Cypriani
1142 3945 1181 3989 ex
1200 3925 1322 4010 epistola
1343 3923 1381 3988 ad
1394 3923 1484 3999 Ouin-

102 4039 164 4096 tcm
192 4034 360 4096 testimonio
374 4036 428 4116 ¹⁴⁰,
450 4038 563 4117 pergit:
606 4038 842 4119 „commemorat
870 4036 1031 4120 Cyprianus
1058 4035 1136 4118 quod
1166 4036 1253 4099 etiam
1275 4052 1329 4098 nos
1354 4036 1385 4097 in
1411 4033 1485 4098 scri·

1 4165 2 4198 ;
104 4144 196 4224 pturis
219 4145 328 4206 sanctis
349 4143 516 4223 didicimus,
548 4147 711 4228 apostolum
733 4147 865 4226 Petrum,
893 4153 924 4209 tn
945 4166 1006 4227 prro
1022 4152 1177 4227 primaten
1198 4142 1403 4225 apostoloram
1421 4150 1485 4207 tarra

1 5324 10 5343 l.

104 4250 267 4317 eccellentt
292 4259 398 4336 pratia
422 4261 621 4335 noemma,
649 4255 734 4320 aliter
761 4275 847 4339 qnam
876 4257 984 4320 veritas
1005 4255 1169 4340 postulabat
1196 4255 1234 4319 de
1261 4253 1485 4318 circumcisione

170 4476 230 4554 ¹⁸⁵)
251 4479 289 4535 Se
308 4494 365 4536 non
390 4481 524 4555 imparem
549 4480 701 4537 immediata
729 4480 771 4537 dl-
885 4480 945 4558 ¹³⁷)
967 4482 1069 4540 Comm.
1093 4481 1334 4540 addantur.

107 4584 168 4641 vina
182 4584 322 4659 electione,
342 4585 417 4643 etad
429 4588 607 4660 rpcatolatnm
620 4588 770 4644 vocatione.

107 4690 274 4749 Auctoritata
292 4691 363 4749 eninr
383 4710 415 4750 ac
434 4692 611 4751 inrcl’aalnm
628 4693 771 4752 icimel’e·
885 4760 927 4793 rar
1006 4763 1013 4777 ,

108 4802 151 4855 m
169 4798 314 4874 mm,
333 4813 387 4857 m
408 4800 491 4859 md
511 4800 710 4861 mm
729 4801 771 4859 in·
930 4761 1048 4838 >limat
1072 4762 1199 4821 LXXXII.
1220 4781 1246 4822 n.
1267 4764 1315 4823 22.

109 4902 204 4961 arlant.
883 4902 944 4978 ¹⁴⁰)
962 4903 1151 4978 BaBrptismo
1166 4920 1227 4964 cca.
1239 4901 1374 4967 naaartat
1392 4897 1484 4959 lib-fl.

173 5007 233 5087 ¹³⁸)
254 5006 337 5068 Galat
357 5008 390 5070 11.
413 5009 459 5070 ld.
818 5025 877 5087 cap.
898 5008 920 5068 l.

889 4620 951 4697 ¹³⁸)
971 4623 999 4679 ln
1020 4623 1213 4681 conmentario
1234 4629 1262 4680 et
1280 4623 1307 4680 in
1327 4621 1458 4697 epistolis.
