3266 5416
559 494 563 503 ι
608 447 752 515 cumr
792 448 817 510 L
1354 447 1395 507 ιιι

61 617 143 681 denda
166 619 275 681 animm
292 616 507 681 convertendus
533 622 593 696 est,
621 623 707 697 atque
728 614 758 676 iu
778 614 813 677 iis
835 612 1020 695 deligendus,
1047 629 1122 693 quae
1141 614 1288 691 proprw
1320 628 1394 674 nun·

59 745 180 808 mpamtu,
200 734 229 790 ιι
248 727 306 790 luae
326 726 443 809 quidem
463 725 543 809 lage,
564 732 595 787 ut
614 742 674 787 non
693 741 781 785 unum
796 721 944 785 dumtaxat
963 720 1123 783 alterumve
1144 741 1162 781 e
1179 724 1320 799 propriis,
1341 719 1395 783 sed

55 837 133 897 omnia
152 842 179 897 et
197 835 310 918 singula
333 835 533 917 exploremus3
555 851 643 916 quum
664 832 727 896 ieri
747 850 806 895 non
826 832 926 913 possit,
948 838 980 892 ut
1001 849 1076 912 quae
1097 830 1241 912 agitantur
1262 848 1394 911 caussae,

54 944 270 1025 quomadmodum
291 964 344 1027 par
364 952 418 1025 est,
440 944 616 1023 dirimantur,
639 943 694 1005 nisi
716 943 795 1023 prius
810 948 951 1023 quotquot
970 946 1038 1003 sunt
1051 940 1148 1003 omnia
1169 939 1395 1004 manifestandae

53 1052 168 1116 ιιιιιιιιιι
188 1054 365 1135 institutoris,
376 1054 455 1117 utilia
475 1071 610 1118 seorsum
631 1053 834 1131 aestimentur,
861 1058 921 1113 tum
943 1051 1038 1113 iuncta
1059 1049 1158 1129 simul,
1187 1057 1217 1113 et
1244 1051 1275 1113 in
1295 1068 1396 1132 quam

52 1161 105 1223 dun
122 1161 203 1224 veluti
223 1180 366 1226 ιιιιιιιιιιιι
380 1162 499 1226 redacta
519 1164 558 1225 ιιι
579 1161 729 1241 librentur,
750 1168 782 1223 ut
802 1159 871 1241 quid
891 1179 930 1223 ex
950 1159 985 1222 iis
1005 1160 1042 1222 sit
1063 1176 1257 1241 consequens,
1278 1158 1396 1222 tandem

51 1269 244 1334 determinetur.
287 1270 385 1345 Quare
406 1273 466 1335 suia
487 1270 626 1334 deessent
641 1269 770 1352 partibus
791 1267 933 1350 theologi,
955 1275 985 1330 ιι
1006 1268 1042 1331 ιιι
1063 1286 1100 1331 eo
1122 1268 1201 1350 quod
1222 1286 1346 1350 aequum
1368 1276 1399 1332 ιι

50 1379 136 1440 imam
154 1387 197 1442 cst
216 1379 412 1462 disoederant,
433 1382 459 1443 si
480 1379 517 1443 de
538 1379 615 1444 Petri
636 1396 741 1443 caussa
761 1396 832 1459 prae
852 1376 990 1459 apostolis
1010 1377 1130 1458 reliquis
1147 1379 1238 1442 acturi
1259 1396 1319 1441 noa
1337 1378 1397 1441 sin·

51 1485 106 1566 gula
124 1489 303 1570 rimaremur,
325 1507 400 1570 quae
422 1490 460 1552 ad
481 1489 667 1571 aperiendam
688 1487 794 1553 Christi
814 1488 851 1551 de
866 1505 903 1550 eu
924 1487 1109 1568 voluntatem,
1130 1487 1398 1569 ordinationemque

51 1596 202 1661 ιιιιιιιιιιιιι.
243 1597 350 1678 Neque
377 1598 470 1661 levius
496 1606 667 1681 peccarent,
695 1599 721 1663 si
748 1605 875 1662 mentem
897 1599 927 1660 in
948 1597 1061 1679 singula
1083 1599 1126 1660 sic
1145 1594 1343 1677 intenderent,
1368 1604 1400 1659 ut

52 1726 181 1771 asumma
201 1715 374 1788 avocarent,
402 1709 550 1790 noxioque
572 1709 686 1773 silentiu
708 1726 768 1771 non
787 1707 987 1788 adverterent,
1010 1725 1132 1771 caussae
1153 1706 1301 1770 arbitrium
1321 1709 1399 1770 itae

53 1816 151 1898 singulis
170 1817 321 1899 pendere,
341 1826 373 1880 ut
392 1819 515 1900 primum
536 1826 623 1901 alque
644 1819 824 1900 potissimum
844 1835 884 1880 ex
904 1818 1033 1880 omnium
1054 1835 1167 1880 summa
1187 1816 1358 1899 dependeat

136 1932 163 1987 ι.
204 1926 292 2001 uuor
319 1928 382 1991 eius
408 1946 476 1993 esse
503 1928 642 1991 momenti
667 1934 754 2008 puto,
781 1933 812 1989 ιιι
840 1943 949 2008 operae
976 1928 1285 2010 pretiumexistimem
1304 1926 1400 2009 paullo

53 2032 75 2095 id
89 2033 205 2118 abemus,
226 2035 411 2118 validiusque
433 2037 615 2102 confirmare.
658 2036 759 2120 ltaque
779 2036 926 2099 arbitrium
941 2037 1020 2118 quod
1032 2036 1217 2119 pronunciari
1239 2035 1276 2099 de
1298 2053 1401 2105 caussa

9 2162 10 2173 ¹
52 2141 135 2227 debet,
160 2145 290 2209 conferri
315 2154 411 2227 potest
435 2148 486 2211 uel
507 2166 573 2211 cum
594 2145 739 2232 ampulla,
769 2165 843 2228 quae
864 2146 901 2209 ad
923 2147 1001 2210 illam
1020 2148 1165 2232 pertinent
1190 2146 1325 2224 imiteris,
1353 2146 1402 2210 vel

52 2271 104 2317 cum
123 2273 219 2319 eorum
241 2276 372 2334 wmma,
395 2276 501 2339 quaec
518 2257 640 2341 singulis
654 2259 768 2338 iunctis,
791 2258 1026 2338 coordinatisque
1040 2256 1207 2321 efflorescit
1250 2256 1286 2320 Ut
1306 2265 1401 2320 autem

52 2360 112 2426 iaec
130 2367 319 2449 comparatio,
350 2385 367 2429 ι
389 2385 446 2449 qua
468 2367 577 2431 decisio
599 2367 656 2430 litis
676 2368 801 2449 petenda
822 2376 882 2451 est,
911 2376 976 2451 apte
997 2369 1122 2449 meatur,
1153 2367 1209 2431 duo
1230 2374 1297 2431 sunt
1316 2386 1402 2450 prae·

52 2475 193 2556 noscenda,
215 2492 341 2558 qnorum
362 2475 484 2539 alterum
505 2484 566 2556 est,
589 2477 749 2540 cuiusmodi
771 2497 838 2542 esse
860 2475 986 2562 stapulo
1007 2475 1145 2558 debeant,
1175 2479 1301 2559 quaein
1322 2495 1402 2540 com-

52 2585 210 2662 parationem
231 2586 368 2647 ueniunt:
390 2585 512 2649 alterum
534 2604 623 2668 vero,
645 2605 702 2668 quo
723 2597 887 2665 manento,
917 2605 1012 2670 quove
1031 2586 1134 2671 gradu
1154 2604 1338 2669 supremum,
1358 2586 1403 2650 ul·

53 2691 189 2775 linumque
210 2712 336 2757 caussae
357 2694 493 2757 iudicium
513 2713 600 2776 quum
614 2696 753 2781 singulis,
776 2705 836 2760 tum
849 2696 1041 2782 singulorum
1057 2717 1197 2760 summae
1217 2696 1402 2779 respondeat.

55 2798 123 2880 tiqui·
147 2811 283 2866 neutrum
311 2802 466 2865 obscurum
495 2811 556 2886 est,
584 2806 632 2868 vel
656 2826 673 2869 a
700 2811 846 2870 communi
871 2807 1029 2889 sentiendi,
1060 2805 1265 2889 cogitandique
1291 2807 1404 2870 ratione

57 2917 184 2974 ιιιιιιιιιιιι.
227 2911 358 2992 Ou'nque
378 2911 457 2974 enim
477 2913 624 2997 intelligit,
649 2934 688 2979 ex
706 2916 839 2979 omnibns
861 2934 936 2997 quae
964 2917 994 2979 in
1016 2915 1188 2979 authenticis
1209 2916 1405 2980 instrumentis

56 3014 180 3102 leguntur,
202 3039 240 3084 ea
261 3020 356 3084 solum
378 3022 589 3087 consideranda
605 3042 683 3106 esse,
705 3045 781 3108 quae
803 3026 823 3088 ι.
836 3028 953 3108 propria
973 3026 1046 3090 sint:
1070 3024 1103 3087 ιι.
1118 3025 1156 3087 ad
1176 3025 1404 3108 praerogativas,

56 3127 259 3212 singularesque
282 3128 365 3194 doles
388 3139 530 3214 spectent,
552 3151 662 3216 easque
675 3136 759 3215 tales,
783 3154 857 3217 quae
878 3135 924 3202 ill.
941 3138 1047 3201 eximia
1064 3135 1188 3219 quadam
1209 3132 1406 3197 moderandae

55 3237 178 3303 ιιιιιιιιι
199 3240 372 3302 anctoritate
394 3242 604 3306 contineantur.
646 3243 773 3318 Quarum
795 3245 991 3310 conditionum
1013 3248 1038 3309 si
1059 3247 1107 3310 vel
1127 3265 1185 3310 una
1207 3245 1291 3326 desit
1315 3244 1406 3306 iuvari

55 3344 196 3410 nullatenus
216 3348 354 3411 iudicium
376 3352 495 3433 poterit,
524 3370 582 3433 quo
602 3352 820 3418 decernendum
842 3362 900 3436 est,
923 3363 1018 3419 ιιιιιιιιι
1039 3355 1141 3420 Petrus
1162 3355 1250 3418 luerit
1268 3352 1407 3436 apostolia

54 3458 142 3518 mteris
162 3456 362 3539 praehabitas,
390 3475 535 3541 quamque
555 3462 618 3544 ipse
639 3480 710 3543 prae
734 3468 840 3528 ceteris
861 3464 1046 3547 dignitatem,
1074 3467 1332 3547 auctoritatemque
1354 3463 1407 3527 ob·

54 3563 161 3628 tinuerit
202 3566 324 3648 Singula
355 3584 429 3649 ergo
461 3586 537 3650 qrrae
569 3573 695 3636 examini
727 3572 906 3637 subiicienda
933 3581 1014 3657 sunt,
1048 3583 1081 3638 ut
1107 3575 1242 3639 iudicium
1269 3575 1306 3638 de
1331 3573 1408 3637 Patri

56 3687 143 3736 caussa
162 3675 288 3755 seman,
309 3674 475 3756 triplicem·
505 3680 651 3760 postulant
672 3681 884 3746 conditionem:
910 3684 931 3746 l.
950 3686 1172 3768 proprietatem:
1199 3685 1233 3749 ll
1256 3682 1407 3750 excellen-

56 3778 126 3862 tian,
155 3791 240 3864 atque
265 3783 343 3848 hanc
378 3785 423 3848 lll.
452 3804 518 3850 cum
547 3790 652 3870 potiori
679 3791 830 3872 regendae
863 3793 1008 3858 ecclesiae
1037 3803 1181 3877 potestate
1215 3795 1406 3858 coniunctam.

9 3932 14 4027 q
56 3882 177 3953 Nimirum
203 3892 224 3955 t
248 3896 363 3975 propria
385 3914 453 3959 esse
474 3896 598 3960 debent:
628 3899 660 3962 ιι
685 3902 791 3964 eximia
812 3910 899 3984 atque
917 3908 1108 3988 praestantia,
1138 3922 1226 3987 quum
1246 3901 1357 3978 dalaia
1378 3909 1409 3964 et

56 3994 183 4081 absolute,
205 4010 265 4065 arm
285 4005 441 4081 σχιτικιις
461 4012 492 4069 ιι
512 4016 693 4088 comparate:
721 4008 846 4093 denique
868 4013 913 4075 lll.
936 4013 1051 4076 illorum
1073 4014 1248 4077 excellentia
1268 4034 1287 4077 e
1307 4016 1407 4095 singu-

9 4152 11 4189 ,
58 4099 101 4167 lui
120 4110 254 4193 quadam,
274 4114 439 4195 potiorique
462 4112 539 4180 Petri
560 4120 731 4181 auctoritate
752 4120 897 4201 proticisci
919 4121 1015 4185 debet

147 4227 172 4280 ι.
213 4220 303 4287 Porro
325 4225 503 4305 quactum
523 4227 599 4290 notis
625 4234 655 4289 et
680 4227 897 4294 chamcteribus
920 4231 1148 4315 distinguuntur,
1171 4231 1350 4296 comideram'
1371 4248 1408 4293 ea

110 4415 136 4491 1)
153 4416 182 4475 ld
199 4422 268 4479 euin
287 4423 330 4497 iis,
351 4441 419 4498 quae
433 4427 553 4501 propria
571 4428 700 4505 mesum,
749 4436 803 4487 tum
833 4432 939 4505 quidem
971 4434 1112 4491 ostendent
1141 4434 1270 4509 aliquam,
1303 4432 1410 4489 minime

15 4518 22 4532 ’
62 4526 183 4600 uomit,
202 4533 232 4583 nt
250 4527 413 4602 distinguant
432 4548 464 4588 ac
483 4540 631 4595 secernant.
748 4551 813 4593 aare
834 4539 974 4610 primatum
991 4539 1132 4610 singarlaris
1145 4541 1225 4611 iuris,
1246 4539 1410 4612 eximiaeque

113 4629 138 4702 ⁸)
161 4632 191 4688 Si
208 4635 357 4693 ιιιιιιιιοιιιι
382 4638 626 4715 quaestionantes,
655 4645 702 4700 tri·
748 4645 899 4717 potestatis.
924 4645 997 4714 Quae
1007 4645 1203 4718 praemonenda
1215 4646 1315 4703 idcireo
1328 4652 1411 4721 erant,

64 4726 104 4785 bnt
119 4733 188 4793 lisca
207 4740 402 4800 conditionibus
421 4745 475 4802 sint
493 4747 626 4823 praedita,
647 4749 702 4805 aln-
750 4756 778 4806 ιιι
797 4749 818 4805 ι.
838 4767 873 4807 ιιι
892 4751 1003 4822 siagirlis
1028 4753 1187 4809 testimoniis
1214 4752 1242 4808 id
1268 4751 1413 4808 deducatur

65 4835 149 4903 anua
166 4842 234 4902 Peml
258 4847 386 4924 dignitas,
414 4867 481 4925 quae
506 4853 567 4910 inde
592 4855 700 4930 eruitur,
749 4870 842 4929 unum,
864 4854 934 4928 quod
954 4857 1007 4912 illis
1028 4859 1192 4933 continetur,
1224 4874 1256 4913 ιι
1275 4862 1304 4913 ut
1323 4857 1355 4912 ll.
1376 4860 1413 4913 in·

67 4940 94 4996 ἢ
108 4948 238 5017 immittit)
255 4957 376 5030 perlinat,
396 4972 474 5030 quern
496 4961 659 5017 auctoritatis
675 4967 703 5017 ιι
750 4960 898 5032 telligatur,
925 4960 1006 5032 longe
1025 4963 1099 5033 plura
1119 4963 1211 5016 haberi
1231 4976 1329 5031 posse,
1358 4959 1413 5025 qui-

68 5042 235 5112 llfl'tdictiuais
261 5061 400 5134 appellant
439 5063 593 5123 sinautem
612 5083 648 5122 ex
668 5066 702 5121 iia
751 5065 800 5120 bus
830 5067 957 5136 primatus
986 5065 1148 5131 ιιιιιιινιιιιι,
1178 5076 1256 5130 quam
1284 5059 1409 5125 primatus

70 5148 154 5223 “illiti
176 5164 249 5220 tertia
275 5174 382 5224 careant
401 5169 581 5242 proprietate,
607 5172 703 5240 prima·
752 5168 943 5225 iurisdictionis
963 5164 1117 5223 nominatim
1137 5156 1329 5226 comprabatur·

9 5268 11 5373 l
1137 5256 1200 5325 ³*
