3324 5382
646 237 892 305 caruem
1067 330 1069 336 k
1396 240 1458 303 ma

75 402 169 491 λύσῃς
190 405 242 470 iai
264 406 315 483 tric
335 405 401 486 γῆς,
424 404 510 469 ἔσται
530 403 699 487 λελυμένον
718 411 753 471 dr
772 409 838 483 τοῖς
860 404 1025 490 οὐρανοῖς,
1064 403 1213 471 mium
1232 407 1360 471 innuitur
1380 406 1459 472 eins·

75 514 141 579 mm
171 515 351 579 auctoritatis
382 512 492 577 annm
522 514 783 598 comprehensum:
819 518 894 581 sicii
928 516 999 580 illud
1031 523 1244 581 caimetarum
1279 515 1459 580 sonoritatis

72 623 158 688 Petro
178 626 371 708 promissam,¹
386 625 425 687 ita
445 623 503 687 hoc
523 624 656 704 eiusdem
679 631 879 689 interularum
900 625 1094 691 demonstrat:
1116 627 1191 690 sicut
1205 624 1255 689 illo
1269 631 1457 689 universitas

74 737 186 795 driuaa
206 730 349 797 caelestia
369 740 466 817 repat,
489 734 537 796 cni
557 733 660 799 Petrus
682 743 745 800 crat
765 734 988 818 praeficiendus,
1009 734 1204 818 significaturq
1224 736 1263 799 ita
1284 734 1343 800 hoc
1365 757 1458 800 caur-

73 862 180 906 aarum
200 850 391 909 macretas
413 842 451 907 ad
471 843 594 908 eosdem
615 845 697 909 cives
718 826 940 928 pertinentium,
968 845 1103 928 Patrique
1129 844 1258 909 clavibus
1279 845 1459 910 subiicienda

74 954 256 1035 exprimitur:
279 961 430 1035 postremo
445 952 690 1035 quemadmodum
703 956 803 1037 priore
817 955 911 1018 inciso
931 954 1063 1037 edicitur,
1087 960 1147 1036 cut,
1169 962 1344 1035 quantoque
1363 976 1458 1039 repaa

74 1062 173 1127 Petrus
195 1072 275 1128 esset
294 1063 500 1146 praefuimus3
535 1067 574 1128 ita
602 1066 769 1147 posteriore
787 1065 967 1148 declaratur,
1002 1085 1096 1145 qrrae,
1132 1072 1242 1145 quotae
1262 1063 1347 1127 ditus
1368 1071 1458 1151 requi

73 1192 204 1237 caussae
224 1174 357 1237 eiusdem
377 1175 541 1237 auctoritati
562 1174 762 1239 crederentur.

28 1362 34 1377 ἡ
175 1282 273 1357 Quare
294 1282 374 1347 nulia
395 1282 509 1346 videtur
530 1282 628 1347 alieni
649 1283 835 1366 paraphrasis
855 1300 962 1366 posse,
979 1301 1054 1366 quae
1078 1284 1132 1348 ista
1159 1284 1266 1348 melius
1289 1292 1338 1349 aut
1358 1284 1456 1349 verbis

70 1392 255 1474 respondeat,
279 1399 328 1456 aut
347 1391 452 1456 Christi
473 1400 602 1456 mentem
623 1395 857 1476 sententiamque
879 1400 1098 1475 repraesentetz
1119 1400 1149 1456 et
1176 1391 1234 1456 tibi
1253 1391 1331 1458 dabo
1351 1393 1454 1458 eiures

69 1508 155 1585 repat
173 1500 345 1581 coeluum,
374 1502 465 1583 idest,
488 1509 517 1565 te
538 1520 707 1586 supremum
730 1502 850 1583 ducem,
873 1510 1082 1585 rectoremque
1103 1503 1190 1584 regni
1212 1504 1288 1583 mei,
1309 1522 1453 1585 meaeque

69 1611 211 1676 ecclcsiae
231 1614 423 1693 constituam
458 1620 488 1676 et
511 1613 721 1693 quodeunque
740 1611 872 1676 raineris
893 1632 986 1693 roper
1007 1619 1138 1690 terram,
1174 1620 1234 1676 erit
1259 1611 1395 1676 solutum
1420 1620 1454 1677 iu

70 1719 180 1797 eaeto‚·
215 1730 245 1786 ct
268 1722 475 1803 wodeuaaquc
495 1720 641 1807 iipaocris
662 1731 908 1805 superterram,
945 1728 1003 1785 erit
1024 1720 1154 1807 ltpatum
1175 1729 1208 1786 iu
1229 1721 1336 1801 eaelo,
1367 1723 1452 1804 idest,

69 1837 97 1894 et
118 1833 216 1896 omnia
237 1831 325 1896 buius
346 1834 433 1916 regni
447 1834 577 1916 negotia,
588 1838 779 1915 caussasque
794 1850 899 1896 omnes
914 1839 964 1895 ino
979 1832 1042 1913 iuri,
1063 1840 1190 1916 tuaeque
1204 1834 1348 1916 potestati,
1371 1833 1453 1897 cuius

69 1948 150 2022 gesta
168 1950 231 2007 rata
253 1943 285 2005 in
306 1943 398 2007 caelis
419 1949 519 2023 erant,
545 1941 706 2007 sublicium.
750 1942 861 2017 Quibus
881 1949 943 2006 tum
961 1942 1038 2006 Petri
1055 1948 1227 2024 primatus,
1256 1960 1345 2023 quum
1366 1940 1452 2006 iuius

68 2054 122 2125 ais,
141 2057 329 2132 propriaque
347 2057 428 2115 ratic
449 2052 604 2135 insigniter
624 2054 797 2116 continetur.
841 2053 1011 2147 denudetur
1037 2056 1067 2114 1⁰
1090 2051 1167 2115 Petri
1188 2053 1336 2134 primatus,
1362 2070 1452 2134 quum

69 2158 141 2223 inter
160 2179 269 2226 omnes
290 2168 468 2225 necessario
494 2168 537 2224 rit
559 2167 719 2242 miuccpr,
755 2162 804 2242 qui
826 2159 932 2224 Christi
960 2179 1073 2244 regno,
1109 2163 1266 2226 universae
1296 2162 1452 2244 ecclesiae,

69 2270 267 2355 membrisque
293 2271 426 2335 eiusdem
449 2271 583 2336 omnibus
604 2271 801 2353 praeponitur.
844 2271 1014 2334 continetur
1036 2276 1070 2333 2⁰
1094 2271 1158 2334 eius
1181 2273 1239 2348 vis,
1276 2274 1452 2356 propriaque

69 2379 155 2459 ratio,
192 2398 283 2463 quum
309 2380 353 2444 ud
379 2386 526 2463 potiorem
560 2387 788 2456 auctoritatem,
830 2386 939 2461 irasque
972 2398 1149 2458 supremam
1183 2402 1222 2443 ea
1264 2378 1452 2464 ὑπεροχή

69 2497 240 2553 mensurio
260 2497 432 2571 pertineat,
454 2508 530 2573 qttac
550 2491 703 2572 promissis
725 2489 855 2553 clavibus
875 2489 962 2571 regni
983 2488 1119 2552 caelestis
1141 2491 1327 2572 exprimitur,
1353 2499 1384 2555 et
1405 2494 1452 2556 cui

72 2600 184 2679 negotia
206 2599 357 2663 ecclesiae
379 2601 490 2679 omnia,
513 2618 675 2683 omnesque
697 2618 819 2663 caussae
841 2600 1065 2663 committuntur.
1107 2598 1249 2663 Neutrum
1270 2620 1360 2683 porro
1379 2601 1453 2685 fugit

72 2708 190 2772 maiores
212 2717 341 2791 nostros,
363 2712 537 2792 priscosque
558 2708 671 2789 lideles,
693 2707 797 2791 quibus
817 2708 952 2773 solemne
973 2709 1083 2773 idcirco
1105 2709 1156 2772 fuit
1175 2711 1204 2772 in
1225 2710 1350 2793 puhlicis
1370 2711 1452 2776 litur-

71 2816 186 2897 giae¹’¹
211 2819 352 2902 precibus
373 2820 523 2902 confiteri,
558 2839 624 2884 eam
653 2820 879 2903 promissionum
901 2817 1005 2882 Christi
1031 2818 1122 2882 luisse
1145 2819 1295 2903 virtutem,
1333 2829 1452 2904 propter

72 2944 153 3008 quam
172 2927 371 2994 dominaturus
386 2927 503 2995 Petrus
518 2928 683 3010 apostolor,
704 2930 794 2992 immo
810 2933 1096 3014 πρωτοκορυφαῖος
1110 2931 1154 2962 ¹³²
1178 2930 1242 2993 τῶν
1254 2927 1449 3008 ἀποστόλων,

71 3054 154 3102 wine
171 3045 222 3104 ius
242 3047 395 3123 pearata,
429 3042 670 3121 iudaeorumque
690 3045 820 3102 sortitus
841 3047 899 3121 sit,
931 3036 1116 3120 principalia
1137 3060 1266 3104 murima
1285 3046 1445 3121 occeperit,

75 3167 111 3209 cc
130 3146 263 3214 alterum
281 3158 353 3231 port
374 3148 531 3215 Christum
550 3158 652 3231 prum
672 3146 819 3213 ecciesiae
839 3157 929 3229 caput
950 3155 1098 3213 estiterit.

69 3402 168 3464 uuum
187 3423 243 3483 ope
262 3407 368 3465 vincula
389 3408 618 3481 immorerentur
637 3415 683 3467 aut
695 3409 734 3465 la·
783 3408 906 3466 marturii
920 3407 1063 3480 Gallicani,
1083 3407 1155 3480 qood
1174 3407 1344 3466 tribuuntur
1364 3410 1448 3469 edidit

69 3520 199 3572 necuim.
706 3579 717 3596 ·
783 3515 813 3571 Τ.
831 3514 852 3571 Ι.
872 3514 974 3571 humei
994 3513 1088 3570 italici.

846 3618 906 3692 ¹³²)
927 3618 986 3686 Quo
1007 3620 1114 3677 nomiae
1133 3620 1276 3693 insignitor
1296 3623 1322 3679 in
1341 3621 1448 3679 Ercho-

131 3723 190 3799 ¹³¹)
209 3723 348 3782 Habentur
367 3725 434 3783 haec
452 3741 516 3800 pag.
537 3723 605 3781 29⁷.
636 3725 733 3782 Sacra-
781 3725 857 3798 logio
876 3741 940 3798 paq.
956 3726 1023 3783 557.
