3300 5402
669 348 813 417 CAPUT
854 352 878 413 l.
1402 354 1459 414 um

98 517 184 598 posito
206 517 339 601 primatu,
369 518 530 602 reperiant,
558 526 770 603 repertamque.
786 520 959 584 confirment
982 519 1017 583 iis
1038 519 1217 602 explicandis
1238 539 1357 602 parem,
1387 539 1462 603 quae

96 630 264 707 argumentis
286 629 510 692 inartificialibus
532 638 561 692 et
584 629 793 709 artificialibus,
821 649 956 713 quaeque
978 631 1191 709 instrumentis,
1220 632 1395 711 testiumque
1415 649 1462 693 re-

94 735 193 798 latione
215 739 407 802 continentur.

190 845 320 909 Alterum
342 847 489 927 succedit,
519 850 598 929 quod
618 869 721 915 omnes
742 849 893 913 nobiscum
922 847 1100 911 fatebuntur:
1129 867 1194 912 eam
1217 866 1285 912 esse
1306 848 1462 911 adhibitum

93 953 302 1034 probationem,
326 975 397 1037 qua,
420 959 474 1020 nisi
495 956 584 1023 iallax
602 961 650 1023 illa
672 963 718 1042 sit,
740 978 800 1023 non
821 968 931 1023 tantum
953 940 1035 1033 ders,
1054 958 1107 1021 sed
1130 959 1216 1021 etiam
1237 956 1381 1034 revelata,
1404 975 1464 1021 non

91 1063 217 1127 tenenda
247 1066 357 1146 solum,
389 1066 442 1129 sed
472 1069 558 1131 etiam
594 1069 746 1132 credenda
779 1070 917 1151 primatus
945 1069 1084 1130 institutio
1114 1068 1337 1131 demonstratur.
1380 1066 1462 1129 Unde

91 1173 163 1234 enim
184 1182 307 1254 propriu
326 1175 404 1239 illam
427 1176 685 1259 deprompsimusl
712 1198 729 1239 e
751 1177 872 1241 testibus
886 1180 911 1210 ¹³
936 1196 989 1255 ne,
1018 1177 1240 1259 artificiosisque
1259 1173 1462 1258 argumentisl

88 1288 162 1365 atqui
184 1287 237 1348 ista
261 1287 377 1367 quidem
399 1288 497 1350 omnia
518 1289 734 1368 usurpavimus,
765 1286 818 1350 sed
847 1294 878 1366 ut
907 1286 1103 1350 demonstrata
1125 1287 1380 1365 conlirmaremus,
1400 1285 1463 1368 pte-

88 1394 218 1476 uiorique
240 1394 307 1458 luae
328 1397 385 1459 iam
407 1395 527 1459 illustria
548 1396 774 1459 effunderemus.
816 1395 935 1477 Proprie
956 1396 1045 1476 igitur
1058 1395 1135 1459 illam
1150 1396 1298 1458 hausimus
1319 1414 1337 1456 e
1359 1395 1463 1458 divinis

87 1503 297 1584 Scnpturarnm
319 1506 525 1568 instrumentis.
570 1505 653 1580 Quod
674 1514 771 1568 autem
791 1523 831 1568 cx
850 1504 993 1568 eiusmodi
1013 1504 1138 1568 lontibus
1159 1504 1281 1585 ducitur,
1302 1503 1461 1567 rcrctamrn

86 1612 201 1707 idest,
233 1632 396 1695 eorumque
424 1632 546 1678 numero
572 1616 652 1677 venit
674 1632 750 1694 quae
779 1613 816 1676 ad
841 1613 1053 1676 revelationem
1083 1633 1170 1696 quum
1198 1616 1374 1696 pertineant,
1405 1613 1461 1677 bde

84 1721 247 1787 creduntur.

173 1839 217 1914 4.
262 1831 298 1894 Et
317 1831 391 1895 baec
412 1834 529 1914 quidem
555 1834 691 1914 expedita
720 1840 801 1899 sunt,
830 1831 900 1895 illud
927 1850 1000 1894 vero
1021 1832 1151 1895 nonnihil
1173 1831 1350 1914 impeditius,
1382 1832 1461 1912 quod

85 1959 141 2002 uno
160 1958 251 2023 prope
273 1957 326 2004 ore
348 1959 407 2004 non
422 1944 506 2023 pauci
518 1942 718 2025 postulabunt:
743 1958 818 2022 quac
835 1940 952 2003 tandem
972 1949 1018 2003 ric
1036 1943 1104 2004 insit
1117 1941 1290 2023 probationi,
1312 1946 1461 2019 precatum

84 2049 186 2112 illaad
208 2051 366 2113 creandam
385 2053 606 2133 persuasionem
627 2052 735 2131 valeat,
765 2058 793 2113 et
815 2058 898 2113 certa
920 2069 957 2112 ne
978 2052 1016 2114 sit
1037 2070 1072 2112 ac
1090 2049 1198 2129 plerum
1228 2068 1266 2112 an
1286 2057 1388 2112 coutrn
1409 2049 1462 2111 lal-

85 2158 179 2222 laxet
200 2160 357 2223 deminuta.
402 2160 512 2234 ombus
532 2161 784 2242 respondebimus,
807 2181 872 2225 earn
894 2161 979 2223 nobis
1002 2178 1149 2223 essenon
1171 2159 1351 2242 probabilem
1373 2158 1461 2221 modo

84 2269 135 2331 sed
157 2276 277 2333 mambae
296 2269 512 2345 indubitatam,
539 2268 701 2349 talemque,
732 2271 778 2331 cui
799 2269 868 2332 nibil
893 2270 968 2332 desit
989 2272 1052 2332 sive
1079 2271 1215 2333 idoneum
1238 2271 1301 2332 sive
1323 2286 1462 2331 necessa·

85 2379 156 2440 rium
177 2379 214 2441 ad
233 2378 321 2442 [idem
341 2377 518 2458 plerurriaac
539 2379 710 2443 faciendam.
753 2379 838 2452 onoc
858 2387 1014 2461 propterea
1031 2378 1252 2463 expendendum
1276 2386 1306 2440 et
1326 2396 1461 2441 seorsum

84 2487 317 2570 investigandum
340 2490 458 2566 censui,
480 2488 559 2569 quod
581 2488 701 2551 etmihi
723 2488 787 2569 ipsi,
809 2495 837 2549 et
859 2486 1025 2568 lectoribus,
1049 2497 1079 2551 et
1100 2507 1222 2552 caussae
1243 2488 1320 2551 banc
1341 2508 1389 2551 me
1411 2488 1462 2550 de-

85 2595 153 2660 bere
176 2617 280 2661 curum
301 2599 536 2661 exisb'maverim.
578 2597 682 2677 Neque
705 2599 782 2659 anim
807 2604 865 2660 tam
880 2614 980 2660 sumus
995 2597 1107 2675 felices,
1130 2606 1161 2660 ut
1174 2616 1234 2661 uno
1248 2598 1338 2661 veluti
1356 2599 1462 2660 mentis

85 2705 223 2787 rdspectu
251 2706 444 2787 exploratam,
474 2707 667 2788 liquidamque
696 2707 846 2769 raritatem
875 2724 1074 2787 assequamur.
1117 2707 1258 2788 Repetitis
1278 2725 1352 2787 opus
1375 2714 1421 2770 est
1434 2710 1459 2739 ¹⁸

85 2816 210 2889 rubas,
242 2815 389 2893 secundo,
419 2818 564 2897 tertioque
584 2816 752 2879 tentandum
774 2817 851 2878 idem
871 2823 930 2891 est,
951 2835 986 2879 ac
1007 2823 1065 2877 tum
1085 2816 1180 2879 solum
1201 2816 1327 2879 examini
1350 2834 1461 2896 ponen-

85 2923 136 2986 dus
163 2932 211 2988 est
239 2925 357 3004 modus,
383 2942 471 3004 quum
501 2924 579 3006 qaod
607 2925 691 2987 nobis
712 2927 860 3005 reperisse
882 2925 1030 3003 videmur,
1056 2923 1150 2987 semel
1170 2944 1205 2986 ac
1224 2941 1340 2987 rursum
1361 2925 1459 3001 limae,

86 3031 308 3115 reflectoatquc
335 3033 522 3097 subiecimus.
566 3034 677 3096 iteratis
708 3052 833 3114 namque
861 3036 939 3097 curis
963 3034 1142 3114 splendidius
1176 3036 1283 3097 veritas
1312 3034 1461 3111 enitescit,

85 3145 221 3208 ementita
241 3144 429 3225 deteguntur,
460 3144 545 3207 dubie
567 3151 739 3224 separantur
759 3164 776 3205 a
798 3145 903 3221 certis,
934 3142 1107 3224 ot'singulis
1134 3143 1298 3224 quibusque
1321 3160 1392 3205 suae
1413 3160 1462 3204 se·

85 3251 152 3329 des,
180 3254 286 3333 suique
317 3253 374 3315 loci
402 3251 611 3317 adscribuntur.
654 3252 803 3315 Debebnm
834 3270 909 3334 erqo
940 3251 1023 3329 mibi,
1054 3251 1197 3314 debebam
1219 3250 1377 3313 lectoribus
1404 3251 1463 3313 boc

85 3362 160 3440 quod
181 3360 221 3423 de
241 3360 412 3441 probatione
433 3362 494 3441 ipsa
515 3361 677 3442 pericrdum
698 3379 798 3442 sumo,
819 3360 964 3424 debebam
987 3368 1015 3423 et
1038 3380 1170 3440 caussae,
1193 3380 1268 3442 quae
1290 3377 1385 3441 quum·
1401 3380 1462 3422 ma-

82 3472 157 3533 xima
180 3472 232 3547 sit,
256 3478 286 3532 et
309 3472 549 3549 gravissimorum
571 3473 657 3551 origo
671 3475 697 3505 ¹⁰
723 3472 924 3549 dissidiorum,
947 3473 1102 3533 maximam
1123 3470 1250 3551 postulat
1272 3469 1459 3550 diligentiam.

191 3588 219 3641 5.
263 3579 308 3641 Ad
332 3597 418 3659 quam
445 3581 610 3643 accessisse
635 3581 768 3661 proxime
789 3581 968 3659 videbimur,
997 3582 1021 3641 si
1050 3557 1173 3641 nativam
1201 3579 1380 3662 probationis
1403 3582 1461 3643 vim

148 3810 191 3878 ¹³)
215 3809 278 3864 Scio
299 3809 413 3864 testibus
433 3824 485 3865 aon
508 3812 592 3867 minus
612 3826 689 3882 quam
708 3812 747 3866 in·
797 3801 1002 3882 iamdiuque,
1040 3806 1162 3864 inlaesus
1194 3805 1241 3862 καὶ
1274 3802 1462 3882 ἐπιλογισμόν,

82 3915 250 3985 strumentis,
272 3914 425 3971 Traditioue
446 3932 529 3987 aeque
550 3934 581 3972 ac
602 3900 746 3989 Scriptlris
796 3915 892 3987 quibus
919 3914 1057 3969 vocabulis
1079 3913 1106 3968 id
1127 3913 1292 3985 signillcuut,
1319 3914 1390 3987 qnod
1411 3928 1461 3970 nos

83 4036 149 4090 quae
171 4020 204 4075 ad
225 4021 430 4093 revelationem,
458 4022 586 4096 fidemque
611 4027 746 4095 spectant,
796 4022 837 4075 sin
856 4021 940 4076 minus
955 4020 1048 4092 latino,
1070 4021 1169 4074 usitato
1192 4024 1264 4073 certe
1285 4019 1392 4075 nomine
1411 4037 1461 4076 re-

83 4125 261 4197 comprobari.
303 4127 505 4199 inpraesentia
533 4135 618 4184 tamen
645 4128 746 4183 consti·
793 4126 943 4207 necionem
963 4139 1098 4180 vocamus.
1140 4124 1179 4179 Cl.
1196 4124 1331 4181 Petusium
1346 4126 1379 4181 de
1393 4127 1460 4199 Deo,

83 4237 165 4286 tutum
187 4232 249 4286 mibi
270 4239 320 4305 est,
341 4248 393 4288 non
416 4233 492 4289 aliter
509 4235 542 4289 ad
556 4239 648 4307 testes,
670 4250 745 4305 quam
796 4234 841 4289 lib.
860 4232 880 4287 l.
902 4248 959 4304 cap.
976 4231 1033 4288 vn.

84 4337 117 4391 ad
129 4337 279 4411 humanum,
293 4338 532 4412 gravissimumque
546 4354 657 4395 caussae
671 4347 756 4411 prae·¹

83 4442 178 4497 sidium
200 4458 356 4513 prouocare.
861 4443 903 4515 ¹⁵)
932 4441 1022 4512 Neque
1049 4440 1120 4495 eninr
1149 4441 1237 4512 inepte
1263 4441 1321 4511 qnis
1347 4440 1461 4515 diceret,

149 4548 191 4621 ¹⁴)
219 4546 296 4614 Quod
316 4566 369 4605 non
390 4552 553 4606 recentiores
581 4551 661 4606 modo
688 4551 747 4624 phi·
798 4548 831 4603 ad
851 4548 918 4603 banc
938 4547 971 4602 de
993 4547 1105 4619 primatu
1128 4546 1277 4602 doctrinam
1303 4546 1362 4601 sive
1387 4562 1462 4603 rece·

85 4653 189 4727 losoplri
212 4653 355 4727 inculcant,
382 4655 430 4710 sed
451 4656 570 4728 pluribus
592 4657 746 4730 iampridem
797 4662 868 4727 ptam
883 4654 941 4708 sive
955 4657 1078 4724 negatam
1098 4651 1197 4708 iontem
1222 4667 1395 4725 caussamque
1416 4671 1461 4710 ea-

86 4759 257 4832 explanarant
272 4760 400 4834 basilius,
421 4762 530 4832 eiusque
548 4763 629 4818 irater
648 4762 748 4832 Grego-
798 4777 854 4815 rum
882 4760 996 4814 omnium
1026 4758 1170 4814 lactionum
1200 4760 1337 4831 revocari,
1366 4760 1461 4832 quibus

86 4866 140 4919 rius
160 4882 305 4937 nyssenus,
333 4873 441 4938 uterquc
464 4867 488 4922 in
510 4870 599 4941 priore
620 4868 747 4924 adversus
798 4866 968 4921 christianum
1000 4880 1096 4920 nomen
1125 4865 1151 4919 in
1179 4870 1267 4935 pertas
1299 4864 1461 4937 discerptum

86 4969 242 5027 Eunomium
264 4971 345 5044 libro,
369 4972 414 5028 ubi
437 4989 451 5027 a
473 4975 566 5045 primis
587 4974 667 5029 animi
688 4990 748 5045 per·
798 4978 825 5027 et
843 4973 964 5028 ridemus
985 4977 1012 5026 ct
1032 4970 1211 5027 lamentamur.
1245 4969 1285 5025 Gi.
1300 4970 1459 5042 deblaistre,

88 5078 254 5149 captionibus
275 5084 352 5134 acute
372 5078 558 5151 subtiliterque
585 5079 750 5152 distinguunt
798 5077 838 5134 Da
858 5077 942 5155 l’rpe,
962 5076 1089 5135 Discours
1104 5073 1240 5157 *Prelimim
