3358 5400
613 344 761 413 CAPUT
800 344 922 411 xxlll.
1406 346 1470 407 itii

92 517 201 583 remini
224 534 355 581 comum
376 514 555 580 validissima
577 514 776 597 pmlligentun.
819 514 918 588 Quare
939 511 1023 575 sicuti
1043 510 1114 574 oriri
1135 511 1265 592 suspicio
1285 513 1400 593 nequit,
1429 531 1469 575 ne

7 706 9 729 ι
93 627 163 693 torte
186 647 222 692 ea
245 627 353 707 verba,
377 624 552 705 dicendique
574 622 714 688 formulas
735 623 841 687 Paulus
863 621 1013 704 selegerit,
1035 638 1112 702 quae
1134 622 1322 684 occasionem
1344 621 1469 684 creden-

7 2206 15 2463 l

91 735 144 799 dae
165 733 397 816 inaequalitatis
419 733 603 815 praeberent,
626 734 652 795 si
673 732 779 796 Christi
800 730 870 814 lege
890 730 1060 795 οιιιιιιιιιοαι
1082 737 1162 793 inter
1181 729 1335 810 apostolor
1356 752 1469 811 aequo·

90 842 167 909 litor
180 845 285 909 suisset
305 844 474 923 constituta;
498 844 537 905 ita
559 845 584 906 si
606 861 683 926 quac
701 842 778 924 apud
800 859 869 903 eum
883 841 1073 918 occurrerint,
1095 858 1172 922 quae
1194 839 1352 904 discrimen
1374 838 1470 922 digni·

90 955 150 1017 tatis
175 956 314 1033 innuero,
344 951 639 1035 inaequalitatemquc
667 951 835 1034 significare
858 949 1025 1027 videantur,
1059 956 1089 1012 et
1115 948 1245 1012 adnotari
1274 957 1410 1012 accurate
1439 957 1469 1012 et

91 1064 215 1145 expendi
236 1063 395 1145 diligenter
415 1059 533 1123 debent
576 1060 693 1124 Callatis
714 1077 803 1142 porro
824 1059 999 1122 testimoniis
1021 1075 1097 1140 quae
1119 1059 1148 1121 in
1163 1059 1296 1123 eiusdem
1318 1062 1471 1124 continen-

88 1179 132 1234 tur
151 1172 300 1254 epistolis,
322 1170 390 1233 talia
412 1187 482 1233 csse
503 1167 777 1254 deprehenduntur,
799 1175 832 1231 ut
854 1185 914 1231 non
936 1167 1107 1249 dignitatem
1128 1168 1226 1247 modo,
1249 1169 1303 1233 sed
1326 1173 1469 1253 potiorem

89 1284 173 1345 mam
193 1281 273 1345 Petri
295 1281 496 1360 auctoritatem
515 1278 725 1343 demonstrent.

190 1420 262 1478 iit).
304 1413 329 1476 E
350 1414 456 1497 quibus
478 1432 513 1476 ea
530 1413 636 1476 iuverit
657 1413 740 1476 initio
760 1410 896 1476 recolere
918 1429 995 1495 quae
1016 1414 1177 1494 superius²
1201 1414 1355 1496 attulimus,
1378 1434 1469 1499 quae-

87 1544 142 1608 que
161 1530 193 1589 in
215 1524 306 1608 priori
327 1523 364 1587 ad
380 1523 544 1588 Corinthios
567 1521 690 1603 epistola
711 1520 858 1603 leguntur.
902 1521 1029 1587 Scribit³
1053 1523 1147 1586 enim:
1190 1523 1287 1606 Λέγω
1310 1523 1347 1588 ii
1365 1522 1468 1602 τοῦτο,

86 1632 130 1697 ita
150 1638 285 1708 ἕκαστος
306 1629 397 1714 ὑμῶν
416 1633 511 1716 λέγει·
537 1625 601 1713 ἐγώ
623 1636 681 1714 μέν
703 1634 769 1714 εἰμι
791 1629 949 1696 Παύλου·
977 1627 1041 1714 e'yoi
1065 1630 1116 1708 ie,
1144 1630 1305 1697 Ἀπολλώ·
1336 1625 1400 1715 ἐγώ
1422 1632 1467 1709 δέ,

84 1740 204 1832 Κηφᾶ·
232 1738 296 1826 ἐγώ
328 1741 379 1820 δέ,
409 1742 561 1825 Χριστοῦ.
604 1743 661 1806 131⁴
696 1760 829 1806 rursum:
860 1739 904 1825 μή
933 1739 992 1806 onix
1019 1743 1137 1825 ἔχομεν
1156 1740 1302 1822 ἐξουσίαν
1327 1740 1468 1827 ἀδελφήν

85 1858 224 1936 γυναῖκα
245 1853 424 1934 περιάγειν,
452 1850 497 1928 ὠς
519 1852 572 1916 καὶ
592 1852 622 1916 oi
642 1852 746 1917 λοιποὶ
767 1848 956 1929 ἀπόστολοι,
986 1852 1041 1917 καὶ
1060 1853 1090 1917 οἱ
1112 1849 1249 1938 ἀδελφοὶ
1269 1854 1326 1917 τοῦ
1345 1852 1467 1934 κυρίου,

84 1966 135 2029 καὶ
155 1961 298 2049 Κηφᾶς,·
339 1960 408 2025 Ac'
433 1969 604 2042 praeterea:
627 1962 681 2027 καὶ
702 1960 752 2025 iio
773 1955 878 2047 ὤφθη
898 1957 1023 2047 Κηφᾷ,
1045 1959 1113 2028 εἶτα
1133 1966 1199 2038 τοῖς
1220 1961 1356 2028 δώδεκα.

190 2099 225 2162 ln
243 2098 289 2160 bis
310 2104 409 2160 autem
431 2097 489 2160 duo
511 2105 577 2161 sunt
598 2114 674 2177 quac
696 2113 768 2178 prae
783 2098 890 2160 ceteris
913 2104 1013 2161 extant
1030 2116 1066 2161 ac
1088 2097 1177 2163 veluti
1197 2099 1228 2160 ln
1249 2097 1353 2161 oculos
1372 2098 1470 2161 incur-
1567 2138 1569 2143 ·

83 2216 163 2272 runt:
192 2206 264 2271 illud
292 2208 432 2289 primum,
466 2204 645 2269 nobiliorem
672 2226 790 2287 semper
815 2205 917 2271 locum
944 2206 1063 2290 Cepbae
1091 2207 1216 2289 deferri,
1247 2208 1317 2271 illud
1346 2208 1469 2288 deinde,

86 2337 228 2381 ιιονιοοι
248 2334 284 2380 ac
306 2316 447 2380 distincte
468 2314 596 2398 Cepbarn
619 2315 803 2398 compellari,
826 2316 895 2379 dum
916 2317 1023 2398 reliqui
1043 2317 1168 2399 apostoli
1188 2324 1354 2383 universim
1374 2318 1470 2383 solum

84 2426 267 2509 infinitaque
287 2434 496 2489 memorantur.

191 2562 283 2646 Atqui
302 2563 377 2625 ratio
396 2570 442 2627 est
456 2563 511 2626 ista
525 2561 665 2643 loquendi
687 2561 724 2624 ad
739 2560 920 2625 efferendam
933 2561 1010 2626 Petri
1025 2564 1195 2646 dignitatem
1215 2556 1470 2645 opportunissima,

86 2682 115 2737 et
141 2674 179 2737 dc
208 2675 245 2736 iis
274 2671 370 2736 solum
396 2673 428 2734 in
454 2672 611 2753 scripturis
637 2674 743 2735 usitata
771 2672 820 2752 qui
848 2672 958 2734 ceteris
980 2673 1206 2744 antecellerent.
1242 2672 1348 2735 Unde⁶
1383 2671 1470 2735 illud:

85 2780 266 2867 Desuerunt
287 2780 325 2844 de
342 2788 449 2861 pueris
470 2779 575 2845 Dauid
592 2780 694 2845 decem
714 2789 745 2844 et
766 2802 875 2844 nouem
895 2786 973 2861 oiri,
1003 2760 1185 2899 ‘mm'
1213 2783 1268 2846 καὶ
1287 2779 1419 2859 Ἁσαήλ,
1440 2789 1471 2845 ei

87 2932 203 3000 Aaou:
231 2933 322 3011 idest,
351 2940 382 2996 et
402 2933 533 3014 inprimis
555 2933 647 3001 Asael
668 2942 789 3017 propter
811 2935 966 3017 egregiam
986 2935 1123 2997 virtutem
1150 2933 1257 3016 dignus
1280 2935 1329 3015 qui
1348 2939 1472 3015 proprio

85 3051 207 3109 ambre
228 3062 245 3105 a
268 3043 449 3126 reliquorum
471 3043 555 3106 turba
576 3051 793 3107 secerneretur.
836 3043 922 3117 buon
942 3052 974 3107 ut
996 3025 1140 3125 Vulgatus
1162 3045 1354 3124 exprimeret,
1386 3045 1473 3106 vertit

85 3162 217 3236 recepto
237 3150 346 3217 Aeaei.
389 3152 489 3216 Abbi*
521 3171 609 3215 uero:
635 3152 701 3216 Rex
721 3134 818 3216 amem
834 3152 974 3217 Salomon
999 3153 1144 3216 adamarit
1163 3152 1303 3217 mulieres
1326 3153 1471 3235 alienige·

86 3285 138 3330 nas
160 3264 277 3345 multas,
306 3258 592 3359 nii'lb·l't2·l'trt],
623 3262 676 3326 καλ
695 3254 750 3339 triu
768 3260 937 3344 θυγατέρα
956 3259 1091 3345 Φαραώ,
1105 3271 1144 3326 ἰι
1158 3261 1274 3385 filium·
1284 3259 1470 3340 Pharaonis,

87 3419 165 3483 illam
187 3417 324 3480 videlicet
342 3435 414 3499 prae
427 3415 550 3497 reliquis
571 3435 606 3479 aa
628 3414 716 3479 multo
739 3417 875 3478 maxime.
919 3412 955 3476 Et
975 3415 1005 3477 in
1019 3419 1123 3478 novo⁸
1149 3415 1353 3481 Testamenta:
1375 3408 1472 3482 Οἷοοι

87 3525 285 3606 (ἀπόστολοι)
313 3523 428 3600 πάντες
454 3515 534 3602 ἦσαν
565 3526 867 3609 προςκαρτιροῦυτες
897 3523 1113 3608 ὁμοθυμαδὸν
1141 3526 1178 3610 τῇ
1204 3529 1365 3611 apogeum]
1392 3528 1469 3591 καὶ*

87 3639 124 3721 τῇ
152 3633 270 3715 δεήσει,
299 3632 357 3699 σου
382 3634 508 3717 γυναιξι
536 3635 589 3699 καὶ
612 3636 727 3718 Μαρία
752 3638 790 3719 τῇ
816 3636 909 3719 μητρὶ
929 3636 987 3698 τοῦ
1004 3633 1124 3712 ’roonis
1151 3657 1221 3700 oum
1241 3636 1421 3702 mulieribus
1441 3645 1472 3702 et

88 3767 158 3811 cum
180 3742 287 3809 Morio
306 3753 405 3808 matre
426 3742 525 3825 Jesu,
546 3763 623 3828 quae
645 3748 720 3810 inter
741 3744 806 3808 illas
828 3744 900 3809 solis
921 3746 1013 3809 instar
1034 3746 1186 3810 emicabat

195 3891 265 3952 2⁷1.
307 3888 446 3952 damnem
467 3889 517 3970 qui
538 3889 624 3953 nobis
646 3890 752 3953 modus
773 3892 916 3971 suppetit,
946 3907 1005 3971 quo
1028 3889 1106 3953 illius
1128 3898 1258 3953 mentem
1282 3892 1473 3954 sententiam·

7 4008 9 4099 ζ
89 4015 149 4079 que
169 4014 370 4078 assequamur,
393 3997 431 4060 de
444 3999 527 4061 cuiue
541 3999 764 4081 interpretandis
782 4000 898 4079 scriptis
913 4019 1013 4063 curam
1031 3997 1187 4083 gerimusi
1209 4016 1268 4062 non
1289 3999 1364 4063 alius
1385 4018 1473 4081 quanr

7 4120 9 4133 ’
90 4124 179 4188 quem
200 4109 286 4189 signa
306 4104 452 4187 praebent
470 4124 547 4188 quae
567 4107 617 4170 ille
637 4108 768 4187 adhibet,
797 4126 832 4170 ac
853 4108 996 4173 formulae
1017 4109 1145 4174 offerunt
1165 4127 1239 4192 quas
1260 4116 1388 4190 usurpat
1430 4108 1473 4172 Ea

90 4223 187 4278 autem
209 4216 294 4297 signa
316 4213 445 4277 adhibuit
465 4215 579 4297 Paulus,
600 4219 698 4300 iisque
717 4216 849 4281 formulis
870 4236 952 4295 usus,
965 4226 1019 4299 est,
1042 4238 1119 4303 quae
1143 4220 1171 4281 vi
1194 4219 1250 4313 sibi
1271 4222 1364 4299 insita,
1386 4236 1473 4282 rece·

90 4332 196 4407 piaque
218 4323 433 4407 significatione
453 4324 530 4389 illius
546 4326 758 4410 excellentiam,
781 4328 1011 4412 dignitatemque
1030 4329 1209 4410 praeierunt,
1232 4332 1278 4393 cui
1300 4330 1472 4393 tribuuntur.

92 4547 176 4619 prlcrl
201 4547 236 4603 ad
263 4546 416 4605 Coriuiffioa
446 4548 577 4624 epistola,
609 4565 642 4607 ac
668 4566 702 4606 cx
729 4567 761 4608 ea
862 4519 984 4626 ⁴⁵)1bid.
1005 4546 1064 4609 XV.
1086 4554 1114 4609 5.

92 4667 170 4723 quam
191 4653 225 4710 ad
246 4652 353 4710 delatas
374 4654 457 4713 dedit.
866 4680 895 4758 ι)
916 4683 948 4739 ῃ,
963 4683 1028 4755 ρος,
1049 4683 1082 4739 11·
1104 4683 1151 4741 30·

151 4791 180 4866 ²)
199 4808 243 4848 ¹¹¹¹·
266 4790 332 4850 ¹48·
353 4809 428 4869 aeos·
866 4813 896 4889 i)
916 4812 961 4870 111.
976 4814 1042 4887 aeg.
1063 4815 1109 4872 xa
1132 4815 1158 4873 1.

152 4928 339 5006 ³)tcor.1.
364 4932 410 4993 12.
867 4943 896 5020 ⁸)
916 4944 977 5002 λοι.
998 4945 1018 5002 l.
1041 4944 1087 5002 14

152 5068 180 5146 ⁴)
200 5069 266 5129 toti.
287 5071 333 5129 lli.
355 5076 382 5130 5.
435 5081 441 5096 ·
496 5080 499 5087 ’
866 5074 895 5151 ’)
914 5075 1046 5145 vulgatos
1066 5088 1120 5132 nen
1139 5073 1206 5145 legit
1225 5067 1272 5127 καὶ
1290 5062 1327 5145 τῇ
1345 5058 1442 5140 δεήσοι.
