3266 5416
608 324 753 392 CAPUT
794 325 850 389 111.
1379 331 1418 389 13

148 498 195 556 17.
234 493 334 568 Quum
354 494 452 576 itaque
477 495 509 556 in
533 493 603 575 ipsis
625 495 711 557 etiarn
734 492 924 556 conciliomm
945 493 1059 556 iudiciis
1081 500 1168 575 atque
1189 495 1340 557 sententiis
1362 494 1417 557 alia

46 604 78 665 sit
97 600 274 667 delinitionis
297 606 388 684 ratio,
411 611 441 667 et
461 603 516 666 alia
538 621 659 684 eorum,
692 622 766 685 quae
787 601 1002 683 antecedendo,
1031 603 1210 683 comitando,
1242 602 1290 665 vel
1314 603 1417 666 subse·

46 712 156 792 quendo
179 711 383 776 definitionem
407 714 620 796 communiunt,
641 714 771 777 sinemus
793 732 831 776 ne
851 720 882 775 ut
903 712 978 776 haec
1000 711 1165 793 distinctio,
1196 731 1284 793 quum
1306 714 1344 776 de
1366 713 1418 776 do-

47 822 130 884 ctrina
144 821 326 885 Traditionis
340 823 444 904 egitir,
466 822 629 886 inconsulto
652 842 686 886 ac
707 831 819 886 temere
839 819 1030 905 negligatur?
1051 823 1180 885 sinemus
1201 841 1239 885 ne
1259 830 1290 885 ut
1312 822 1416 885 eodem

44 928 198 993 habeantur
216 949 362 1011 numero,
389 930 457 993 hinc
476 932 554 1013 quod
575 935 703 996 unanimi
724 931 890 997 lbaditione
912 934 1068 1014 asseritur,
1098 933 1166 997 inde
1186 951 1259 996 vero
1281 934 1359 1013 quod
1380 932 1417 996 ad

47 1040 252 1104 conciliandam
275 1043 405 1104 unanimi
426 1043 589 1105 sententiae
610 1041 697 1105 fidem
718 1039 896 1105 adhibetur?
918 1050 1004 1123 atque
1019 1041 1094 1105 adeo
1107 1043 1248 1121 sinemus,
1271 1042 1416 1105 uteadem

45 1150 200 1213 sententiae
223 1169 262 1212 ac
284 1150 488 1233 probationum
513 1153 694 1215 existimetur
717 1153 891 1231 auctoritas,
920 1154 957 1215 ita
977 1160 1008 1214 ut
1031 1154 1056 1215 si
1076 1152 1179 1216 harum
1202 1151 1276 1214 sorte
1298 1152 1342 1214 vis
1364 1150 1415 1214 de·

44 1257 156 1340 lecerit,
184 1259 264 1321 illius
295 1278 412 1341 quoque
435 1260 525 1322 robur
547 1280 581 1324 ac
603 1260 721 1325 firmitas
744 1258 863 1325 iaceati
890 1268 1077 1344 praepostera
1105 1261 1180 1324 haec
1212 1260 1288 1323 ieret
1316 1262 1415 1323 'rerum

44 1366 202 1430 dissitarum
222 1370 421 1451 perturbatio,
453 1388 512 1433 non
534 1372 627 1434 minus
649 1372 713 1433 viro
732 1371 873 1454 theologo
895 1372 1028 1453 indigna,
1054 1389 1140 1451 quam
1165 1371 1286 1452 periculi
1307 1372 1415 1454 plenis·

43 1478 117 1539 sima
161 1477 369 1543 subvertimus
391 1497 464 1561 ergo
488 1498 689 1563 quaecumque
711 1483 807 1545 omnia
828 1500 865 1545 eo
880 1481 1002 1544 consilio
1024 1479 1238 1562 disputavimus,
1261 1488 1292 1543 ut
1305 1482 1414 1545 intesti-

44 1589 284 1652 humunculum
316 1590 553 1671 ostenderemus,
582 1609 639 1672 quo
667 1609 732 1654 cum
761 1591 934 1654 'l’raditionis
966 1591 1109 1652 sententia
1137 1588 1174 1652 de
1203 1593 1414 1681 praerogativis

44 1694 123 1778 Petri,
146 1698 274 1780 eiusque
297 1717 433 1780 suprema
454 1701 633 1781 auctoritate,
657 1708 735 1763 certa
757 1700 900 1782 quaedam
920 1698 1074 1761 bibliomm
1096 1699 1238 1780 expositio
1254 1699 1412 1763 cohaeret:

47 1811 100 1867 tum
120 1825 195 1888 quac
216 1827 254 1871 ea
278 1817 379 1874 mente
399 1811 613 1892 praestituimus
635 1818 667 1873 ut
688 1811 879 1891 doceremus,
902 1828 976 1892 quae
998 1807 1138 1890 sullragio
1157 1807 1331 1872 Traditionis
1352 1816 1414 1873 rata

45 1932 106 1979 esse
126 1918 273 2000 videntur,
299 1919 401 1983 eadem
423 1920 509 1983 dubia
529 1939 564 1983 ac
585 1921 670 1983 etiam
693 1920 764 1983 salsa
786 1921 853 1983 duci
873 1927 1026 2002 oportere,
1048 1920 1073 1982 si
1096 1918 1184 1982 fallax
1205 1917 1291 1981 buerit
1310 1919 1414 1982 biblio·

45 2042 104 2088 rum
124 2028 338 2111 interpretatio,
360 2049 377 2092 e
399 2048 455 2112 qua
477 2031 678 2113 colligebatur.

147 2143 193 2200 18.
226 2137 435 2202 Difficultatem
456 2141 587 2222 exposui,
610 2159 666 2203 nec
689 2157 791 2203 eorum
811 2138 966 2220 quidquam
987 2140 1089 2202 tacitus
1110 2141 1257 2221 praeterii,
1280 2159 1355 2222 quae
1376 2141 1413 2204 ad

46 2244 117 2308 illam
144 2249 393 2331 amplificandam,
426 2248 679 2331 roborandamque
705 2248 911 2312 conducerent.
954 2249 1013 2314 Sed
1034 2267 1072 2312 ne
1092 2267 1296 2332 commovear,
1327 2259 1357 2314 et
1376 2251 1413 2315 ab

49 2372 89 2433 ea,
110 2375 194 2437 quam
216 2360 391 2442 complexus
412 2379 493 2441 sum,
522 2361 663 2423 sententia
687 2358 851 2440 discedam,
878 2376 932 2422 sua
953 2358 1061 2422 iaciunt
1082 2360 1250 2424 auctoritate
1272 2361 1412 2444 theologi,

48 2462 118 2543 iique
138 2486 198 2531 non
218 2471 325 2552 pauci,
352 2468 406 2532 sed
426 2468 558 2551 plerique
580 2488 699 2545 omnes,
728 2487 824 2549 neque
846 2468 990 2530 minorum
1012 2468 1158 2532 dumtaxat
1179 2472 1328 2551 gentium,
1358 2473 1413 2535 sed

51 2574 184 2659 principes
205 2598 327 2662 quoque
349 2598 384 2641 ac
405 2578 583 2642 nobilissimi.
625 2578 719 2641 Nemo
751 2582 828 2641 enim
857 2596 959 2641 eorum
988 2586 1053 2659 est,
1087 2579 1135 2661 qui
1158 2580 1186 2640 in
1208 2580 1352 2644 versanda
1375 2580 1412 2644 de

50 2681 170 2767 punctu,
192 2690 434 2769 ornamentisque
454 2687 530 2751 Petri
552 2692 761 2771 controversia,
782 2706 843 2751 nou
864 2706 967 2750 omnes
988 2686 1143 2750 intenderit
1165 2689 1252 2769 vires,
1273 2698 1305 2752 ut
1325 2690 1373 2753 illa
1394 2710 1411 2753 e

55 2787 193 2873 scripturis
216 2806 347 2880 erueret,
370 2806 399 2862 et
420 2798 632 2880 scripturarum
653 2800 822 2862 auctoritate
845 2800 973 2880 inprimis
994 2796 1143 2860 stabiliret
1179 2797 1260 2861 llanc
1279 2800 1411 2881 prolecto

58 2897 136 2964 iniere
154 2908 230 2971 nam
254 2910 410 2972 caietanus
431 2910 459 2971 in
481 2909 728 2991 disputationibus,
751 2924 823 2988 quas
848 2905 885 2969 de
905 2905 932 2967 b.
954 2905 1055 2985 Petro,
1082 2909 1269 2989 romanisque
1291 2928 1411 2990 praesu·

56 3004 119 3073 libus
137 3015 240 3100 edidit,
272 3018 368 3081 Canus
390 3020 418 3081 in
440 3026 524 3082 sexto
546 3018 583 3081 de
604 3018 709 3099 Locis,
739 3015 902 3098 Gregorius
924 3016 960 3078 de
982 3014 1113 3078 Valentia
1135 3018 1165 3079 in
1186 3021 1410 3101 commentariis,

57 3133 105 3196 tut
122 3132 230 3203 partem
253 3127 413 3191 secundam
438 3127 586 3191 secundae
606 3129 695 3210 partis
718 3127 853 3191 Summae
875 3125 1074 3208 Theologicae
1095 3130 1255 3209 ammovit,
1278 3129 1411 3193 Francis·

57 3243 100 3290 ιιι
123 3231 239 3301 Suarius
268 3239 298 3300 in
325 3239 450 3320 egregio
478 3255 569 3319 opere
598 3238 777 3302 defensionis
805 3256 859 3320 pro
887 3235 943 3299 fide
972 3235 1132 3319 catholica,
1160 3236 1352 3300 Bellarminus
1383 3246 1411 3300 et

58 3442 182 3526 dehnimt,
215 3454 297 3511 alicui
328 3454 409 3510 effato
437 3461 536 3512 certam
563 3456 703 3529 quamdam
752 3456 916 3529 propositum
953 3457 1064 3529 prolatis
1100 3472 1237 3513 sacrorum
1276 3461 1410 3512 auctorum

59 3550 210 3621 significandi
230 3566 390 3634 poteststem
410 3563 515 3639 inesse,
538 3578 628 3619 verum
649 3569 703 3618 tum
752 3562 911 3618 testimoniis
938 3563 980 3618 vel
1007 3564 1176 3639 confirmant,
1196 3564 1240 3620 vel
1260 3563 1410 3619 confirmari

60 3658 130 3717 etiam
148 3664 253 3743 obltqne
273 3674 430 3740 proponunt,
451 3648 528 3741 quum
550 3675 702 3741 argumenta
750 3682 832 3741 posse
857 3671 1045 3744 pronuntiant,
1072 3669 1232 3727 tantumdem
1262 3675 1409 3743 praestant,

61 3776 89 3818 ιι
106 3769 191 3828 codem
210 3776 290 3831 dacto
311 3774 338 3829 id
359 3774 522 3849 confirmant,
543 3775 614 3847 quod
634 3775 702 3830 iortc
751 3789 782 3828 ac
807 3775 831 3829 si
852 3792 978 3847 expresse
997 3776 1091 3833 horum
1114 3778 1324 3834 testimoniorum
1348 3791 1409 3831 sen-

60 3866 298 3938 iumnuoversism
310 3869 433 3936 venerit?
453 3880 506 3936 hoc
519 3897 603 3953 neque
614 3880 701 3954 docet,
750 3896 807 3936 sum
834 3880 999 3939 definiemu‘
1047 3882 1128 3955 Atqui
1154 3884 1180 3938 iu
1207 3883 1257 3937 hac
1277 3898 1354 3954 quam
1375 3880 1408 3937 de

61 3987 132 4049 “tque
161 3986 216 4043 beri
252 3992 358 4061 poterat
396 3992 424 4043 ut
453 3986 571 4043 doceret.
621 3986 701 4057 Nam,
725 4020 727 4023 ν
750 3989 944 4059 praerogativis
970 3988 1040 4044 l’etri
1066 3990 1199 4060 agitamus
1219 3987 1410 4061 controversia,

63 4094 118 4150 quae
139 4098 178 4146 est
200 4094 232 4150 cl.
257 4093 359 4151 Patritii
388 4094 441 4167 (De
467 4096 600 4167 interpret.
621 4094 700 4150 litter.
750 4093 840 4150 Patres
860 4110 912 4151 uno
933 4110 994 4168 ore,
1027 4094 1205 4167 concordique
1224 4095 1353 4151 sententia
1375 4093 1410 4150 ad

63 4198 119 4244 sacr.
148 4194 191 4253 bb.
221 4198 242 4256 l.
276 4216 335 4274 cap.
356 4201 389 4258 V.
424 4219 450 4257 n.
477 4200 558 4273 103.)
585 4199 702 4256 animad-
751 4214 797 4257 eas
817 4199 935 4274 tuendas,
956 4200 1201 4273 confirmandaeque
1221 4200 1299 4256 certis
1314 4199 1410 4255 biblio·

60 4297 147 4372 vasto,
166 4307 268 4376 quoties
288 4307 421 4382 Consilia,
442 4307 591 4380 Pontifices,
611 4305 702 4361 Patres
750 4321 806 4361 runt
832 4307 991 4362 testimoniis
1016 4313 1129 4363 ιιιιιιιιιιι.
1178 4307 1320 4364 Declarant
1343 4321 1409 4377 ergo

63 4397 165 4473 alliun
193 4413 298 4486 aliquod
331 4413 421 4469 verbis
453 4404 621 4477 αὗθιηυιῶς
647 4418 701 4468 trs·
749 4413 968 4484 significationem
990 4414 1024 4469 iis
1044 4413 1164 4489 subesse,
1184 4430 1236 4487 qua
1253 4412 1321 4469 Petri
1333 4427 1409 4485 prae-

65 4500 127 4583 dont,
149 4531 198 4575 nou
222 4520 286 4577 illud
310 4519 391 4576 veluti
415 4519 477 4593 quid
504 4535 601 4575 novom
627 4517 701 4573 effla·
749 4520 888 4590 rogativae
921 4520 1134 4592 comprobentur.
1198 4518 1252 4576 Sed
1286 4525 1409 4575 constans

64 4619 128 4688 thul,
152 4625 196 4681 sed
215 4625 257 4683 vel
276 4628 461 4699 exscriptoris
477 4623 701 4694 sacriscolliguut
750 4632 827 4699 atque
847 4620 1003 4683 universalis
1024 4626 1058 4682 de
1078 4627 1294 4698 interpretatione
1312 4625 1410 4681 biblio·

66 4715 100 4771 vel
116 4737 145 4779 ex
164 4728 279 4788 doctrina
301 4749 316 4787 a
338 4733 483 4790 maioribus
506 4731 613 4802 tradita,
634 4745 699 4804 qno·
748 4747 805 4788 rum
827 4732 974 4789 al'atribus
994 4733 1067 4790 edita
1087 4731 1233 4789 declaratio
1254 4730 1333 4787 lallm
1349 4746 1410 4786 esse

66 4833 111 4880 run
133 4836 198 4902 prius
223 4845 252 4894 ιιι
277 4840 342 4894 citro
369 4856 485 4897 errorem
513 4839 625 4912 iaciant,
652 4853 706 4919 rae-V
748 4852 801 4893 nou
836 4843 933 4910 potest
990 4838 1116 4895 l’robatio
1146 4854 1212 4909 ergo
1245 4837 1409 4911 praerogati-

68 4938 127 4989 ⁰²⁸⁸0
148 4949 196 5017 ast,
222 4950 250 5001 ut
275 4944 416 5002 verbomm
446 4961 540 5002 sensus
566 4949 639 5001 certo
665 4942 699 4998 ab
748 4957 839 4997 varum
851 4941 921 4998 Petri
934 4959 949 4999 e
963 4944 1054 5001 bibliis
1068 4945 1205 5014 desumpto
1219 4942 1408 5009 eminentiora,

68 5028 228 5126 iitteoentur,
253 5050 380 5129 ideoque,
407 5067 486 5127 quum
514 5051 613 5123 dogma
634 5066 650 5106 a
670 5065 701 5105 se
748 5047 903 5120 unamque
921 5049 1051 5119 suffragio
1072 5046 1222 5103 firmissime
1241 5040 1380 5097 stabilitur.
