3258 5400
662 198 806 268 CAPUT
846 201 923 267 XX.
1421 212 1481 273 165

91 369 172 434 nitus
193 367 340 434 inductam
359 367 532 452 ostendunt,
558 368 745 436 nihilominus
768 373 817 455 qui
837 372 922 438 aliter
943 374 1111 457 opinantur,
1138 374 1332 458 triumphasse
1357 376 1413 443 sihi
1436 379 1480 443 vi-

92 480 210 561 dentur,
233 497 323 562 quum
337 499 414 562 quae
428 480 548 545 historia
561 480 652 546 reicit
666 485 693 517 '‘
718 482 756 547 de
770 483 896 547 dissidiis
912 483 1069 548 meletiano
1089 491 1120 547 et
1132 486 1271 549 acuciano
1287 494 1479 569 congessere.

91 588 153 653 Fac'
175 589 214 652 de
236 590 300 653 iure
321 596 439 672 agatur,
469 608 528 673 quo
551 590 734 671 penctpdta
757 590 885 656 ecclesio
899 597 928 628 ²⁵
952 593 1161 677 appellationes
1183 613 1222 679 ex
1240 596 1381 659 universo
1402 596 1480 661 chri·

93 701 192 763 stiano
212 698 286 762 orbe
307 700 427 782 recipit,
450 718 628 783 caussasque
651 700 698 765 vel
718 703 843 784 primum
865 703 986 783 iudicat,
1017 702 1065 767 vel
1086 702 1225 768 iudicatas
1244 713 1390 770 retractat
1432 707 1480 771 ln·

92 812 260 873 nnmem’⁸
294 818 362 874 sunt
391 829 466 894 quae
500 810 626 874 divimm
659 813 741 875 istius
773 812 844 875 iuris
874 815 1019 895 originem
1049 810 1232 894 patefaciunt
1286 814 1480 881 Nihilominus

95 919 205 1003 quihus
226 920 281 984 alia
301 921 408 986 insedit
429 923 537 1003 opinio,
557 919 588 984 hi
607 939 672 984 rem
695 923 810 1004 penitus
831 920 994 986 coniectum
1017 924 1198 1004 existimant,
1220 925 1246 988 si
1267 924 1359 1009 litigia
1382 927 1480 990 orien-

94 1028 197 1093 talium
218 1048 285 1094 cum
306 1030 397 1110 tutio,
428 1039 457 1094 et
483 1029 716 1112 carthaginensis
736 1031 840 1114 synodi
869 1050 935 1094 cum
961 1032 1079 1096 Zosimo
1105 1035 1266 1099 retulerint.
1308 1036 1340 1099 ln
1362 1043 1480 1101 contro·

94 1143 225 1204 versiam
247 1142 344 1205 veniat
359 1139 528 1222 plenissima
549 1142 716 1222 auctoritas,
738 1159 795 1223 qua
818 1141 895 1206 Petri
915 1161 1107 1207 successores
1131 1143 1258 1208 decretis
1281 1145 1382 1227 editis,
1404 1146 1480 1229 legi·

94 1251 212 1332 hosque
238 1250 304 1314 latis
334 1251 435 1312 nnimti
466 1250 637 1333 religionis,
673 1251 902 1334 disciplinaeque
931 1254 1088 1336 integritati
1114 1255 1301 1336 prospiciunt.
1349 1256 1479 1343 Quisque

95 1363 194 1425 cernit
215 1358 327 1423 facilius
349 1378 417 1423 esse
438 1360 566 1441 ipsorum
589 1363 743 1444 primatum
764 1361 952 1442 subvertere,
982 1381 1069 1444 mam
1090 1361 1167 1425 hano
1187 1362 1244 1427 iilis
1267 1366 1479 1447 auctoritatem,

95 1489 135 1536 eo
157 1487 319 1548 concesso,
349 1469 509 1552 denegare.
552 1470 689 1534 Attamen
709 1489 768 1534 non
789 1489 898 1554 paucos
916 1473 1064 1553 reperies,
1091 1472 1195 1555 quihus
1216 1480 1247 1536 ut
1269 1472 1354 1538 aliter
1374 1473 1479 1539 decer·

95 1591 185 1665 nant,
213 1579 328 1645 munde
353 1586 414 1662 est,
443 1580 522 1662 quod
549 1579 716 1665 Polycrates
738 1580 862 1663 Victori,
890 1580 1072 1645 Firmilianus
1100 1589 1129 1645 et
1150 1584 1308 1666 Cyprianus
1330 1583 1478 1666 Stephano

95 1712 159 1758 non
179 1691 390 1774 adquieverint

206 1807 276 1865 234.
318 1800 520 1882 lmpmdenter
541 1801 677 1881 ommno,
704 1819 742 1865 ne
764 1801 897 1865 acerbius
920 1803 1030 1885 loquar.
1072 1801 1184 1884 Ecquid
1206 1805 1284 1868 enim
1303 1823 1362 1884 per
1381 1824 1417 1866 ae
1436 1802 1479 1866 ia·

97 1923 145 1979 cta
166 1907 311 1996 probanti
338 1908 407 1973 nihil
428 1910 529 1992 plane,
558 1912 613 1973 nisi
642 1913 716 1974 iusta
737 1911 844 1975 fuerint
871 1932 906 1976 ac
927 1912 1065 1995 legitima.
1107 1914 1221 1978 lustitia
1242 1932 1317 1998 ergo
1339 1921 1369 1976 et
1389 1911 1479 1977 lacto·

95 2044 162 2090 rum
183 2023 316 2106 aequitas
338 2018 564 2084 demonstranda
584 2020 709 2102 primum
723 2023 749 2054 ²⁷
766 2030 853 2104 ·erat;
887 2030 948 2086 tam
969 2023 1039 2105 quid
1062 2042 1101 2086 ex
1122 2025 1156 2087 iis
1180 2031 1261 2088 esset
1280 2039 1478 2108 consequens,

95 2132 342 2217 investigandum.
1404 2210 1409 2215 ¹

205 2242 265 2309 Sed
292 2261 327 2305 ea
354 2242 501 2322 praesumi
527 2240 657 2323 legitima
682 2260 742 2305 non
763 2242 908 2306 immerito
927 2249 1097 2325 potuerunt,
1126 2243 1205 2327 quod
1231 2243 1363 2328 proiecta
1385 2242 1421 2305 ah
1443 2243 1479 2305 iis

96 2357 170 2433 sint,
199 2353 249 2435 qui
278 2352 384 2416 eximia
411 2353 541 2434 pietatis,
574 2354 793 2436 sapientiaeque
825 2352 911 2416 laude
941 2352 1100 2417 floruerint
1143 2353 1231 2428 Quasi
1259 2372 1331 2418 vero
1359 2370 1478 2432 omnes,

95 2481 172 2547 quoa
193 2463 506 2543 commemoravimus,
532 2461 578 2525 his
606 2464 784 2527 ornamentis
813 2464 968 2546 insigniter
989 2463 1159 2527 claruerint:
1189 2465 1366 2546 quasivero
1389 2459 1477 2525 etde

1 2637 2 2648 ,
94 2575 132 2638 iis
153 2573 203 2655 qui
224 2572 367 2654 claruere,
387 2572 592 2655 inquirendum
606 2591 666 2637 non
678 2580 857 2656 superesset,
880 2592 916 2636 an
937 2593 973 2634 eo
986 2580 1106 2636 nomme
1128 2576 1230 2656 sancti,
1252 2593 1290 2638 an
1311 2594 1346 2636 co
1359 2577 1479 2636 nomine

1 4717 2 4740 i
98 4682 297 4757 pollutionibus.

1 2677 2 2684 '
93 2682 186 2747 hahiti
205 2684 353 2764 sapientes
373 2681 496 2764 luerint,
518 2684 598 2766 quod
619 2684 666 2749 illa
688 2687 812 2768 egerint,
834 2700 910 2766 quae
932 2701 971 2745 ex
990 2682 1129 2747 historiae
1151 2684 1337 2747 monimentis
1359 2681 1479 2744 obiicie-

93 2793 209 2857 hantur.
253 2791 300 2855 An
325 2791 436 2855 idcirco
456 2793 638 2858 Firmilianus
659 2802 790 2874 sanctus,
819 2793 898 2875 quod
919 2792 1067 2875 Stephano
1087 2790 1281 2875 repugnariti
1310 2811 1348 2855 an
1368 2791 1478 2855 idcirco

94 2902 231 2966 ileletius
258 2902 441 2965 orientalium
467 2904 671 2985 episcoporum
697 2902 804 2982 decus,
833 2902 914 2986 quod
941 2903 1154 2965 commmiionis
1183 2900 1283 2966 literas
1314 2900 1478 2965 aDamaso

95 3031 156 3077 non
177 3009 348 3095 acceperiti
368 3012 435 3076 talia
457 3012 533 3076 haec
553 3020 620 3076 sunt
641 3030 718 3094 quae
738 3009 912 3093 cruentos
933 3013 1059 3074 maxime
1073 3010 1223 3074 hominem
1245 3010 1283 3075 ad
1302 3013 1393 3074 risum
1415 3027 1479 3073 mo·
1524 3026 1529 3035 ’

95 3129 193 3187 veant.
237 3121 473 3187 Concludendum
496 3123 666 3205 igiturest,
694 3129 755 3184 tum
777 3121 872 3184 solum
894 3123 970 3184 inter
995 3120 1160 3185 adiumenta
1183 3137 1305 3183 caussae
1325 3117 1401 3181 iacta
1423 3119 1479 3182 rite

96 3234 230 3313 censeri,
258 3250 347 3314 quum
370 3251 405 3295 ea
433 3230 482 3294 vel
500 3230 631 3314 legitima
653 3249 720 3294 esse
741 3249 795 3312 per
814 3248 849 3293 se
877 3237 1007 3311 constat,
1035 3229 1083 3293 vel
1098 3229 1170 3318 ‚duci
1191 3229 1320 3313 legitima
1342 3236 1479 3310 oportere

96 3342 212 3409 idoneis
232 3341 393 3405 rationihus
413 3341 627 3424 comprobatur.

203 3457 274 3513 235.
316 3451 352 3514 Ut
373 3459 470 3516 autem
490 3469 528 3515 eo
550 3468 718 3516 sermonem
738 3466 915 3513 revocemus
931 3448 1009 3512 unde
1030 3450 1170 3532 landsper
1191 3448 1377 3529 dederimus,
1399 3449 1478 3531 iacti,

96 3564 180 3626 conius
200 3561 335 3624 Lucas‘²⁸
359 3563 504 3642 meminit,
532 3561 634 3644 aliam,
661 3579 785 3644 eamque
815 3557 1046 3621 commodiorem
1066 3560 1335 3640 interpretationem
1357 3559 1478 3622 exhihe-

96 3673 202 3737 himus.
245 3671 343 3753 ltaque
364 3671 414 3735 lex
435 3672 511 3736 nulla
527 3680 616 3755 vetat,
633 3672 709 3737 nulla
729 3669 911 3736 consuetudo
932 3669 1076 3752 prohibet,
1098 3669 1252 3751 quominus
1273 3676 1355 3734 intra
1377 3679 1477 3734 certos

91 3780 191 3864 pines,
214 3781 369 3863 aequales,
392 3784 559 3847 minoresve
581 3782 673 3846 abiis
695 3783 745 3865 qui
764 3787 914 3862 praesunt,
935 3797 1038 3842 eorum
1060 3796 1135 3859 quae
1153 3780 1311 3861 gesserint,
1333 3797 1477 3860 caussam,

161 3985 208 4061 ²⁴)
229 3985 269 4041 Gi.
290 3985 359 4041 Petri
379 3984 514 4042 Ballerinii
535 3987 707 4060 sppendicem
728 3988 762 4044 ad
811 3982 1032 4058 comprobantnr3
1061 3999 1109 4056 per
1138 3999 1184 4055 se,
1216 3985 1335 4056 citraque
1365 3998 1478 4040 examen

98 4091 166 4166 §.t
195 4091 292 4165 capitis
312 4091 357 4148 xl.
385 4092 477 4164 operis
497 4093 635 4165 inscripti:
674 4094 715 4151 De
734 4096 762 4150 vi
812 4089 932 4160 legitima
965 4089 1104 4146 hahentur.
1158 4088 1202 4145 Ad
1234 4089 1329 4145 horum
1363 4089 1478 4146 classem

97 4200 252 4255 strattone
272 4197 411 4254 Primatns.
812 4194 883 4250 iacta
903 4196 1050 4269 pertinent,
1076 4211 1144 4269 qnae
1164 4196 1260 4251 merito
1280 4195 1412 4252 ecclesiae
1432 4211 1478 4251 cs·

161 4320 208 4396 ω)
228 4320 286 4377 qo,
310 4321 387 4378 mulo
411 4335 519 4378 mmm
540 4323 653 4380 πάθῃ,
675 4341 690 4379 „
711 4324 763 4397 0„
812 4301 928 4358 thelicae
947 4302 1104 4358 tribuuntur.
1145 4301 1295 4360 lilis,enim
1315 4301 1364 4360 liei
1385 4308 1478 4359 sucto-

97 4429 193 4501 pflmo
214 4428 364 4501 mquam
383 4429 534 4502 jngqgnqqm,
812 4409 877 4465 ritas
908 4411 1111 4483 patrocinatur,
1148 4424 1227 4481 quum
1261 4426 1347 4483 neqm
1379 4410 1476 4466 orsu·

811 4516 938 4588 seriptum
959 4517 1005 4588 sit,
1026 4532 1092 4572 eece
1111 4530 1162 4590 epo
1177 4514 1317 4573 schism
1335 4532 1395 4573 mn
1414 4531 1476 4573 cm·

649 4578 763 4653 Ml
811 4621 890 4678 esem
921 4621 1191 4697 comunem
1218 4624 1476 4681 mmm

811 4728 936 4800 mccii,-
965 4743 1049 4801 neque
1074 4728 1171 4784 frustra
1205 4729 1232 4786 in
1258 4729 1383 4800 spmholo
1412 4744 1476 4802 pro-

161 4832 207 4905 ²¹)
227 4830 266 4888 Es
286 4833 357 4889 enim
378 4833 517 4891 demunt
536 4834 623 4908 iacta,
651 4850 762 4909 quornm
813 4835 950 4906 hteamnr,
970 4835 1056 4891 credo
1075 4842 1200 4892 monn
1219 4836 1375 4895 occisum,

97 4936 170 4994 Deus
200 4944 242 4995 est
271 4943 382 5014 auctor,
422 4954 525 5012 quaeve
553 4939 603 4999 Dei
631 4940 764 5014 suminio
875 4940 922 5015 ²⁸)
941 4938 1002 4994 Act
1023 4939 1068 4995 XL
1088 4939 1188 4996 2—3.

160 4576 207 4652 ²⁸)
229 4576 268 4633 ci.
290 4576 434 4634 Christiani
454 4577 518 4652 Lupi
539 4594 621 4653 opus,
