3374 5388
714 321 861 389 CAPUT
903 321 960 388 Vl·
1467 319 1528 381 its

139 499 235 557 tionis
254 498 390 573 primata
413 492 599 557 concludunt.
642 492 799 558 Murum
827 493 918 575 igitur
944 498 991 555 est
1017 492 1094 554 inter
1121 497 1261 573 uuosque
1282 488 1528 571 interpretationis

139 605 307 683 dissidium,
330 622 429 687 neque
450 603 508 667 ulla
528 612 609 687 patet
629 606 684 685 via,
707 623 764 687 qua
786 604 823 668 ad
845 601 1034 667 concordium
1055 608 1241 666 revocentur.

248 712 309 778 Sed
330 713 407 777 sorta
428 715 503 777 ratio
523 714 751 797 protestantibus
779 732 839 777 non
860 713 950 776 delini
971 731 1025 775 cur
1045 712 1074 774 in
1096 710 1229 793 opposita
1248 711 1339 790 irent,
1367 708 1528 772 dramm-

140 844 200 909 que
222 824 502 906 interpretationem,
522 826 648 906 penitius
670 826 801 906 inspecta
823 823 981 886 verborum
1003 827 1148 903 potestate
1168 825 1421 883 consectarentur.
1464 817 1527 879 lloc

139 934 263 1017 quidem
284 953 345 997 non
363 933 521 997 admodum
538 941 639 1014 primo
655 932 764 1017 fronte
775 928 933 1013 probabile
945 937 1073 1013 apparet,
1095 929 1241 993 secundis
1268 948 1340 994 vero
1366 946 1528 1012 expensum

128 1050 229 1106 ,cuais
243 1042 457 1127 salsissimum
478 1042 714 1126 deprehenditur.

252 1159 300 1216 89.
347 1153 462 1218 Etenim
491 1153 529 1218 ad
554 1172 626 1236 quas
658 1153 714 1234 ipsi
745 1170 863 1215 normas
897 1170 981 1215 suam
1007 1151 1277 1232 interpretationem
1309 1150 1445 1231 erigunt,
1479 1154 1529 1211 aot

145 1264 251 1345 quibos
274 1282 292 1326 e
313 1263 441 1327 ionibus
463 1264 505 1328 iili
527 1262 614 1327 fidem
636 1259 816 1326 muciliuntl
847 1279 923 1344 quae
944 1262 1118 1342 superius⁸⁹
1140 1279 1157 1323 a
1179 1260 1265 1323 nobis
1285 1260 1430 1340 descripta
1451 1246 1552 1338 sunt,

142 1371 308 1435 luculenter
327 1373 492 1453 ostendunt,
514 1373 783 1455 interpretationem
805 1371 843 1434 de
862 1389 986 1435 munere
1007 1371 1190 1452 proponendi
1209 1375 1342 1449 manum
1372 1367 1528 1450 evangelii,

141 1481 244 1564 deque
268 1483 508 1562 praedicationis
536 1490 673 1563 primatu
703 1500 770 1544 cum
799 1468 840 1545 eo
858 1498 982 1545 munere
1003 1481 1198 1560 cohaerente,
1231 1479 1377 1562 triplicia
1404 1477 1471 1541 loco
1492 1477 1529 1540 ab

140 1593 216 1675 ipsis
234 1591 357 1672 desumi,
381 1609 505 1674 quorum
525 1592 600 1657 alter
621 1593 819 1677 dogmatiem,
840 1588 1005 1654 historicus
1026 1590 1109 1671 ulter,
1131 1608 1166 1654 ac
1187 1597 1353 1672 postremos
1376 1587 1433 1650 dici
1453 1606 1531 1649 ana·

142 1701 262 1786 loqiaus
285 1708 391 1784 potest

252 1811 322 1875 ilos
340 1810 449 1875 videbo
470 1813 526 1876 rite
548 1832 588 1876 na
609 1830 647 1876 an
663 1820 855 1896 praepostere
876 1811 913 1876 ad
937 1811 1081 1875 eiusmodi
1102 1828 1137 1875 sc
1158 1810 1241 1873 locos
1267 1807 1448 1890 receperint,
1477 1805 1532 1869 sed

142 1922 285 1986 continuo
312 1920 466 2004 postulabo
492 1923 541 2003 qui
569 1921 676 1986 lactum
701 1924 739 1986 sit
766 1930 798 1985 ut
822 1922 969 1987 adiuncta
992 1927 1139 1984 matianis
1168 1917 1367 2002 neglexerint,
1396 1921 1532 1996 partium

140 2032 321 2116 συνάφειαι)
357 2032 574 2112 praeterierint,
601 2038 786 2112 tacitamque
810 2028 1033 2110 metaphoricae
1059 2030 1244 2111 tornationis
1267 2035 1449 2109 potestatem
1476 2044 1532 2089 osu

141 2140 284 2223 loquendi
303 2160 364 2205 non
388 2142 679 2224 circunscripserint
722 2142 851 2206 ideone
872 2141 951 2223 qood
972 2142 1020 2204 isti
1040 2160 1138 2224 neque
1156 2144 1333 2220 propinqui,
1360 2155 1459 2220 neque
1478 2156 1532 2217 po·

142 2259 239 2315 tiores
261 2251 412 2333 legitimae
432 2252 678 2334 interpretationis
699 2250 758 2314 loci
783 2249 966 2316 habeanturl
1008 2251 1063 2315 sed
1084 2250 1189 2315 eruditi
1216 2250 1302 2332 plane
1323 2266 1428 2312 omnes
1448 2247 1533 2310 ahter

142 2362 323 2440 decernunt,
351 2360 456 2443 quibus
482 2360 617 2425 solemne
645 2369 690 2425 esi
718 2379 784 2424 com
805 2361 917 2424 Jacobo
939 2360 1064 2424 Elsnero
1077 2364 1104 2395 ⁴⁸
1137 2360 1307 2424 inculcare:
1334 2355 1413 2421 nibil
1437 2377 1533 2438 osque

142 2491 241 2535 cerae
267 2491 433 2553 suspensor
464 2469 580 2555 regulis
611 2491 703 2551 quam
732 2468 841 2534 lacrum
866 2467 1038 2553 neqlestum
1067 2477 1318 2549 amissionemque
1349 2469 1531 2532 adversari:

144 2600 240 2660 mum
262 2602 300 2643 ea
320 2579 445 2643 tandem
465 2601 582 2657 nomm,
597 2579 869 2664 formularumque
884 2579 955 2664 ellqi
975 2578 1161 2665 siqntficatio
1175 2578 1290 2657 debeat,
1312 2599 1404 2659 quam
1424 2598 1531 2640 aeuus

143 2695 310 2765 matianis,
342 2710 393 2751 res
414 2695 484 2769 ipsa
510 2696 539 2752 et
561 2698 812 2753 circumstantiae
833 2690 971 2772 reliquae
998 2697 1136 2753 mauime
1158 2696 1329 2769 requirunt.
1374 2687 1532 2770 inigitur

141 2799 308 2883 putabimus
334 2798 439 2862 horum
461 2818 587 2863 examen
619 2819 637 2863 a
657 2800 885 2882 protestantibus
905 2799 1016 2864 idcirco
1044 2800 1222 2881 sepositum,
1256 2798 1335 2881 qood
1356 2816 1454 2880 neque
1476 2797 1532 2861 sibi

140 2909 294 2991 rebusque
316 2910 377 2972 suis
398 2909 585 2973 commodum
608 2909 673 2973 lore
687 2913 900 2991 praeciperent,
924 2909 1002 2993 quod
1022 2909 1174 2973 catholicis
1200 2909 1395 2991 gratissimum
1418 2924 1532 2989 cogno·

142 3026 279 3099 scerent,
308 3017 446 3101 quodque
479 3020 619 3083 maiorem
647 3019 685 3082 de
718 3038 755 3083 eo
784 3038 886 3083 curam
914 3026 1054 3102 gererent
1077 3036 1135 3101 quo
1163 3037 1196 3081 se
1232 3017 1321 3080 modo
1350 3016 1531 3098 expedirent,

143 3147 234 3211 quam
256 3146 314 3211 quo
336 3127 424 3211 plena
455 3131 485 3193 in
512 3129 579 3192 luce
600 3130 753 3192 vamtatem
776 3127 978 3193 collocarent?
1010 3148 1070 3193 non
1099 3128 1217 3212 negabo
1245 3126 1321 3191 haec
1349 3126 1464 3206 aliaque
1485 3124 1531 3191 his

143 3236 252 3303 similia
274 3237 309 3301 ad
333 3238 517 3302 conflandam
545 3239 575 3301 in
606 3254 660 3301 eos
684 3237 796 3301 artificii
817 3239 937 3322 dolique
958 3240 1027 3302 mali
1049 3239 1246 3322 suspicionem
1275 3235 1531 3319 opportunissima,

143 3365 200 3413 sue
222 3347 310 3411 veluti
331 3354 436 3428 sponte
459 3349 586 3411 animum
608 3346 725 3429 subire3
747 3367 846 3431 neque
867 3349 923 3414 illis
938 3358 1095 3432 propterea
1117 3349 1257 3428 insistam,
1281 3345 1335 3410 sed
1355 3361 1445 3427 porro
1465 3361 1533 3426 pcr-

144 3475 227 3541 gam,
246 3457 364 3539 vimque
386 3475 485 3521 earum
506 3458 651 3534 rabanum
666 3458 838 3540 aestimabo,
861 3450 966 3541 quibus
988 3459 1230 3523 commentarium
1245 3456 1282 3521 de
1293 3462 1430 3537 pmmatu
1441 3474 1533 3535 prae·

143 3567 307 3632 matiam
328 3568 502 3630 communiri
523 3585 614 3649 posse
637 3542 824 3630 censueram.
1274 3643 1280 3653 ι

252 3677 402 3761 liquibus
424 3677 505 3759 prior
526 3695 621 3759 eoque
643 3677 815 3760 dogmatica
835 3676 906 3741 mihi
927 3677 992 3741 talis
1014 3677 1142 3756 videtur,
1172 3695 1248 3759 quae
1277 3677 1386 3741 obessa
1414 3674 1532 3759 quidem
1648 3682 1652 3691 ’

143 3783 271 3852 caussae
291 3788 399 3869 possit,
428 3788 529 3850 iuvare
560 3786 638 3850 illam
667 3806 727 3851 non
760 3789 863 3870 possit
905 3782 1017 3868 Ecquid
1039 3787 1118 3850 enim
1140 3783 1241 3850 aiuntl
1257 3787 1411 3850 uidelicet
1438 3793 1534 3849 omni-

141 3896 264 3961 modam
284 3903 364 3958 inter
389 3893 542 3976 apostolos
557 3900 636 3958 iuris
659 3904 915 3977 auctoritatisque
928 3894 1148 3976 aequalitatem
1168 3917 1237 3959 esse
1257 3895 1471 3971 indubitatam,
1495 3917 1533 3958 ac

142 4005 305 4084 repudiari
318 4004 431 4067 idcirco
451 4002 668 4069 catholicorum
682 4013 902 4086 expositionem
916 4016 1063 4086 oportere,
1085 4007 1167 4088 quod
1177 4004 1249 4069 huic
1268 4014 1371 4070 certae
1388 4004 1532 4086 eaplma·

144 4124 256 4194 tueque
269 4120 396 4177 aemiuli
415 4113 604 4199 resrapetur.
647 4116 686 4179 At
706 4136 744 4180 ne
767 4135 903 4179 moneam
925 4116 1004 4198 quod
1025 4125 1071 4181 est
1091 4126 1193 4200 suapte
1214 4126 1316 4181 natura
1338 4117 1533 4196 manifestum,

140 4225 202 4289 boc
222 4226 393 4307 praestituto
415 4224 553 4289 lemmate
575 4234 712 4289 constare
735 4227 852 4309 quidem
876 4244 965 4307 posse
988 4246 1132 4308 quaenam
1155 4227 1242 4290 laliax
1263 4229 1300 4291 sit
1322 4227 1532 4308 interpretatio,

141 4353 205 4400 non
224 4335 295 4398 item
316 4353 393 4416 quae
414 4354 573 4417 germana,
594 4338 770 4418 sinceraque
791 4336 952 4399 existimari
973 4335 1102 4421 debeat3
1135 4336 1223 4400 velim
1245 4336 1315 4400 mihi
1336 4342 1532 4418 protestantes

140 4443 351 4526 respondeant
373 4445 438 4509 talis
461 4465 498 4510 ne
520 4448 558 4509 sit
579 4445 746 4510 omnimoda
764 4445 963 4528 apostolorum
986 4444 1165 4528 aequalitas,
1201 4464 1277 4528 quae
1292 4446 1368 4509 ultro
1393 4465 1409 4508 a
1432 4444 1532 4508 catho-

140 4553 208 4616 licis
230 4553 416 4617 concedabu.
458 4554 523 4638 Ego
549 4574 677 4638 namquo
699 4557 762 4619 scio
794 4555 873 4637 quod
892 4556 948 4637 ipsi
970 4572 1029 4617 non
1051 4556 1203 4638 ignorant,
1232 4562 1262 4619 et
1282 4556 1386 4638 negari
1414 4554 1491 4618 illam
1514 4575 1531 4617 a

141 4660 297 4726 catholicis
317 4671 496 4744 constanter,
519 4673 549 4729 et
569 4667 626 4730 iam
649 4665 716 4729 inde
738 4685 755 4728 a
775 4665 876 4747 primis
898 4663 1026 4729 saeculis
1048 4664 1084 4728 ab
1105 4667 1141 4729 iis
1163 4666 1254 4729 titisse
1276 4684 1389 4729 mmma
1404 4684 1531 4729 consen·

139 4774 229 4837 sione
251 4781 405 4855 negatam,
440 4793 514 4856 quos
538 4775 673 4840 catholici
702 4782 833 4857 patrum,
868 4775 1135 4858 magistrorumque
1163 4776 1231 4839 loco
1256 4782 1403 4838 verentur.
1447 4774 1530 4839 Unde

205 5060 252 5136 ⁸⁹)
272 5077 298 5117 fl·
319 5060 367 5135 fil·
925 5064 970 5139 ⁴⁰)
991 5063 1021 5119 ln
1041 5063 1187 5123 obsauatt
1210 5060 1245 5123 ati
1265 5060 1373 5125 Colunt·
1393 5061 1415 5125 b
1435 5060 1482 5125 24·
