3374 5388
698 181 845 251 curtio·
886 183 947 251 lv.
1452 186 1522 248 1117·

125 351 233 436 probat
252 353 412 418 iacisomm
431 359 598 436 respectus,
630 372 649 416 e
670 369 729 437 quo
749 352 814 417 talis
834 352 931 435 prodit
951 369 1072 416 sensus:
1102 360 1137 415 tu
1157 373 1191 414 es
1214 349 1349 433 Patren,
1380 350 1513 435 lapisque

123 460 318 542 δῐωίεείωιω,
340 471 369 525 et
391 462 459 526 ideo
479 462 707 545 (significatione
721 459 879 547 affectus),
901 462 951 525 uel
965 469 1107 542 ηαοκίοω
1121 466 1279 544 (potestate
1300 468 1396 546 stpni)
1417 483 1513 542 super

123 568 207 636 barac
225 579 363 652 petram,
384 573 596 654 immotumque
617 572 743 655 lapidem
765 569 937 653 aedificabo
957 569 1118 635 eeclesiam
1139 591 1245 634 ωσοω.

234 681 311 755 Quid
331 697 404 744 vero
426 679 504 761 illud,
527 679 751 763 οἰκοδομήσωί
774 682 857 746 side
879 681 979 763 seipso
993 680 1090 761 iesus,
1115 699 1174 744 non
1196 680 1234 745 de
1249 681 1337 747 Patro
1350 680 1441 745 verba
1462 684 1513 746 arri

122 790 220 875 worp
240 792 279 874 τῇ
299 795 412 872 πέτρη,
440 792 680 872 pronunciasset,
707 808 866 873 numquam
887 787 1106 873 οἰκοδομήσω,
1129 790 1184 855 sed
1203 807 1326 872 prorsus
1347 788 1514 873 οἰκοδομῶ

123 899 263 983 diruisset,
295 919 364 964 nam
391 908 421 964 at
449 899 598 964 ecclesiae
625 900 790 965 aedilicium
817 900 874 965 sihi
900 900 1075 964 incumbens
1108 900 1280 982 iampridem
1311 899 1511 981 inchoaverat,

123 1009 353 1091 inchoatumque
380 1011 467 1073 etiam
493 1017 553 1072 tum
572 1010 773 1092 promovebat
816 1010 858 1073 Ea
883 1011 976 1092 igitur
1001 1010 1039 1073 de
1060 1007 1147 1072 Petro
1174 1010 1385 1090 pronunciavit
1428 1009 1513 1083 Quod

124 1118 255 1183 adhibita
274 1125 386 1202 ἰωομο,
408 1120 607 1203 orationisque
629 1120 771 1184 δισωκω
791 1121 853 1202 pari
881 1120 1027 1184 evidentia
1049 1118 1229 1182 confirmant
1272 1118 1366 1183 Utitur
1385 1137 1513 1201 namquo

127 1227 218 1295 lesus
247 1227 423 1293 emblemata
447 1235 596 1309 praecipis
625 1226 796 1309 arrhttaatt,
828 1237 915 1312 atque
940 1228 1025 1292 huius
1047 1228 1104 1293 sihi
1128 1248 1308 1308 μωκσοσω,
1339 1248 1513 1308 nemusque

124 1339 249 1419 asserit,
279 1338 431 1419 iuquiens,
460 1336 663 1421 οἰκοδομήσω
689 1361 753 1422 μου
786 1331 840 1415 τήν
865 1323 1039 1415 ἐκκλησίαν.
1081 1335 1177 1401 Nemo
1204 1344 1302 1401 autem
1330 1356 1390 1401 oon
1420 1339 1516 1403 carnit

122 1442 248 1512 ἄτοκον
270 1466 349 1528 esse,
370 1454 402 1512 ut
421 1466 497 1512 unus
519 1448 658 1532 idemque
678 1449 782 1513 eadem
801 1449 946 1531 imagine,
977 1447 1143 1528 eodemque
1164 1446 1340 1511 emblemata
1355 1449 1399 1482 ¹²¹
1422 1448 1513 1512 voluti

119 1563 265 1638 manceps
286 1555 421 1639 aedificii
441 1554 645 1640 architectus,
674 1578 709 1622 ac
736 1556 822 1621 ttttaa
837 1557 1081 1642 fiandaarentom
1105 1563 1352 1638 repraesentetur.
1395 1557 1512 1622 selecta

121 1667 214 1749 igitur
234 1667 345 1749 imago,
369 1667 569 1749 orationisque
590 1667 732 1732 decorum
753 1685 813 1731 noa
834 1668 946 1743 sinunt,
972 1674 1004 1730 ut
1028 1665 1135 1747 verba,
1163 1667 1215 1730 ἰκί
1233 1662 1327 1750 ταύτῃ
1346 1668 1384 1743 rr]
1404 1673 1512 1749 πέτρᾳ,

123 1777 165 1841 de
184 1776 258 1840 lesu
277 1775 485 1860 intelligantur.
527 1776 608 1841 Unus
630 1784 727 1841 autem
755 1777 886 1859 reliquus
913 1783 960 1841 est
980 1775 1097 1856 Petrus,
1126 1776 1163 1839 de
1193 1793 1252 1857 quo
1276 1777 1370 1857 accipi
1390 1777 1511 1859 possint.

120 1885 170 1951 De
189 1885 276 1951 Patro
296 1887 386 1970 igitur
406 1887 576 1969 accipianda
595 1894 671 1968 sunt,
692 1887 723 1949 in
745 1905 832 1968 quam
854 1886 957 1964 lesus,
979 1886 1020 1948 uli
1038 1887 1158 1968 sapiens
1179 1885 1370 1966 architectus,
1402 1884 1512 1948 idcirco

121 1996 233 2079 primas
254 1994 501 2077 sollicitioresque
522 2014 609 2060 curas
631 1995 773 2075 ostendit,
807 2014 845 2058 ne
872 2012 961 2058 secus
990 1994 1198 2058 exstruendum
1217 1994 1326 2058 deinde
1346 1994 1510 2058 aedilicium

120 2106 318 2170 inconstantia
338 2104 518 2169 fundamenti
538 2112 661 2170 nutaret

232 2211 331 2289 Ouidi
352 2215 491 2297 quodne
514 2217 584 2279 oriri
605 2214 723 2296 quidem
744 2215 873 2296 suspicio
892 2215 994 2296 possit,
1017 2232 1056 2277 an
1075 2213 1148 2277 alius
1170 2213 1365 2297 diversusque
1386 2215 1439 2295 sit,
1462 2215 1513 2297 qui

120 2323 248 2407 primum
273 2328 402 2406 πέτρος,
436 2325 545 2406 quiquo
577 2332 680 2406 postea
695 2330 806 2406 ’πέτρα
836 2321 1041 2405 ηοωοομοιωί
1075 2328 1154 2405 atqui
1189 2325 1227 2386 ita
1254 2327 1374 2387 omnino
1399 2343 1434 2388 se
1460 2343 1511 2389 res

121 2432 222 2496 babet
264 2434 323 2501 Fac
344 2434 423 2497 euim
445 2433 575 2517 legeres,
598 2426 690 2514 κοίγοί
714 2432 750 2497 δί
772 2435 821 2498 ooi
842 2433 934 2515 λέγω,
956 2429 1004 2496 dis
1024 2432 1065 2496 od
1084 2429 1113 2496 el
1136 2438 1250 2515 ratpot,
1273 2435 1327 2497 καὶ
1345 2436 1396 2498 dni
1417 2431 1512 2518 ταύτῃ

121 2544 162 2626 τῇ
186 2547 284 2625 πέτρα
312 2541 513 2625 οἰκοδομήσω
543 2564 607 2626 μου
628 2536 683 2619 τήν
703 2542 876 2619 ἐκκλησίαν.
919 2542 1042 2606 Etiamsi
1067 2544 1195 2606 mamma
1224 2562 1366 2625 cuperes,
1395 2544 1433 2608 de
1453 2544 1512 2609 alio

122 2659 223 2716 tamen
237 2652 414 2735 diversoque
429 2653 561 2717 subiecto
576 2672 631 2735 pro
649 2653 788 2717 alterutro
803 2654 897 2716 inciso
912 2653 1045 2733 cogitare
1066 2669 1126 2715 non
1140 2669 1255 2733 posses.
1297 2653 1357 2717 Sed
1371 2654 1410 2716 ita
1426 2654 1513 2735 plane

123 2761 263 2844 loquutus
286 2768 333 2826 est
345 2761 443 2839 lesus,
466 2763 504 2826 ita
518 2762 681 2827 Matthaeus
702 2763 828 2844 scripsit,
848 2780 937 2844 quum
951 2769 1077 2843 uterque
1097 2761 1265 2844 utroquein
1287 2762 1420 2825 membro
1434 2761 1512 2826 idem

120 2864 210 3006 lesia}
239 2914 348 2960 nornen
370 2895 542 2960 adhibuerit
585 2897 651 2979 lpsa
672 2898 762 2980 igitur
781 2898 909 2980 suspicio
923 2895 1108 2979 praeciditur,
1132 2916 1170 2960 ne
1191 2896 1228 2961 de
1250 2897 1307 2960 alio
1325 2897 1402 2961 forte
1424 2917 1512 2980 quam

120 3030 162 3094 de
189 3029 275 3094 Petro
303 3029 412 3094 dictum
441 3032 630 3115 arbitremur,
656 3034 710 3097 καί
734 3034 784 3096 ἐπὶ
810 3029 904 3115 ταύτῃ
939 3035 977 3116 τῇ
1003 3036 1102 3115 πέτρᾳ
1134 3030 1335 3113 οἰκοδομήσω
1365 3054 1429 3115 μου
1457 3028 1513 3108 τήν

121 3137 297 3215 ἐκκλησίαν.

231 3247 324 3327 Sane,
349 3255 382 3312 ut
409 3249 540 3312 nonnihil
569 3269 657 3317 secus
685 3252 764 3316 idem
792 3251 963 3335 explanem,
991 3252 1235 3331 commentarius,
1264 3250 1281 3311 ω’
1310 3246 1512 3333 ἑρμηνεύεται

121 3424 253 3499 tiplicitar
271 3422 393 3497 possint,
414 3422 485 3480 inter
505 3424 574 3481 alios
596 3424 692 3483 modos
712 3426 795 3497 parti·
843 3444 895 3500 qao
927 3443 1009 3501 saepe
1041 3426 1266 3498 significationem
1301 3426 1398 3497 refert,
1432 3425 1510 3482 Dant.

122 3531 183 3589 cala
217 3526 265 3586 καί
296 3543 442 3602 expressos
473 3530 501 3586 hi
528 3545 610 3604 saepo
642 3538 793 3606 recurrunt,
844 3531 959 3606 ivae,
980 3532 1012 3588 Χ.
1031 3531 1077 3606 19,
1105 3532 1162 3588 los.
1177 3531 1247 3605 1.2,
1273 3531 1338 3588 Gen.
1358 3531 1441 3588 xxii.
1465 3530 1510 3605 12,

123 3637 223 3713 qaihru
251 3636 403 3695 coniunctio
431 3635 588 3708 designatur
612 3636 656 3695 rel
681 3638 795 3709 effectus
842 3637 922 3695 Judd.
944 3637 990 3695 Vl.
1014 3636 1061 3712 14,
1081 3636 1123 3692 l’s.
1146 3637 1199 3693 hx.
1223 3635 1268 3710 13,
1290 3636 1383 3711 illique
1403 3638 1512 3695 alexan·

122 3760 189 3803 κιαι
209 3758 325 3813 camec,
351 3747 379 3798 ct
401 3743 447 3800 rai
471 3743 599 3817 κίφνοίσσ
624 3760 687 3803 eam
705 3745 794 3819 κίμων,
843 3743 911 3800 drini
938 3742 1105 3799 substituunt
1131 3742 1211 3799 modo
1239 3731 1303 3811 οὖν,
1335 3742 1417 3799 ωοδο
1447 3741 1510 3810 καί,

122 3848 169 3906 vel
190 3864 307 3905 manas
327 3863 390 3905 coar
409 3848 520 3921 οήκοία,
540 3855 568 3905 at
586 3851 661 3925 siqui
681 3865 743 3907 mear
762 3867 794 3907 aa
843 3866 893 3924 qua
926 3852 989 3905 item
1014 3850 1112 3907 tarem.
1141 3848 1231 3907 xilv.
1258 3848 1314 3921 23,
1348 3848 1384 3905 ts.
1405 3848 1438 3909 V·
1461 3848 1508 3906 25.

122 3957 247 4030 sipnuta.
288 3953 388 4011 Prioris
408 3969 472 4009 usas
492 3955 628 4028 exempla,
650 3955 794 4027 inquibus
843 3950 1047 4030 variantique
1068 3931 1155 4038 &⁸513
1177 3961 1334 4043 propterea.

122 4057 173 4119 καὶ
193 4060 271 4118 md&
290 4058 373 4117 dabat
386 4061 461 4133 'm'
481 4061 601 4133 Μεθ’
619 4063 714 4136 Μ’
734 4069 793 4118 “⁰-
902 4114 1029 4171 Jamvero
1044 4115 1070 4172 iu
1084 4088 1152 4171 locis
1171 4120 1265 4170 nostro
1286 4115 1364 4188 plane
1385 4114 1510 4189 geminis,

82 4203 85 4209 ·
123 4184 194 4243 pase,
214 4166 306 4239 ande,
322 4174 491 4241 propterea,
517 4183 579 4225 essa
597 4172 713 4242 possunt
732 4168 793 4225 Act

122 4273 184 4331 vu
198 4272 253 4346 a,
273 4272 336 4330 ω·
350 4272 407 4330 u·
421 4273 470 4331 ν·
492 4273 553 4331 00¹¹·
572 4274 665 4331 nn,
679 4273 724 4331 u·
739 4272 796 4348 ³¹³
843 4218 993 4382 {tolli
1011 4229 1168 4401 silli,
1184 4236 1343 4383 lilla
1364 4237 1512 4383 :llll

124 4378 218 4437 m·
233 4377 266 4435 'L
284 4376 309 4433 ¹·
328 4378 388 4435 ⁰⁰¹¹·
404 4379 449 4436 α·
463 4380 599 4457 ³⁷”³⁸³
617 4379 793 4500 'iim’
843 4431 925 4488 xvn.
948 4430 1072 4506 s-as,
1099 4432 1206 4489 xxxn.
1227 4433 1282 4506 aa,
1311 4432 1343 4489 n.
1360 4432 1432 4487 sam.
1454 4432 1511 4488 xri.

123 4485 259 4543 ΝΜ
274 4483 320 4559 13’
336 4483 420 4543 GM
431 4485 464 4543 n‘
476 4486 521 4544 ω’
543 4484 705 4544 Pomm
719 4502 794 4558 Μ’
843 4536 971 4594 24-25.
981 4579 987 4593 .
998 4578 1037 4612 ..,
1057 4539 1186 4613 particula
1201 4536 1247 4593 καί
1261 4539 1412 4595 alterutram
1428 4538 1514 4609 signi·

124 4593 154 4648 in
175 4590 272 4663 mua
293 4589 364 4647 idem
384 4592 457 4648 ”let
476 4608 507 4647 π
527 4610 608 4665 Mm’
633 4595 722 4665 ‘mm'
747 4593 795 4649 ha·
843 4645 992 4702 ficationem
1015 4651 1170 4701 constanter
1190 4643 1309 4700 exhibet.

123 4699 222 4754 beator
247 4696 310 4753 huc.
331 4696 352 4753 l.
375 4695 427 4769 14,
455 4698 517 4755 ton.
538 4698 583 4755 til.
606 4697 659 4770 13,
693 4698 714 4754 l.
732 4699 794 4753 Cor.

123 4803 198 4863 xlv.
219 4802 275 4877 32,
295 4800 391 4860 teob.
412 4801 456 4857 111.
479 4803 513 4876 4,
535 4804 621 4877 Apoc.
641 4804 662 4860 i.
685 4803 732 4861 18.
907 4804 967 4877 ¹²²)
987 4804 1039 4872 Qui
1059 4804 1176 4859 sentiunt
1196 4803 1323 4860 decorum
1336 4801 1508 4872 matoneum,

185 4907 276 4977 Etiam
289 4908 360 4987 apud
372 4907 504 4973 hebraeos
518 4911 648 4984 μηιωιίι
666 4918 675 4975 i
694 4916 793 4972 otram*
842 4927 857 4971 a
878 4909 974 4986 nobis,
994 4911 1106 4991 opinor,
1127 4924 1180 4975 nou
1200 4907 1378 4971 dissidebant
