3324 5382
202 311 263 372 bbb
690 306 823 375 umus
864 305 1099 375 summotis

201 475 326 543 lormulu
347 476 550 558 quaestionem
579 495 664 559 esse,
700 477 783 543 enisu
809 478 958 561 propriam
985 479 1061 559 vim,
1096 477 1316 560 genuinamque
1346 476 1598 560 signibestionem
1647 444 1648 509 b

202 588 321 671 assequi
348 605 437 652 nemo
464 595 580 670 posset,
615 589 665 670 qui
685 586 869 673 frequentes
889 589 920 651 in
939 588 975 652 N.
999 588 1033 651 Τ.
1056 586 1246 654 hebraismus
1268 598 1437 673 oomperlos
1459 609 1524 655 non
1544 592 1599 655 lue

201 698 295 777 beret,
311 705 526 777 receptamque
540 698 663 762 iudaeis
676 697 819 779 tapsensi
834 706 986 763 raum
998 699 1064 783 plus
1079 719 1167 783 quam
1181 701 1371 764 mediocriter
1383 717 1445 764 non
1460 700 1600 766 mlier&
1647 720 1648 765 3

202 807 236 872 ln
263 806 420 872 ebrisbuna
445 815 543 873 summ
567 809 736 891 ondquitate
760 810 910 873 neminem
939 808 1047 890 intem,
1083 811 1134 891 qui
1153 812 1185 874 in
1204 808 1264 873 hoe
1285 809 1458 874 smditionis
1479 828 1600 892 genere

201 934 261 980 non
282 918 397 999 penibis
417 916 623 1000 hospitaretur.
667 917 742 999 Sed,
769 927 800 983 ut
820 919 994 1001 parcissime
1022 918 1134 999 diuam,
1162 920 1254 984 eredo
1280 937 1340 983 non
1361 920 1480 1002 penitus
1507 922 1540 984 in
1563 940 1602 984 eo

202 1027 294 1090 luisse
315 1027 448 1109 hospites
469 1027 646 1111 Origenem‚
667 1027 876 1111 Epiphanium‚
897 1028 1126 1112 Hieronymum:
1159 1048 1258 1112 neque
1278 1029 1382 1093 bsberi
1401 1046 1501 1093 novos
1513 1034 1545 1066 ’⁸
1570 1033 1601 1094 in

206 1137 313 1201 eodem
334 1154 425 1219 posse
446 1156 536 1220 quum
558 1137 632 1202 alios
657 1137 776 1220 plures,
809 1145 871 1201 tum
890 1136 1050 1212 Morinum,
1085 1138 1241 1218 Woltiunn,
1275 1137 1481 1222 Deplingium,
1520 1139 1602 1205 Koe

203 1245 334 1312 eborum
375 1246 466 1328 Atqnu
486 1245 591 1311 borum
613 1265 702 1311 nemo
723 1254 782 1328 est,
812 1248 860 1311 eui
880 1265 940 1312 non
961 1247 1105 1327 videaur,
1126 1256 1157 1313 et
1178 1256 1354 1330 potestatem
1375 1248 1467 1331 longe
1488 1249 1599 1331 ampli

202 1375 303 1437 orem,
340 1358 600 1441 augustioremque
621 1356 727 1423 Christi
747 1355 847 1422 verbis
866 1355 1008 1436 mrbesse,
1043 1357 1144 1440 illique
1172 1366 1325 1439 receptum
1346 1358 1422 1440 apud
1444 1358 1602 1423 hebraeos

202 1467 343 1549 loquendi
371 1486 487 1531 morem
513 1466 679 1532 nullatenus
708 1466 862 1549 refragor'u
910 1464 998 1533 Suam
1028 1466 1119 1550 igitur
1149 1467 1208 1530 vim
1234 1475 1441 1549 argumentum
1467 1470 1601 1549 retines,

203 1577 283 1660 quod
304 1597 323 1640 a
343 1578 549 1657 demensione,
571 1576 772 1660 mmagioqne
794 1577 969 1658 antiquitatis
989 1575 1233 1659 deprompsimus.

313 1691 382 1750 leo.
424 1686 461 1750 Et
481 1686 598 1771 quando
626 1687 685 1752 bue
712 1686 759 1751 itt
780 1687 985 1769 pervenimus,
1020 1704 1130 1768 operae
1161 1687 1288 1768 predum
1321 1686 1397 1752 dueo
1431 1688 1600 1753 seusium:

206 1801 254 1860 1⁰.
274 1793 431 1877 probabile
458 1818 498 1860 ne
521 1804 578 1874 ait,
615 1794 775 1860 corutum
800 1801 868 1858 auis
897 1792 1000 1859 serto
1028 1795 1074 1859 od
1098 1801 1249 1859 moen
1275 1794 1416 1860 bebreeis
1448 1795 1601 1876 bpueads

205 1926 320 1970 neren
341 1912 538 1986 respexisse:
573 1915 604 1970 el
623 1905 778 1986 etquidem
811 1905 862 1969 2⁰.
895 1904 940 1969 ed
965 1925 1035 1971 mm
1062 1912 1255 1986 repeseni,
1289 1903 1447 1986 probabile
1477 1928 1519 1969 ne
1547 1914 1600 1987 ait,

203 2036 296 2080 sauss
329 2014 445 2078 mdes·
478 2035 563 2095 esse,
597 2023 632 2078 ul
667 2016 784 2080 mdsun
817 2011 998 2095 probibendi
1022 2014 1276 2095 permittendipue
1302 2022 1525 2081 anotoreatm
1554 2022 1599 2078 si-

203 2123 377 2210 pelliceret.

310 2234 356 2299 Ne
378 2252 451 2298 vero
472 2235 551 2317 quod
577 2235 703 2317 primum
724 2234 972 2315 eommemorani,
1002 2230 1188 2314 παράδοξον
1217 2251 1287 2297 esse
1309 2233 1457 2310 videnum,
1493 2236 1599 2298 euim·

205 2344 286 2409 modi
309 2345 404 2409 videri
418 2344 538 2411 omniuo
553 2343 685 2424 deberet,
706 2346 733 2411 si
746 2345 786 2408 ita
799 2345 991 2428 seeiperebur,
1013 2362 1050 2409 as
1063 2344 1089 2407 si
1104 2361 1142 2407 eo
1156 2343 1186 2406 in
1201 2342 1408 2407 dubitationem
1423 2350 1598 2407 oniensis·

204 2454 400 2535 adducerem,
434 2462 540 2518 ulmus
570 2452 715 2518 Cbra‘slus
737 2454 782 2519 sd
805 2452 964 2539 wlpdom
986 2450 1224 2533 popularemque
1243 2459 1395 2516 ratumena
1415 2474 1478 2515 auo
1499 2451 1598 2517 mo·

204 2573 396 2646 lenpermlp
416 2565 562 2648 duplieem
584 2566 722 2630 eontinuo
744 2564 885 2648 loquendi
902 2581 988 2629 usum
1003 2580 1141 2644 secerno,
1162 2568 1272 2625 tritum
1284 2580 1383 2643 unum,
1406 2583 1599 2626 communen

205 2696 243 2740 ae
266 2681 300 2738 in
320 2672 397 2759 soro
416 2682 587 2755 receptum,
612 2681 769 2755 priostum
789 2675 931 2754 alternum,
957 2669 1129 2737 leebns'eusa
1148 2673 1180 2735 el
1201 2672 1387 2753 academiae,
1411 2669 1597 2752 aebolaeque

201 2791 371 2867 proprium.
415 2784 489 2848 ibim
510 2801 619 2849 moneo
639 2784 733 2868 nesae
754 2784 874 2868 quidem
893 2804 964 2846 esse
983 2781 1147 2865 ambigere,
1167 2788 1264 2845 nunni
1285 2780 1417 2846 Christus
1440 2782 1596 2864 vocabule,

204 2894 475 2976 voeabulommque
496 2893 719 2976 complexiones
739 2911 778 2959 eo
797 2910 890 2958 seusu
910 2893 1069 2973 amsperto,
1089 2892 1140 2974 qui
1160 2889 1252 2975 subo
1266 2891 1482 2972 dominaretur3
1501 2892 1596 2955 nulla·

206 3012 293 3069 tenus
314 3022 388 3068 vero
402 3000 463 3091 fes
482 3024 544 3068 ewra
566 3024 636 3068 ease
656 3003 798 3084 dubitare,
819 3009 915 3069 nuum
929 3000 1047 3066 dieendi
1061 3000 1185 3065 formem
1199 2999 1356 3083 delegerit,
1379 3018 1457 3082 quse
1469 3008 1594 3080 priuata

207 3120 301 3193 esset,
337 3111 491 3188 leobentee,
529 3120 560 3177 et
585 3119 618 3177 in
642 3113 808 3205 eeadeunlte
837 3112 1003 3176 &peasa
1023 3108 1197 3191 sebdlaque
1217 3110 1376 3175 celebrato.
1419 3109 1492 3175 Eius
1512 3131 1593 3175 usm-

206 3226 302 3306 que¹⁰
327 3242 457 3304 amau,
485 3219 713 3300 eborueler¹⁰⁰,
748 3242 888 3304 pureque
916 3218 957 3285 ab
986 3241 1022 3285 eo
1044 3220 1126 3284 dbelo
1149 3226 1183 3282 im
1209 3218 1374 3303 semipelits
1396 3218 1590 3304 releuatus,

205 3332 407 3397 affirmandum
428 3349 498 3396 esse
519 3332 730 3413 demonstrent,
750 3350 812 3397 non
831 3330 904 3396 elius
924 3330 967 3395 illi
984 3329 1117 3412 phrases,
1139 3330 1338 3413 formulasque
1356 3330 1449 3397 luisse
1462 3334 1592 3407 mitum

206 3460 295 3526 qnam
316 3460 392 3524 quae
412 3439 559 3526 nuberes
581 3440 689 3524 forent,
710 3460 746 3507 ae
765 3440 854 3525 plebi,
877 3440 1044 3523 populoque
1066 3441 1249 3506 notissimae.

312 3552 452 3616 Jamuero
472 3549 547 3616 lolia
570 3570 608 3616 ne
630 3551 790 3617 existimem
810 3558 908 3634 potest
928 3550 1117 3634 significatio,
1141 3568 1199 3633 que
1222 3550 1314 3615 verba
1334 3553 1416 3627 'toll
1437 3558 1469 3617 et
1489 3556 1594 3634 ΝἾΦ,

206 3664 275 3728 debu
295 3662 349 3728 καὶ
370 3659 475 3744 λύειν,
511 3663 551 3726 de
571 3669 641 3726 ture
658 3660 824 3745 officioque
845 3660 1025 3727 deplorandi
1047 3661 1130 3742 quod
1145 3659 1232 3737 lieet,
1269 3661 1385 3742 quodue
1406 3659 1595 3740 probibitores

205 3783 270 3852 eal,
290 3770 490 3856 awipianturi
519 3774 680 3838 emsdnmi
700 3791 740 3837 ne
757 3779 855 3856 potest
872 3779 957 3848 inte,
976 3770 1146 3853 popularia
1169 3777 1355 3848 eommunia3
1377 3791 1415 3834 an
1435 3772 1472 3835 iis
1493 3779 1593 3833 eontm

206 3883 425 3966 acceptionibus
446 3884 685 3948 wnnnmerands
707 3889 762 3964 est,
783 3902 864 3962 quae
881 3888 915 3945 bn
934 3881 1066 3947 uiues
1088 3881 1255 3947 maeel
1273 3878 1387 3946 sobolis
1404 3876 1593 3945 obtinerenti

207 3992 386 4056 Testimonia
400 4010 477 4074 quae
490 3991 676 4076 Lighllootus
691 4000 721 4056 et
733 3991 935 4057 Wetestendus
955 3991 1081 4075 pleniori
1101 4008 1191 4054 manu
1212 3989 1407 4073 eollegemnq
1429 3990 1596 4054 luculenter

208 4101 361 4165 evincunt:
399 4100 439 4185 a)
467 4121 527 4167 non
555 4101 672 4166 aliunde
695 4121 732 4166 ea
752 4103 830 4165 sumi
850 4119 938 4183 quam
960 4120 978 4165 e
998 4102 1184 4164 monimentis
1200 4103 1240 4173 '.⁰¹
1265 4099 1452 4178 subsolanum,
1488 4099 1594 4163 sende·

208 4213 391 4294 miarumque
411 4214 553 4295 propriis:
581 4213 618 4277 iis
636 4218 794 4294 propterea
815 4209 853 4295 b)
873 4210 1013 4293 loquendi
1033 4211 1178 4274 rationem
1201 4208 1336 4277 exbiberi
1358 4226 1419 4273 non
1439 4208 1593 4293 mlgarem

272 4411 318 4490 ⁰⁸)
337 4429 364 4468 n.
387 4410 453 4470 lul.
922 4410 1085 4487 semime,
1113 4410 1307 4484 doceremque
1330 4409 1464 4483 sapientia
1483 4409 1591 4467 alieub-
1647 4408 1648 4483 l

597 4532 598 4535 ’
923 4520 1015 4577 dnus.
1647 4530 1648 4563 t

272 4624 317 4701 ”)
337 4623 417 4693 Quod
434 4623 477 4681 b'!
496 4623 589 4682 verbis
608 4623 700 4682 tlatlb,
714 4622 761 4682 XI·
778 4624 806 4682 5.
826 4623 874 4683 de·
987 4621 1298 4698 ¹⁸¹)1ueiguiot'aem‘n
1310 4625 1435 4696 patmum
1447 4638 1483 4679 ex
1495 4620 1590 4678 uisci

207 4731 348 4790 smibltur:
367 4728 415 4788 sei
427 4727 534 4808 πτωχοὶ
546 4720 773 4807 monogenes,
793 4731 873 4805 idest,
922 4731 990 4806 nab,
1017 4735 1094 4787 niet.
1115 4728 1206 4787 0rlnla
1227 4744 1286 4803 sap.
1303 4727 1342 4807 ll,
1370 4727 1587 4789 mensenatis

207 4836 255 4897 aab
273 4845 395 4916 meppie
413 4828 616 4914 ιῦαγγὺλζηαι,
923 4854 982 4911 esp.
993 4837 1028 4912 V,
1049 4841 1125 4895 baut.
1139 4835 1266 4895 uenite
1286 4850 1345 4911 epp.
1357 4834 1403 4909 lx,
1425 4842 1503 4893 unet.
1524 4834 1586 4890 Tne

923 4943 1030 5000 rumotb
1057 4957 1116 5015 esp.
1137 4940 1171 5016 V,
1199 4948 1228 5000 et
1246 4947 1324 4999 treet
1344 4942 1491 5003 mineum
1509 4941 1585 5001 tea·

273 5049 335 5126 Ι··)
355 5047 381 5107 Δ
405 5049 501 5125 quom
526 5026 671 5124 sapesso
697 5051 728 5106 es
753 5043 876 5111 mean
926 5049 1008 5110 mon
1027 5047 1074 5108 fot
1095 5039 1166 5111 eo.'

1644 5210 1648 5318 Ι
