3358 5400
260 311 325 373 278
783 309 913 377 1111!ssss
955 309 1123 378 ratitos

264 485 325 543 tum
352 477 490 561 apostolis
516 478 678 560 universis,
704 477 904 563 historiaeque
931 482 1079 564 originum
1108 479 1374 545 ecclesiasticarum
1401 479 1524 545 nonem
1549 478 1629 547 iroate

264 596 451 671 repugnaret
493 588 539 653 Ac
563 588 652 653 Paulo
676 590 823 672 inprimis,
850 598 949 673 utpote
974 591 1023 673 qui
1050 597 1080 654 et
1108 590 1243 653 ecclesiis
1256 593 1284 624 ²⁰
1315 591 1409 671 capita
1435 591 1629 671 praeposuerit,

267 706 297 761 et
318 698 526 780 praeponenda
547 718 616 763 esse
630 704 657 734 ²¹
683 699 834 767 mandarit
877 698 1026 782 Apostolis
1048 698 1155 762 deinde
1174 698 1304 781 reliquis,
1327 697 1489 781 dequibus
1511 699 1629 763 Clemers

210 840 214 849 ·
267 806 327 870 lide
348 826 420 871 sane
441 808 630 891 dignissimus
644 813 672 844 ²²
695 817 831 874 testatam
874 805 1629 892 ,‚Apostoliuobisevangelizanmta1)omiooleso

266 918 397 997 Christo,
417 917 505 982 iesus
526 919 657 983 Christus
678 939 695 984 a
716 919 790 983 Deo.
829 918 936 983 hlissus
962 919 1053 1000 igitur
1072 924 1120 981 est
1137 917 1268 981 Christus
1288 937 1306 980 a
1325 916 1406 997 Deo,
1433 924 1463 979 et
1484 917 1627 999 mostello

267 1026 397 1108 Christo,
427 1034 457 1091 et
483 1027 591 1093 lactum
620 1037 666 1093 est
692 1038 847 1110 utrumque
876 1027 1031 1091 ordinatim
1058 1045 1097 1115 eps
1123 1026 1271 1090 voluntate
1291 1025 1355 1090 Dei.
1398 1025 1499 1106 ltaque
1520 1027 1628 1107 aoeaptis

266 1136 424 1221 mandatis,
446 1146 476 1201 et
497 1147 579 1203 certo
599 1140 733 1221 persuasi
753 1157 808 1220 per
826 1140 1074 1202 resurrectionem
1091 1134 1207 1199 Domini
1226 1137 1319 1199 nostri
1339 1135 1413 1199 Jesu
1432 1135 1548 1216 Christi,
1568 1138 1628 1199 eth

266 1243 325 1308 tide
353 1246 514 1311 confirmati
539 1267 593 1330 per
619 1248 742 1311 verbum
769 1247 825 1312 Dei
852 1264 920 1310 cum
946 1248 1039 1310 sancti
1067 1247 1190 1329 Spiritus
1218 1245 1397 1326 plenitudine
1423 1264 1460 1310 ac
1483 1248 1628 1323 somniate

267 1355 384 1436 egressi
409 1364 494 1439 sunt,
522 1361 732 1422 annunciantes
759 1355 951 1420 adventurum
978 1375 1047 1420 esse
1071 1374 1198 1439 regnum
1226 1354 1290 1419 Dei
1333 1351 1432 1419 Kese
1452 1354 1564 1437 χώρας
1586 1350 1629 1418 οὖν

267 1466 322 1529 καὶ
347 1465 459 1541 πόλεις
479 1465 700 1549 κηρύσσοντες,
728 1465 927 1531 καθίστανον
955 1464 1012 1541 τοὶς
1040 1458 1194 1546 ἀπαρχάς
1207 1467 1234 1498 ²³
1263 1461 1387 1541 αὐτοῖν,
1416 1463 1629 1547 δοκιμάσαντες

267 1575 313 1657 aqi
333 1573 499 1659 πνεύματι,
528 1581 573 1653 εὶς
603 1580 794 1653 ἐπισκόπους
815 1578 868 1642 καὶ
890 1576 1055 1651 διακόνους
1077 1577 1142 1640 τοῖν
1162 1573 1339 1656 μελλόντων
1359 1573 1521 1641 πιστεύειν.
1562 1575 1630 1639 Prae·

269 1684 401 1749 dicanms
422 1687 513 1768 igitur
532 1705 586 1769 per
606 1689 747 1769 regiones
767 1706 803 1751 ao
823 1687 929 1769 urbes,
950 1686 1089 1769 primitias
1111 1704 1229 1765 aarum,
1258 1687 1359 1767 spiritu
1380 1686 1630 1768 comprobassent

267 1795 298 1857 in
320 1796 474 1878 episcopos
496 1803 526 1860 et
547 1797 687 1862 diaconos
709 1816 812 1861 eorum
832 1799 883 1878 qui
904 1796 1041 1860 credituri
1062 1801 1160 1876 erant,
1182 1796 1423 1858 constituerunt.“
1465 1795 1540 1859 Tum
1559 1795 1631 1858 histo

265 1896 330 1967 riae
358 1913 539 1988 repugnaret
565 1908 713 1989 originum
741 1907 1032 1995 ecclesiasticarum,
1049 1923 1137 1985 quam
1162 1904 1240 1967 idem
1269 1905 1405 1967 Clemens
1418 1907 1446 1936 ²⁴
1478 1903 1525 1969 his
1553 1902 1631 1966 verit

269 2021 401 2077 amanet:
429 2012 524 2091 ,Καὶ
545 2016 575 2079 ολ
595 2012 764 2080 ἀπόστολοι
784 2013 875 2098 ἡμῶν
895 2017 1037 2097 ἔγνωσαν
1058 2010 1112 2078 διδ
1133 2016 1190 2078 τοῦ
1210 2013 1321 2093 κυρίου
1341 2011 1431 2094 ἡμῶν
1451 2011 1553 2090 Ἰησοῦ
1569 2011 1631 2094 Χηυ

267 2124 358 2199 oroi,
379 2120 428 2185 d‘ta
449 2126 513 2206 ἔρις
533 2127 618 2189 ἔσται
637 2126 688 2189 ἐπὶ
708 2128 767 2188 τοῦ
785 2128 939 2207 ὀνόματος
959 2126 1013 2200 τῆς
1032 2125 1216 2201 ἐπισκοπῆς·
1238 2120 1292 2187 διδ
1312 2120 1426 2199 ταύτην
1445 2117 1505 2187 οὖν
1525 2116 1577 2198 την
1593 2124 1631 2184 α’·

267 2230 338 2294 rica
357 2233 536 2312 πρόγνωσιν
550 2233 711 2317 εἰληφότες
731 2234 862 2310 τελείαν,
883 2238 1072 2311 κατεστησαν
1092 2226 1166 2308 τούς
1182 2236 1434 2314 προειρημένους,
1456 2232 1512 2295 καὶ
1531 2224 1629 2314 timii

268 2335 422 2421 ἐπινομήν
434 2345 463 2377 ²⁵
487 2338 680 2418 δεδοίκασιν,
701 2342 788 2417 ὅπως
808 2341 867 2408 tata
887 2342 1097 2427 samaritissa,
1119 2341 1321 2419 διαδέξωντοιι
1341 2346 1442 2420 ἕτεροι
1462 2340 1631 2431 δεδοκιμασ

268 2454 357 2531 μένοι
376 2444 490 2531 ἄνδρες
510 2444 566 2528 την
586 2451 782 2534 λειτουργίαν
802 2450 915 2518 αὐτῶν.
957 2452 993 2516 Et
1023 2452 1148 2536 apostoli
1175 2453 1268 2517 nostri
1290 2458 1494 2533 cognoverunt
1515 2469 1567 2533 per
1586 2449 1630 2512 os

270 2559 380 2622 minum
403 2567 533 2624 nostrum
554 2561 654 2625 Jesum
678 2561 832 2643 Christum,
855 2563 935 2644 quod
954 2561 1049 2627 turma
1070 2570 1151 2627 esset
1164 2562 1311 2626 eontentio
1334 2561 1372 2625 de
1393 2562 1515 2625 nomine
1535 2561 1630 2643 episoo

269 2673 369 2749 patus:
398 2668 527 2733 obeam
558 2689 633 2754 ergo
663 2690 811 2752 caussam,
844 2680 964 2754 accepta
991 2672 1122 2754 perfecta
1148 2672 1406 2755 praecognitione,
1438 2672 1653 2759 constituerunt1

269 2794 356 2858 supra
377 2777 483 2859 dictos,
514 2787 543 2843 et
572 2781 711 2864 deinceps
732 2782 846 2846 futurae
874 2782 1071 2846 successionis
1092 2781 1225 2864 regulam
1245 2780 1440 2861 tradiderunt3
1467 2788 1502 2843 ut
1522 2776 1630 2843 cunili
1652 2806 1653 2809 ¹

269 2885 462 2971 decederent,
489 2888 634 2970 publicum
665 2908 769 2954 eorum
790 2909 894 2955 munus
922 2890 971 2954 alii
994 2890 1107 2973 probati
1127 2893 1182 2955 viri
1203 2890 1405 2973 οτιοὶροιοολιι
1446 2888 1631 2973 Reprehensio

268 2996 358 3078 igitur
371 2996 461 3078 Pauli,
481 3007 677 3082 usurpatoque
698 2999 734 3063 ab
756 3018 794 3064 eo
814 3001 904 3064 verba
924 3018 984 3065 non
1003 3019 1041 3064 eo
1061 3002 1215 3084 pertinent,
1236 3008 1267 3064 ut
1283 2999 1331 3084 vel
1345 2999 1481 3082 singulae
1504 2999 1631 3065 eoelesitte

268 3105 330 3168 suis
351 3105 505 3171 destitutae
528 3108 684 3191 capitibus,
712 3109 761 3172 ael
781 3109 956 3173 universalis
978 3108 1105 3174 eeclesia
1131 3127 1187 3174 suo
1208 3112 1318 3192 privata
1339 3111 1548 3190 oecumenico,
1575 3125 1631 3172 eor

268 3215 430 3296 spicuoque
451 3217 546 3299 eapite
567 3226 750 3282 censeantur.

376 3328 445 3387 357.
488 3325 553 3399 Quo
582 3328 670 3409 igitur
695 3326 864 3409 pertinenti
892 3330 918 3392 si
946 3327 1017 3391 milri
1043 3327 1073 3390 id
1099 3336 1180 3392 esset
1207 3330 1294 3392 unice
1313 3330 1494 3412 propositum
1521 3337 1554 3393 ut
1571 3343 1631 3410 quot

267 3430 410 3495 adversus
430 3433 508 3499 Petri
529 3435 700 3519 dignitatem
721 3436 912 3518 obiiciantur,
934 3437 1129 3519 repellerem;
1150 3456 1270 3520 possem
1291 3437 1369 3502 illico
1392 3438 1577 3522 breviterque
1595 3454 1632 3499 re

268 3542 432 3622 spondere:
455 3562 514 3608 non
536 3546 611 3609 haue
633 3565 701 3611 esse
725 3548 936 3628 quaestionem,
958 3565 1056 3628 neque
1078 3546 1115 3610 de
1130 3565 1168 3610 eo
1190 3546 1398 3629 inpraesentia
1418 3550 1483 3631 agi,
1506 3563 1631 3631 quaenam

268 3648 348 3713 Pauli
373 3651 472 3717 verbis
501 3671 641 3736 germana
663 3658 730 3719 insit
750 3657 909 3734 sententia,
937 3656 991 3719 sed
1014 3663 1110 3720 utrum
1137 3658 1302 3739 conspicui,
1332 3659 1519 3741 supremique
1547 3655 1632 3738 capitis

269 3762 425 3825 auctoritas
445 3762 532 3837 Petro
560 3773 671 3829 asserta
699 3766 802 3829 iisdem
831 3766 1002 3848 denegetur.
1046 3765 1190 3840 Quoniam
1219 3785 1291 3830 vero
1319 3767 1389 3831 mihi
1409 3770 1538 3850 inprimis
1557 3765 1632 3831 desti·

268 3876 367 3932 natum
387 3878 444 3951 est,
473 3874 587 3936 veritmi
609 3893 667 3957 quo
688 3879 781 3957 aptius
801 3878 912 3958 possim
933 3876 1106 3957 consuere,
1137 3877 1341 3959 sinceramque
1360 3878 1571 3961 scripturarum
1590 3874 1632 3936 do

269 3981 391 4044 etrinam
409 4000 464 4045 suo
486 3982 515 4046 in
537 3982 645 4049 lumine
667 3985 830 4050 collocare:
861 3993 922 4049 ιιιιο
948 3988 1036 4051 etiam
1062 3987 1232 4069 opportunis
1253 3988 1396 4069 exemplis
1415 3989 1584 4065 ostendere,
1608 3984 1631 4044 it

329 4150 374 4226 ὀ)
395 4150 417 4207 r.
436 4152 502 4208 rin.
523 4153 569 4210 ιν.
593 4154 640 4211 ιε.
938 4159 1126 4243 Δίιειρσηοιι
1145 4150 1187 4230 :qt
1208 4131 1273 4236 :pp
1295 4159 1389 4233 περι,
1410 4166 1438 4215 ει
1458 4154 1631 4232 nenpsosoe.

329 4256 375 4332 ²¹)
396 4257 448 4314 ro.
470 4258 491 4314 r.
513 4262 540 4315 a.

330 4362 376 4439 ²²)
396 4364 484 4438 Epist.
506 4364 540 4421 ad
560 4364 679 4422 Corinth.
709 4366 736 4438 S.
757 4367 833 4423 ltttt.
1153 4452 1159 4465 .
1329 4453 1335 4466 ι

330 4469 376 4542 ²⁸)
396 4469 473 4526 Sient
498 4472 608 4545 proprie
635 4464 751 4549 ἀπαρχή
776 4501 817 4524 =
844 4473 932 4551 urps]
1044 4452 1089 4528 ²⁴)
1109 4451 1196 4525 Epist
1219 4450 1254 4508 ad
1273 4450 1392 4508 Corinth.
1414 4449 1442 4521 ς.
1459 4449 1548 4507 xliv.

270 4605 340 4677 apud
364 4606 550 4664 alexandrinos
570 4608 655 4664 levit.
675 4608 769 4665 xxm.
792 4608 930 4682 to-tr,
1042 4609 1087 4685 ²⁸)
1107 4609 1147 4666 De
1167 4610 1276 4684 propria
1297 4603 1429 4684 ἐπιτομῆς
1451 4604 1629 4681 sigoidostittt

267 4715 295 4766 et
312 4711 390 4767 Deut
408 4710 503 4768 xxvi.
521 4713 549 4769 2.
571 4714 681 4771 denotat
698 4718 811 4792 [ηιηωπ
827 4721 931 4792 primi-
980 4716 1099 4789 pluribus
1119 4721 1230 4788 egerunt
1249 4716 1356 4788 innius,
1378 4713 1539 4785 Salmasius,
1561 4708 1627 4767 [λων

266 4820 337 4891 τίσις
368 4820 405 4875 ita
437 4823 618 4896 metaphorice
648 4825 773 4898 exprimit
804 4826 930 4896 quidquid
979 4824 1044 4897 rius,
1063 4822 1103 4878 De
1123 4822 1219 4896 Mares,
1241 4822 1435 4894 llammondos,
1456 4820 1556 4891 Fellos,
1575 4825 1627 4887 qut

268 4931 311 4981 est
331 4926 357 4981 in
377 4941 427 4983 sno
447 4944 546 4999 genere
565 4932 828 5002 praestantissimum.
856 4931 931 4988 Unde
978 4945 1037 4986 rum
1061 4929 1228 4987 coniectura
1255 4929 1337 4985 retest
1357 4927 1475 4987 Clericus
1494 4929 1521 4983 ln
1541 4923 1625 4979 amir

981 4297 1025 4353 rei
1045 4296 1173 4369 optimus.

267 5031 341 5088 llum
356 5031 451 5092 xttltt
471 5034 794 5095 12—2a-eo-ea.
814 5026 930 5112 ἄπαρχη
979 5034 1127 5093 ledonensi
1141 5033 1359 5109 Apostolicorum
1372 5035 1479 5095 ranan
1497 5030 1612 5093 εδίλλοισι
1652 5108 1653 5125 ¹
