3300 5402
216 363 277 424 m
706 359 838 429 umas
877 359 1113 427 SECUNDUS

217 528 249 595 st
279 529 358 591 enim
390 525 409 592 ό
443 478 652 616 ττροφητικόςι
666 528 759 611 λόγος
791 528 928 611 splendet
961 530 1011 594 ille
1040 529 1180 613 quidem,
1215 551 1318 595 verum
1353 550 1413 595 non
1445 530 1584 614 splendore

216 638 288 703 solis
302 638 357 702 sed
372 638 521 718 lucernae,
542 658 578 702 ac
591 639 726 721 splendet
737 640 768 702 in
780 638 847 703 loco
866 640 1016 722 squalid03
1038 641 1087 721 qui
1103 641 1279 722 contingere
1293 649 1390 723 potest
1403 648 1434 703 ut
1450 640 1583 724 dcntmptr

217 767 257 810 ex
278 766 315 811 eo
338 755 510 831 argumenta
533 766 593 810 non
613 745 797 831 βεβαιότερα
818 748 907 812 modo
927 750 999 828 sint,
1030 748 1086 811 sed
1106 748 1185 813 nulla
1216 768 1334 832 quoque
1356 750 1484 834 caligine
1507 752 1585 814 inune

217 840 361 921 brenturi

324 967 474 1042 Quaedam
505 968 594 1050 igitur
620 965 801 1046 obscuritas,
832 986 908 1048 quae
938 985 1037 1049 neque
1066 968 1243 1031 evidentiam
1269 968 1474 1047 revelationis,
1505 986 1585 1050 oeque

218 1078 409 1141 constantiam
424 1077 604 1140 assensionis
618 1076 745 1157 impedit,
760 1078 925 1159 proprietas
940 1084 997 1152 est,
1012 1095 1175 1160 eorumque
1187 1085 1428 1159 argumentorum
1443 1077 1585 1155 chamoter,

218 1205 294 1269 quae
316 1206 334 1248 e
354 1186 459 1249 divinis
482 1194 566 1249 eruta
587 1187 690 1248 litteris
712 1184 750 1248 ad
763 1185 851 1248 fidem
872 1185 1107 1266 persuadendam
1136 1186 1318 1250 adhibentur.
1361 1187 1447 1263 Quod
1457 1187 1584 1253 Paulus²⁸

219 1297 372 1378 expressit,
394 1297 543 1377 inquiens:
572 1292 738 1376 Βλέπομεν
763 1291 828 1376 γάρ
842 1297 870 1329 ⁵⁹
898 1287 969 1375 τλρτι
998 1292 1035 1357 δι’
1065 1297 1215 1377 tromper
1237 1302 1272 1361 dr
1288 1297 1468 1380 αἰνίγματι,
1487 1299 1548 1360 τότε
1559 1293 1586 1357 tt

218 1403 390 1486 πρόςωπον
410 1398 685 1487 πρόςττρόςωπον.
735 1401 881 1468 Videmus
896 1410 976 1467 enim
996 1425 1079 1468 nunc
1094 1407 1134 1485 ⁸⁰,
1157 1405 1236 1489 quod
1257 1406 1293 1470 ad
1305 1405 1482 1486 firmdatem,
1501 1408 1587 1468 immo

219 1524 336 1599 tamque
356 1517 557 1598 persuasionis
579 1514 782 1579 cerumdtnem
798 1517 825 1548 ⁶¹
850 1514 1018 1596 requiritur,
1041 1514 1095 1577 sed
1110 1514 1242 1578 videmus
1261 1534 1318 1595 per
1331 1513 1494 1595 τμοττιλιιπ
1513 1522 1587 1594 otono

219 1633 253 1690 τ’τι
267 1632 449 1709 οστιιρτιοιτ,
472 1623 552 1706 qnod
572 1626 673 1706 nequit
688 1622 724 1686 ab
740 1622 850 1687 umbris
872 1641 941 1687 csse
963 1624 1137 1704 seiunctum,
1160 1642 1236 1705 quae
1249 1632 1309 1688 tum
1323 1632 1505 1689 evanescent
1516 1642 1588 1709 quau

218 1736 382 1800 videbimus
398 1732 488 1819 socie
507 1735 551 1798 ad
561 1732 681 1819 soctan
703 1712 859 1839 0³32&ss
874 1738 966 1841 0³39,
989 1733 1069 1814 quod
1092 1733 1158 1815 plus
1179 1733 1257 1797 valet
1277 1752 1365 1815 quem
1386 1712 1514 1830 02⁵⁸)ss
1534 1740 1585 1828 ῃῇ,

219 1886 322 1968 στόμα
353 1885 433 1968 πρός
460 1885 578 1967 στόμα,
611 1886 805 1968 designatque
832 1887 976 1950 visionem
1005 1904 1066 1950 non
1092 1886 1274 1963 mediatam,
1308 1887 1362 1950 sed
1391 1886 1588 1962 λιιιιπτόλτλτττ

219 2016 307 2080 quam
328 1996 396 2059 abbi
409 1999 437 2032 ⁸²
462 1996 530 2059 dicit
549 1990 644 2076 εἶδος,
667 1994 819 2060 lohannes
834 1998 862 2029 ‘³
885 2014 959 2059 vero
980 1996 1124 2059 visionem
1145 1994 1210 2073 Dei,
1234 1993 1351 2071 καθώς
1371 2000 1445 2060 ἐστι.

327 2113 376 2169 38.
418 2106 510 2169 lluius
537 2113 635 2168 autem
658 2105 860 2187 obscuritatis,
881 2102 920 2169 n'e
942 2107 1040 2170 omnia
1071 2105 1211 2187 persequi
1238 2104 1357 2186 videar,
1387 2105 1468 2170 όαοτ
1494 2122 1588 2187 eosque

219 2216 387 2298 potissimos
408 2216 526 2277 innuam
539 2212 656 2296 sontes,
679 2212 858 2279 obiecticom
878 2214 1018 2296 alterum,
1053 2233 1088 2277 ac
1109 2212 1232 2276 alterum
1254 2210 1473 2301 sublectionem,
1500 2215 1588 2297 quique

220 2326 292 2387 situs
314 2325 344 2386 in
364 2325 450 2387 nobis
471 2332 531 2401 est,
563 2332 594 2387 et
620 2342 637 2387 a
666 2323 752 2387 nobis
773 2323 959 2405 repetendus.
1001 2322 1038 2386 Et
1058 2342 1130 2387 sane
1158 2322 1298 2402 decebat,
1320 2332 1352 2387 ut
1379 2342 1458 2407 quae
1487 2332 1530 2387 est
1547 2320 1589 2383 tta·

221 2436 348 2498 auctoris
369 2435 453 2516 ratio,
476 2435 580 2498 eadem
602 2437 632 2498 in
651 2434 782 2517 prolecta
804 2433 840 2495 ab
861 2434 925 2514 ipso
945 2432 1127 2496 revelatione
1148 2434 1300 2496 emineret.
1343 2431 1396 2498 Est
1415 2451 1507 2515 porro
1524 2430 1589 2494 Deus

219 2562 280 2606 non
302 2545 397 2626 magis
425 2540 444 2607 ὁ
473 2545 697 2628 φανερώτατος
726 2562 813 2625 quam
842 2539 1026 2628 ὁολιμοινής,
1053 2560 1089 2605 ac
1116 2548 1273 2623 propterea
1288 2544 1315 2576 ‘⁴
1341 2544 1415 2629 τμῶς
1439 2540 1590 2624 οὶπρόςιτον

219 2653 381 2718 inhabitare
403 2653 580 2736 perhibetur.
623 2652 754 2718 Docebat
775 2651 1027 2735 supernaturalem
1047 2648 1256 2733 ἀποκάλυψιν
1286 2653 1409 2715 naturali
1439 2661 1471 2716 et
1490 2668 1590 2716 cosmo

219 2763 336 2847 logicae
350 2766 379 2800 ⁶⁵
410 2766 622 2846 quadamtenus
649 2763 847 2845 respondere,
878 2769 909 2824 ut
940 2779 1015 2825 unus
1050 2759 1187 2843 idemque
1218 2757 1298 2823 Deus
1326 2763 1479 2844 utriusque
1507 2766 1592 2824 aucto

222 2963 363 3050 φωςφόρφ
389 2973 475 3029 lucem
501 2972 617 3029 adventu
638 2972 736 3029 Christi
758 2973 890 3030 uberrime
939 2960 1101 3039 ιιοιτόθτσις,
1120 2973 1166 3028 rei
1180 2988 1238 3028 τιοτι
1256 2973 1420 3046 opponendis
1439 2974 1537 3029 uniam
1553 2986 1590 3025 ιτ-

222 3080 347 3137 timeon
368 3079 523 3150 significari.
555 3080 629 3147 Quae
650 3080 834 3153 interpretatio
849 3077 890 3134 id·
938 3079 1047 3134 τττιτισε
1074 3082 1131 3151 est,
1160 3083 1190 3134 nt
1210 3085 1305 3135 auctor
1325 3077 1463 3135 Orationis
1488 3078 1520 3134 de
1540 3075 1590 3132 lide

194 3198 199 3205 ·
225 3188 298 3243 circo
319 3185 382 3242 mihi
401 3199 453 3240 non
475 3184 619 3260 probatur,
646 3185 718 3259 quod
742 3202 800 3241 cum
821 3202 890 3243 orc-
940 3183 1010 3256 apud
1025 3182 1153 3239 Basiliam
1166 3184 1292 3258 loquitur,
1313 3175 1516 3260 συγκατάθεσις
1526 3169 1591 3238 idti-

223 3293 305 3350 te‘cois
324 3291 447 3348 subiecto
468 3292 553 3347 minus
574 3298 635 3366 apte
656 3292 815 3348 consentiat.
843 3290 891 3346 l’e-
939 3306 1030 3364 κριτος
1056 3284 1112 3346 τόν
1139 3279 1349 3359 ἀκουσθέντων,
1375 3289 1405 3346 dr
1431 3283 1590 3364 πληροφορίᾳ

224 3405 280 3456 trus
293 3399 364 3454 enirn
375 3397 535 3453 christianos
551 3397 700 3471 alloquitur,
718 3398 891 3472 quibcsiarn-
939 3390 990 3469 τῆς
1009 3385 1148 3468 όλρθιλιις
1167 3390 1223 3451 τόν
1241 3393 1437 3472 compotum
1461 3389 1530 3453 θοοῦ
1551 3380 1590 3467 χᾶ·

224 3505 327 3578 pridem
347 3502 394 3559 lux
413 3503 542 3561 dominici
563 3504 693 3561 adventus
714 3503 856 3559 atlvdserat.
941 3520 1008 3578 ριττ,
1036 3517 1130 3561 conen
1156 3518 1228 3574 potue
1252 3502 1352 3559 sedito
1374 3509 1439 3559 runt
1457 3500 1589 3558 mauce

286 3609 331 3683 Η)
352 3607 373 3664 l.
390 3607 452 3664 cor.
474 3608 544 3665 lllll.
568 3609 613 3665 12.
941 3607 1105 3684 approbatio
1130 3609 1193 3665 siae
1220 3607 1282 3664 ullo
1312 3607 1512 3679 λοττίισιίοτιο,
1541 3618 1589 3661 css

286 3714 332 3790 ⁵⁹)
354 3714 510 3770 lenticulam
531 3706 586 3791 ycip
607 3718 733 3772 omittunt
753 3730 806 3771 non
834 3714 892 3788 plu·
937 3715 1025 3789 pleno
1034 3715 1219 3788 persuasore
1233 3715 1269 3771 de
1281 3717 1398 3775 unitate
1413 3733 1517 3786 οοιτιιιι,
1534 3724 1589 3786 μ’

224 3838 268 3879 res
288 3821 374 3878 solum
395 3820 504 3877 codices
525 3825 554 3875 et
572 3819 676 3894 Patres,
697 3837 788 3877 verum
810 3821 889 3876 etiam
940 3820 996 3880 Dei
1014 3837 1128 3879 τινιιτττ
1147 3829 1211 3877 root
1227 3822 1402 3895 praedicato

222 3929 347 4000 vulgatus
368 3934 396 3984 et
417 3927 550 3982 armenius
571 3927 739 3999 interpretes.
1001 3927 1093 4001 ltaque
1120 3927 1183 3984 lidei
1210 3928 1356 4000 opponitur
1380 3918 1471 4003 ἐποχή
1495 3931 1521 3981 et
1541 3933 1589 3977 at*

287 4032 333 4106 ⁰⁰)
352 4033 427 4089 Nunc
446 4048 525 4105 quom
547 4039 652 4089 manent
672 4049 698 4087 v.
716 4032 768 4088 li:
794 4031 891 4101 πίστις,
942 4034 1105 4091 demicorum
1126 4021 1260 4109 όρῤιψλα,
1280 4040 1308 4091 et
1327 4049 1343 4089 τ
1365 4033 1446 4091 Paulo
1467 4034 1587 4106 propterea

223 4139 316 4208 ἐλπίς,
343 4128 456 4213 ολμόπηι
484 4154 552 4194 nunc
572 4140 634 4195 dnm
654 4139 841 4210 cognoscimus
861 4136 892 4194 du
943 4141 1041 4196 dicitnr
1062 4139 1096 4196 ed
1117 4138 1222 4194 Coloss.
1243 4138 1276 4195 ll.
1298 4143 1326 4196 b.
1345 4130 1379 4197 ri
1399 4132 1589 4215 οτιρέτιμᾱτθλ

223 4244 342 4322 pipere:
376 4260 445 4300 nunc
474 4243 535 4300 dum
566 4243 646 4300 nobis
678 4244 784 4317 quidem
816 4244 893 4301 adest
943 4245 1024 4302 liebr.
1038 4245 1084 4301 Vl.
1101 4243 1148 4301 19.
1168 4260 1228 4301 cunr
1249 4234 1359 4320 οἶμιιόρρ
1379 4249 1549 4318 comparatas·

222 4347 335 4430 γνῶσις,
362 4365 415 4406 non
436 4355 523 4405 autern
551 4348 707 4426 ἐπίγνωσις,
735 4367 802 4424 quae
822 4351 893 4407 noti·
1005 4351 1051 4427 ⁰²)
1071 4350 1103 4407 lL
1121 4350 1183 4407 Cor.
1204 4350 1238 4407 V.
1261 4350 1287 4407 7.

226 4461 290 4516 tiam
312 4457 394 4515 multo
413 4457 560 4530 pleniorem
587 4457 727 4530 exprimit,
758 4458 835 4530 quia,
863 4463 893 4513 vt
1005 4455 1289 4533 ⁶³)1.tcu.111.2.

224 4565 381 4625 Eustatbius
412 4570 520 4636 monet,
553 4552 571 4635 ἡ
600 4559 657 4619 dni
683 4552 821 4638 opidanos
846 4560 893 4618 καὶ
1005 4562 1244 4637 Ἠ)1.’λ“ἰιιι.λλλ
1268 4561 1314 4618 tu.

223 4661 369 4748 οἰκρλβιιότ
391 4688 452 4728 τινα
476 4668 601 4743 σημαίνοι
627 4666 674 4724 καὶ
701 4667 826 4726 ἐπίτασιν
851 4668 892 4725 dr·
1005 4669 1050 4745 ⁶⁶)
1079 4669 1296 4741 Cosmologicam
1322 4667 1509 4725 revelationem
1530 4659 1585 4721 dan

225 4777 337 4856 τρμιλιις.
942 4792 1009 4849 quae
1038 4777 1199 4849 conspicuae
1224 4775 1406 4833 univcrsitatis
1430 4787 1512 4830 τοττι
1530 4778 1586 4822 ut*

288 4886 335 4959 ⁶¹)
364 4883 413 4939 Est
433 4885 504 4940 enim
524 4883 607 4955 tides,
635 4890 664 4938 ut
684 4881 754 4955 apud
775 4881 894 4939 Clemen-
942 4884 1016 4939 tione
1036 4884 1200 4955 continetur,
1227 4898 1356 4954 quamque
1375 4879 1469 4936 Paulus
1488 4864 1584 4934 dumi

226 4998 279 5049 tem
300 4989 498 5047 alexandrinum
520 4990 546 5045 in
563 4989 649 5045 altero
664 4989 828 5045 stromatum
846 4987 894 5044 de-
945 4987 1083 5046 19-20.
1104 4988 1258 5063 φατλροτσιτ
1277 4992 1372 5059 vocat,
1403 5002 1455 5061 qea
1473 4972 1527 5041 cisi
1542 4970 1584 5031 πό·

227 5098 330 5171 initur,
357 5085 484 5171 όφοινοόο
509 5085 674 5170 πρόγματοι·
699 5083 811 5165 meai
831 5108 894 5167 σογ-
943 5108 1012 5158 στοτς
1031 5084 1137 5168 νόσμον
1157 5092 1192 5151 ab
1207 5094 1269 5167 ipae
1288 5093 1401 5151 condic
1421 5088 1525 5161 mae,
1540 5084 1585 5141 ”d
