3258 5400
211 324 254 384 92
736 315 869 381 IMR
909 312 1076 382 rrimus

210 488 377 574 perfecerit,
398 494 432 550 ut
449 486 519 550 fidei
539 485 716 568 cromatia,
737 493 769 551 et
788 505 912 551 manae
929 483 1060 549 tuendae
1080 483 1201 547 hrum
1222 482 1292 547 fidei
1311 481 1414 548 Petrus
1434 483 1572 563 emineret

211 599 290 663 nullo
317 599 411 680 aptius
438 597 575 677 nomine,
607 614 694 677 quun
718 603 872 676 primatus
892 602 926 659 tn
939 594 1022 678 fido,
1050 595 1183 660 ciusdem
1208 591 1353 674 ὑπεροχή
1380 593 1479 657 efferri
1502 610 1573 675 passo

211 709 333 773 videtur.
374 706 494 789 quuae
523 707 619 786 cuim,
646 712 734 787 peto,
762 706 800 769 ad
825 705 911 770 huius
936 709 1077 790 primatum
1102 707 1247 770 munem
1271 705 1441 768 uecesmria
1468 710 1528 766 suut
1547 722 1574 765 m

210 814 378 883 mffioiuuti
399 835 459 901 quo
480 834 545 879 rem
566 814 762 878 scrutabimur
781 817 926 898 intimius,
948 834 986 879 eo
1006 816 1218 900 perspiciemus
1241 814 1428 894 luculentius,
1455 815 1574 897 postulat

177 996 183 1007 ‚
210 948 245 991 ao
266 927 418 991 sufficere:
449 930 482 1004 1)
504 934 537 989 ut
555 925 631 988 illius
653 923 743 1005 tides,
772 927 822 1006 qui
843 943 881 988 eo
903 927 1029 1007 primatu
1048 927 1172 1009 iusignia
1192 925 1331 1005 tatem,
1361 928 1518 989 constantia
1535 946 1575 989 er·

211 1038 312 1102 callet:
335 1046 396 1100 tum
418 1042 453 1116 2)
473 1043 505 1099 ut
525 1035 651 1117 propriis
673 1033 814 1097 creditam
835 1035 914 1099 emis
936 1034 1057 1098 danum
1078 1034 1166 1099 tidem
1189 1035 1325 1099 divinitus
1344 1037 1500 1117 acceperit.
1531 1034 1576 1099 Sed

210 1149 281 1232 quid
307 1148 412 1210 horum
439 1146 525 1209 Petro
554 1140 666 1207 deluit?
697 1161 757 1206 nou
785 1145 925 1226 primum,
953 1163 1042 1226 quum
1055 1148 1084 1180 ²⁵
1116 1146 1256 1227 scriptum
1286 1144 1437 1227 legumus:
1469 1137 1527 1225 tyci
1550 1142 1576 1206 ti

210 1256 349 1335 ἐδεήθην
373 1256 446 1336 περὶ
472 1255 546 1329 σοῦ,
573 1254 626 1317 ἵνα
652 1250 695 1335 μή
723 1252 848 1338 ἐκλείπῃ
868 1251 888 1332 ἡ
909 1256 1009 1330 πίστις
1029 1272 1097 1318 σου.
1140 1253 1206 1317 Nou
1234 1253 1372 1333 ultanum,
1401 1272 1491 1336 quum
1509 1253 1575 1317 Petro

212 1369 339 1432 dicatru:
363 1363 510 1448 στήριξον
528 1361 603 1439 τούς
624 1360 787 1447 ἀδελφούς
808 1381 875 1427 σου.
918 1364 1097 1428 Praestantiu
1118 1382 1193 1446 ergo
1214 1363 1386 1446 attiguus
1407 1364 1485 1428 Petri
1503 1365 1575 1427 vars

213 1481 288 1542 simo
312 1477 439 1560 quodum
460 1492 551 1540 seusu
572 1480 633 1553 cst,
657 1472 773 1555 dicique
795 1473 884 1537 debet
901 1481 1055 1556 primatu
1075 1481 1108 1538 in
1122 1473 1200 1557 fide.

319 1644 368 1703 at.
411 1638 496 1713 Quod
516 1635 692 1701 sanctissimi
707 1634 854 1698 ecclesiae
868 1642 967 1718 patres
986 1635 1074 1699 modo
1096 1635 1221 1715 disertis,
1245 1654 1281 1697 uc
1303 1633 1578 1718 modosignilicandi

211 1757 355 1834 potestate
386 1746 650 1831 aequipollentibus
680 1746 832 1807 sententiis
864 1763 924 1808 nou
949 1746 1150 1827 infrequenter
1181 1743 1373 1807 declararum
1418 1746 1466 1809 Ad
1492 1745 1577 1809 harum

211 1861 337 1924 classem
356 1865 489 1941 spectant
502 1858 530 1890 ²⁴
553 1853 716 1935 Pnrdeutii‚
738 1854 836 1938 cyrilli
850 1858 878 1887 ²⁷
902 1853 1167 1938 hierosolymitani,
1190 1855 1389 1938 Chrysostomi
1404 1859 1434 1890 ²⁸
1458 1866 1488 1920 et
1505 1858 1577 1940 epte

211 1973 293 2035 sinae
307 1974 336 2007 ²·
360 1967 466 2053 synodi
486 1965 669 2044 testimonia,
690 1962 795 2046 qrdlrus
818 1961 974 2045 efferendi,
1004 1964 1198 2048 laudandique
1222 1964 1298 2028 Petri
1320 1969 1508 2031 occasionem
1526 1968 1577 2031 inde

213 2081 382 2159 desumunt,
412 2075 492 2159 quod
512 2093 652 2137 maurus
674 2072 759 2136 luerit
782 2071 844 2136 Dei
863 2071 1048 2154 desuetus,
1075 2082 1163 2155 atquc
1182 2073 1257 2137 adeo
1279 2082 1449 2140 ceterorum
1470 2081 1577 2142 omnum

213 2190 368 2271 magister,
393 2186 589 2268 praedicator
615 2204 770 2261 summus,
796 2184 844 2246 cui
865 2191 1020 2265 propterea
1042 2184 1148 2266 reliqui
1176 2202 1280 2248 omnes
1301 2205 1388 2249 aures
1410 2190 1577 2270 praeberem,

207 2297 287 2381 fidet
303 2306 401 2361 autem
412 2295 647 2379 firmamentum
659 2294 688 2325 ³·
712 2300 742 2355 ct
755 2290 905 2355 columna.
941 2292 988 2356 Ad
1001 2295 1130 2375 priorem
1145 2312 1218 2357 vero
1233 2294 1337 2360 referri
1353 2296 1465 2362 debent
1478 2318 1545 2382 qmc
1556 2302 1575 2331 '¹

215 2406 405 2488 Ambrosius,
427 2408 583 2471 Cassianus
596 2407 625 2439 ⁸¹
649 2412 678 2467 et
692 2405 719 2436 ⁸⁸
744 2402 908 2466 llarciams
929 2403 1088 2483 imperator
1109 2405 1294 2487 confirmant,
1314 2407 1350 2469 iis
1370 2427 1388 2470 a
1412 2408 1524 2472 Chnsto
1543 2428 1578 2472 ur·

212 2518 356 2580 ramentis
378 2517 494 2580 Petrum
519 2514 611 2578 fuisse
631 2516 812 2595 instructum,
835 2520 867 2575 ut
885 2521 1052 2592 prioratum
1068 2512 1153 2596 fidet,
1180 2521 1211 2577 et
1227 2511 1308 2595 fidei
1325 2522 1538 2598 principatum,
1555 2526 1578 2580 et

209 2634 417 2708 principatum
437 2632 470 2689 tn
491 2632 668 2707 qnacopatu
683 2622 762 2706 fidet
783 2622 947 2686 obtinuerit.
989 2624 1099 2700 Quibus
1114 2627 1139 2689 si
1154 2624 1308 2706 honorem,
1331 2628 1577 2711 excellentiamque

211 2738 369 2821 significari
397 2736 623 2816 contenderem,
652 2734 689 2797 de
717 2734 780 2815 ipsa
807 2732 874 2795 luce
904 2732 1056 2817 ambigere
1084 2735 1176 2798 videri
1203 2753 1263 2796 non
1292 2735 1440 2802 immerito
1468 2759 1577 2823 possem

210 2848 274 2911 llac
296 2849 384 2929 igitur
403 2848 576 2929 quaestione
597 2845 739 2927 seposita,
763 2843 832 2906 illud
854 2844 884 2905 in
904 2844 1032 2907 medium
1055 2844 1215 2907 adducatur
1235 2845 1347 2926 utilius,
1375 2855 1475 2913 utrum
1496 2859 1578 2914 aucto

211 2960 297 3038 ritas,
328 2976 422 3039 eaque
448 2959 544 3040 potior
572 2957 608 3019 iis
634 2952 959 3036 puriter-aiquilicelur.
1003 2951 1062 3018 Sed
1088 2954 1117 3016 in
1139 2963 1272 3037 promptu
1292 2963 1337 3018 est
1359 2964 1529 3043 responsio,
1553 2979 1580 3023 ro

210 3070 329 3132 omnino
358 3067 585 3149 expeditissima.
628 3064 769 3127 Primatus
797 3065 875 3126 enim
902 3061 986 3143 tidei,
1017 3069 1048 3125 et
1067 3064 1244 3147 principatus
1272 3067 1301 3128 in
1328 3069 1501 3152 episcopatu
1525 3069 1578 3132 fidei

210 3196 248 3241 nc
270 3178 394 3260 cogitari
416 3178 534 3259 quidem
557 3183 654 3238 mente
675 3180 812 3256 possam,
842 3173 922 3255 quin·
932 3171 1017 3235 simul
1039 3172 1076 3235 dc
1098 3193 1220 3239 munere
1244 3178 1404 3259 cogitetur,
1432 3200 1495 3263 quo
1512 3188 1579 3263 pote·

209 3296 254 3351 rut
282 3307 318 3351 uc
345 3286 472 3349 debebat
496 3285 597 3348 Petrus
619 3284 799 3346 constantiae
827 3291 857 3345 et
876 3284 1033 3365 integritati
1055 3287 1219 3349 communis
1241 3288 1369 3349 omnium
1391 3287 1463 3353 lidei
1483 3289 1579 3371 prospi-

211 3417 290 3459 cere.
332 3396 397 3459 Duo
425 3402 522 3458 autem
546 3401 613 3455 suot
636 3412 702 3456 cum
730 3392 788 3455 hoc
814 3411 935 3455 munere
963 3394 1127 3456 arctissime
1148 3393 1353 3474 cohaerentia,
1381 3403 1431 3459 tua
1456 3399 1578 3482 inprim'u,

212 3524 375 3587 eorumque
407 3505 535 3567 omnium
558 3500 718 3584 facultas,
745 3522 820 3585 quae
850 3502 947 3565 eidem
974 3503 1136 3586 explendo,
1163 3505 1401 3588 perficiendoque
1424 3508 1578 3572 necessaria

211 3621 311 3677 essent
331 3622 418 3695 atque
438 3620 614 3695 opportuna:
638 3610 777 3695 officium
791 3611 906 3693 deinde,
922 3631 981 3701 quo
995 3613 1099 3696 reliqui
1120 3614 1157 3677 ad
1179 3634 1269 3678 unum
1290 3634 1395 3679 omnes
1417 3637 1487 3680 cum
1507 3618 1578 3680 Petro

210 3727 388 3805 consentire,
411 3731 442 3787 et
454 3742 553 3804 uuam,
568 3724 762 3804 eamdemque
777 3741 844 3785 cum
856 3740 893 3785 eo
908 3723 995 3785 tidem
1010 3724 1137 3806 profiteri
1152 3732 1329 3788 tenerentur.
1368 3725 1504 3810 Dignitas
1518 3744 1578 3809 erqo

272 3986 317 4060 ¹³)
337 3985 400 4043 Luc.
421 3984 505 4069 xtuli.
526 3983 574 4041 32.
988 3984 1033 4060 ²⁹)
1055 3982 1116 4041 Act
1137 3982 1181 4040 [ll

272 4134 317 4210 ²⁸)
338 4134 452 4191 tractat
473 4132 519 4189 tit.
535 4131 568 4189 ΙΙ.
589 4147 650 4189 cou.
672 4134 875 4207 Symmachum,
987 4114 1034 4191 ⁸‘)
1053 4116 1128 4184 uuae
1143 4116 1249 4172 Pttrum
1265 4115 1391 4189 loquendi
1412 4118 1484 4175 ratio
1503 4135 1535 4175 ex
1552 4116 1580 4172 ils

211 4259 257 4298 rr.
280 4241 386 4298 1-2:
925 4222 1064 4295 perspicue
1091 4220 1205 4278 deducta
1232 4228 1289 4295 cst,
1316 4221 1414 4296 quihus
1439 4224 1530 4281 Paulus
1553 4222 1580 4278 da

335 4362 425 4415 gum,
440 4373 505 4417 quen
522 4362 618 4404 mm„
632 4360 735 4414 rernm,
926 4328 1039 4384 ecclesia
1054 4328 1164 4401 loqueos
1184 4327 1205 4383 l.
1220 4328 1287 4384 lim.
1307 4328 1350 4384 ΙΙΙ.
1372 4328 1419 4385 15.
1441 4332 1493 4388 ait:
1516 4321 1580 4391 'lieu

336 4444 440 4488 sanna·
454 4443 574 4498 usupare·
589 4442 708 4486 oo.....
925 4433 998 4492 toris
1022 4432 1153 4508 dmtqotu
1175 4430 1248 4492 (tauri
1274 4428 1390 4505 ζῶηος,
1420 4429 1518 4503 στύλος
1540 4430 1579 4490 sui

273 4581 319 4656 Π)
340 4580 446 4636 crece.
467 4579 512 4637 ru.
534 4597 560 4636 n.
578 4579 613 4636 s:
634 4576 743 4653 nepot
762 4571 779 4636 ὁ
800 4595 876 4652 ape
925 4537 1067 4617 &talla
1085 4535 1136 4614 ’ἧς
1156 4530 1300 4613 dueum.
1320 4570 1327 4577 ·

209 4676 346 4760 soosdnpc
364 4680 421 4744 sois
440 4675 620 4755 damaim,
647 4683 693 4743 καὶ
712 4682 763 4761 τῆς
781 4684 875 4761 &atq
987 4673 1033 4750 ³¹)
1052 4673 1092 4730 Dc
1111 4673 1242 4730 lucarnut
1263 4690 1322 4748 cup.
1336 4673 1382 4730 tv.
1403 4692 1430 4731 n.
1445 4675 1492 4741 32.

211 4792 274 4861 σίας
293 4800 445 4869 mititiam
463 4785 558 4870 ”ittig-
986 4807 1033 4882 ⁸²)
1051 4807 1091 4865 lte
1112 4806 1243 4863 lucamut
1263 4805 1312 4864 lib.
1327 4806 1371 4863 lu.
1392 4823 1452 4881 cap.
1464 4806 1518 4866 illl.

273 4944 319 5018 ²⁸)
345 4943 443 5000 llomd.
464 4943 498 5002 de
516 4943 675 5002 talentorum
700 4944 793 5019 decem
820 4942 879 5000 mil-
987 4936 1034 5012 ⁸³)
1063 4936 1149 5011 Epist
1175 4937 1290 4997 txxltt
1322 4938 1495 4999 inter'teon.
1522 4936 1578 4997 edit

214 5051 278 5109 lium
297 5049 430 5108 debitore.
464 5114 470 5121 ,
501 5118 505 5135 ι
926 5041 1049 5101 Ballerin
