<?xml version="1.0" encoding="UTF-8"?>
<!DOCTYPE html PUBLIC "-//W3C//DTD XHTML 1.0 Transitional//EN"
    "http://www.w3.org/TR/xhtml1/DTD/xhtml1-transitional.dtd">
<html xmlns="http://www.w3.org/1999/xhtml" xml:lang="en" lang="en">
 <head>
  <title>
</title>
<meta http-equiv="Content-Type" content="text/html;charset=utf-8" />
  <meta name='ocr-system' content='tesseract 3.04.00' />
  <meta name='ocr-capabilities' content='ocr_page ocr_carea ocr_par ocr_line ocrx_word'/>
</head>
<body>
  <div class='ocr_page' id='page_1' title='image "./commentariusdep00passgoog_0593.png"; bbox 0 0 3324 5382; ppageno 0'>
   <div class='ocr_carea' id='block_1_1' title="bbox 636 290 1469 361">
    <p class='ocr_par' dir='ltr' id='par_1_1' title="bbox 636 290 1469 361">
     <span class='ocr_line' id='line_1_1' title="bbox 636 290 1469 361; baseline -0.005 -3"><span class='ocrx_word' id='word_1_1' title='bbox 636 291 784 361; x_wconf 68' lang='lat' dir='ltr'><strong>CAPUT</strong></span> <span class='ocrx_word' id='word_1_2' title='bbox 823 292 916 360; x_wconf 76' lang='lat' dir='ltr'>xiv.</span> <span class='ocrx_word' id='word_1_3' title='bbox 1406 290 1469 354; x_wconf 72' lang='lat' dir='ltr'>sit</span> 
     </span>
    </p>
   </div>
   <div class='ocr_carea' id='block_1_2' title="bbox 72 455 1473 3609">
    <p class='ocr_par' dir='ltr' id='par_1_2' title="bbox 79 455 1472 1420">
     <span class='ocr_line' id='line_1_2' title="bbox 85 455 1470 546; baseline -0.002 -22"><span class='ocrx_word' id='word_1_4' title='bbox 85 459 201 542; x_wconf 79' lang='lat' dir='ltr'>dasque</span> <span class='ocrx_word' id='word_1_5' title='bbox 227 461 346 527; x_wconf 79' lang='lat' dir='ltr'>moros</span> <span class='ocrx_word' id='word_1_6' title='bbox 372 461 573 543; x_wconf 82' lang='lat' dir='ltr'>demandavit3</span> <span class='ocrx_word' id='word_1_7' title='bbox 603 463 631 525; x_wconf 90' lang='lat' dir='ltr'>is</span> <span class='ocrx_word' id='word_1_8' title='bbox 657 468 758 526; x_wconf 74' lang='lat' dir='ltr'>omen</span> <span class='ocrx_word' id='word_1_9' title='bbox 784 480 855 546; x_wconf 87' lang='lat' dir='ltr'>prae</span> <span class='ocrx_word' id='word_1_10' title='bbox 880 459 1016 525; x_wconf 91' lang='lat' dir='ltr'>omnibus</span> <span class='ocrx_word' id='word_1_11' title='bbox 1039 456 1201 523; x_wconf 88' lang='lat' dir='ltr'>audiendos</span> <span class='ocrx_word' id='word_1_12' title='bbox 1227 464 1289 538; x_wconf 89' lang='lat' dir='ltr'>est,</span> <span class='ocrx_word' id='word_1_13' title='bbox 1317 457 1367 541; x_wconf 88' lang='lat' dir='ltr'>qni</span> <span class='ocrx_word' id='word_1_14' title='bbox 1390 455 1470 538; x_wconf 83' lang='lat' dir='ltr'>fidet</span> 
     </span>
     <span class='ocr_line' id='line_1_3' title="bbox 79 567 1467 653; baseline -0.002 -21"><span class='ocrx_word' id='word_1_15' title='bbox 79 575 305 650; x_wconf 73' lang='grc' dir='ltr'><strong>ριίιιοιριιιιιιιι,</strong></span> <span class='ocrx_word' id='word_1_16' title='bbox 340 590 376 635; x_wconf 90' lang='lat' dir='ltr'>oc</span> <span class='ocrx_word' id='word_1_17' title='bbox 407 579 614 652; x_wconf 63' lang='lat' dir='ltr'>prmematom</span> <span class='ocrx_word' id='word_1_18' title='bbox 640 580 672 635; x_wconf 83' lang='lat' dir='ltr'>tn</span> <span class='ocrx_word' id='word_1_19' title='bbox 698 579 874 653; x_wconf 71' lang='lat' dir='ltr'>apocopatus</span> <span class='ocrx_word' id='word_1_20' title='bbox 895 569 973 653; x_wconf 84' lang='lat' dir='ltr'>fidet</span> <span class='ocrx_word' id='word_1_21' title='bbox 1006 567 1143 649; x_wconf 88' lang='lat' dir='ltr'>obtinuit,</span> <span class='ocrx_word' id='word_1_22' title='bbox 1172 575 1202 631; x_wconf 91' lang='lat' dir='ltr'>et</span> <span class='ocrx_word' id='word_1_23' title='bbox 1229 568 1276 630; x_wconf 91' lang='lat' dir='ltr'>cui</span> <span class='ocrx_word' id='word_1_24' title='bbox 1308 568 1467 631; x_wconf 88' lang='lat' dir='ltr'>iniunctum</span> 
     </span>
     <span class='ocr_line' id='line_1_4' title="bbox 82 676 1467 766; baseline -0.002 -24"><span class='ocrx_word' id='word_1_25' title='bbox 82 680 222 762; x_wconf 85' lang='lat' dir='ltr'>legimus,</span> <span class='ocrx_word' id='word_1_26' title='bbox 243 676 391 761; x_wconf 79' lang='grc' dir='ltr'>στήριξον</span> <span class='ocrx_word' id='word_1_27' title='bbox 410 680 484 755; x_wconf 78' lang='grc' dir='ltr'>τούς</span> <span class='ocrx_word' id='word_1_28' title='bbox 506 678 670 766; x_wconf 70' lang='grc' dir='ltr'>ἀδελφούς</span> <span class='ocrx_word' id='word_1_29' title='bbox 690 698 757 745; x_wconf 84' lang='grc' dir='ltr'><strong><em>σου.</em></strong></span> <span class='ocrx_word' id='word_1_30' title='bbox 800 680 855 745; x_wconf 86' lang='lat' dir='ltr'>llio</span> <span class='ocrx_word' id='word_1_31' title='bbox 875 688 973 744; x_wconf 86' lang='lat' dir='ltr'>autem</span> <span class='ocrx_word' id='word_1_32' title='bbox 995 686 1042 742; x_wconf 88' lang='lat' dir='ltr'>est</span> <span class='ocrx_word' id='word_1_33' title='bbox 1061 677 1173 741; x_wconf 85' lang='lat' dir='ltr'>Petrus.</span> <span class='ocrx_word' id='word_1_34' title='bbox 1216 676 1354 760; x_wconf 85' lang='lat' dir='ltr'>lsigitur</span> <span class='ocrx_word' id='word_1_35' title='bbox 1374 676 1467 740; x_wconf 74' lang='lat' dir='ltr'>andri</span> 
     </span>
     <span class='ocr_line' id='line_1_5' title="bbox 81 786 1470 873; baseline -0.003 -20"><span class='ocrx_word' id='word_1_36' title='bbox 81 808 156 872; x_wconf 89' lang='lat' dir='ltr'>prae</span> <span class='ocrx_word' id='word_1_37' title='bbox 178 790 314 853; x_wconf 90' lang='lat' dir='ltr'>omnibns</span> <span class='ocrx_word' id='word_1_38' title='bbox 335 789 439 871; x_wconf 89' lang='lat' dir='ltr'>debet,</span> <span class='ocrx_word' id='word_1_39' title='bbox 468 792 593 873; x_wconf 90' lang='lat' dir='ltr'>eiusque</span> <span class='ocrx_word' id='word_1_40' title='bbox 612 790 687 855; x_wconf 87' lang='lat' dir='ltr'>tides</span> <span class='ocrx_word' id='word_1_41' title='bbox 709 807 866 873; x_wconf 87' lang='lat' dir='ltr'>supremae</span> <span class='ocrx_word' id='word_1_42' title='bbox 886 791 978 852; x_wconf 90' lang='lat' dir='ltr'>instar</span> <span class='ocrx_word' id='word_1_43' title='bbox 996 804 1118 851; x_wconf 78' lang='lat' dir='ltr'>ammae</span> <span class='ocrx_word' id='word_1_44' title='bbox 1139 786 1259 868; x_wconf 83' lang='lat' dir='ltr'>haberi,</span> <span class='ocrx_word' id='word_1_45' title='bbox 1289 804 1365 869; x_wconf 88' lang='lat' dir='ltr'>quaa</span> <span class='ocrx_word' id='word_1_46' title='bbox 1385 805 1470 850; x_wconf 91' lang='lat' dir='ltr'>num·</span> 
     </span>
     <span class='ocr_line' id='line_1_6' title="bbox 84 897 1470 984; baseline -0.001 -21"><span class='ocrx_word' id='word_1_47' title='bbox 84 917 173 981; x_wconf 87' lang='lat' dir='ltr'>qaam</span> <span class='ocrx_word' id='word_1_48' title='bbox 207 900 370 963; x_wconf 74' lang='lat' dir='ltr'>deseratur.</span> <span class='ocrx_word' id='word_1_49' title='bbox 422 899 507 973; x_wconf 76' lang='lat' dir='ltr'>Quod</span> <span class='ocrx_word' id='word_1_50' title='bbox 535 900 636 963; x_wconf 79' lang='lat' dir='ltr'>Pennas</span> <span class='ocrx_word' id='word_1_51' title='bbox 661 902 848 983; x_wconf 15' lang='lat' dir='ltr'>&#39;cognomine</span> <span class='ocrx_word' id='word_1_52' title='bbox 875 899 1077 984; x_wconf 81' lang='lat' dir='ltr'>Cbrpsologus</span> <span class='ocrx_word' id='word_1_53' title='bbox 1108 899 1211 963; x_wconf 73' lang='lat' dir='ltr'>fidens</span> <span class='ocrx_word' id='word_1_54' title='bbox 1241 899 1279 962; x_wconf 92' lang='lat' dir='ltr'>ad</span> <span class='ocrx_word' id='word_1_55' title='bbox 1308 897 1470 982; x_wconf 79' lang='lat' dir='ltr'>Eutycbem</span> 
     </span>
     <span class='ocr_line' id='line_1_7' title="bbox 84 1006 1469 1092; baseline -0.001 -19"><span class='ocrx_word' id='word_1_56' title='bbox 84 1009 160 1073; x_wconf 78' lang='lat' dir='ltr'>dods</span> <span class='ocrx_word' id='word_1_57' title='bbox 172 1013 201 1044; x_wconf 84' lang='lat'>⁴⁴</span> <span class='ocrx_word' id='word_1_58' title='bbox 225 1008 400 1092; x_wconf 85' lang='lat' dir='ltr'>significavit</span> <span class='ocrx_word' id='word_1_59' title='bbox 416 1010 567 1092; x_wconf 74' lang='lat' dir='ltr'><strong>inquiens:</strong></span> <span class='ocrx_word' id='word_1_60' title='bbox 596 1010 649 1090; x_wconf 89' lang='lat' dir='ltr'>„ln</span> <span class='ocrx_word' id='word_1_61' title='bbox 670 1010 805 1073; x_wconf 89' lang='lat' dir='ltr'>omnibus</span> <span class='ocrx_word' id='word_1_62' title='bbox 826 1008 977 1073; x_wconf 76' lang='lat' dir='ltr'><strong>hortamur</strong></span> <span class='ocrx_word' id='word_1_63' title='bbox 994 1016 1034 1090; x_wconf 88' lang='lat' dir='ltr'>te,</span> <span class='ocrx_word' id='word_1_64' title='bbox 1056 1008 1146 1073; x_wconf 75' lang='lat' dir='ltr'>baim</span> <span class='ocrx_word' id='word_1_65' title='bbox 1166 1006 1356 1087; x_wconf 88' lang='lat' dir='ltr'>honorabilis,</span> <span class='ocrx_word' id='word_1_66' title='bbox 1377 1015 1410 1071; x_wconf 91' lang='lat' dir='ltr'>ot</span> <span class='ocrx_word' id='word_1_67' title='bbox 1422 1007 1469 1071; x_wconf 87' lang='lat' dir='ltr'>bis</span> 
     </span>
     <span class='ocr_line' id='line_1_8' title="bbox 84 1116 1470 1201; baseline -0.001 -18"><span class='ocrx_word' id='word_1_68' title='bbox 84 1136 162 1201; x_wconf 91' lang='lat' dir='ltr'>quae</span> <span class='ocrx_word' id='word_1_69' title='bbox 188 1137 206 1182; x_wconf 89' lang='lat' dir='ltr'>a</span> <span class='ocrx_word' id='word_1_70' title='bbox 232 1118 403 1182; x_wconf 88' lang='lat' dir='ltr'>beatissimo</span> <span class='ocrx_word' id='word_1_71' title='bbox 433 1136 507 1201; x_wconf 89' lang='lat' dir='ltr'>papa</span> <span class='ocrx_word' id='word_1_72' title='bbox 536 1136 677 1182; x_wconf 88' lang='lat' dir='ltr'>romonae</span> <span class='ocrx_word' id='word_1_73' title='bbox 706 1120 830 1182; x_wconf 87' lang='lat' dir='ltr'>civitatis</span> <span class='ocrx_word' id='word_1_74' title='bbox 863 1120 970 1201; x_wconf 83' lang='lat' dir='ltr'>scripta</span> <span class='ocrx_word' id='word_1_75' title='bbox 1002 1126 1086 1199; x_wconf 83' lang='lat' dir='ltr'>mant,</span> <span class='ocrx_word' id='word_1_76' title='bbox 1119 1116 1292 1181; x_wconf 68' lang='lat' dir='ltr'>obedienter</span> <span class='ocrx_word' id='word_1_77' title='bbox 1319 1117 1470 1199; x_wconf 69' lang='lat' dir='ltr'>edendas,</span> 
     </span>
     <span class='ocr_line' id='line_1_9' title="bbox 84 1226 1472 1312; baseline -0.001 -21"><span class='ocrx_word' id='word_1_78' title='bbox 84 1229 224 1310; x_wconf 85' lang='lat' dir='ltr'>qnoniam</span> <span class='ocrx_word' id='word_1_79' title='bbox 246 1227 351 1292; x_wconf 89' lang='lat' dir='ltr'>beatus</span> <span class='ocrx_word' id='word_1_80' title='bbox 374 1227 493 1309; x_wconf 86' lang='lat' dir='ltr'>Petrus,</span> <span class='ocrx_word' id='word_1_81' title='bbox 523 1230 573 1310; x_wconf 88' lang='lat' dir='ltr'>qui</span> <span class='ocrx_word' id='word_1_82' title='bbox 600 1230 630 1292; x_wconf 91' lang='lat' dir='ltr'>in</span> <span class='ocrx_word' id='word_1_83' title='bbox 657 1230 775 1312; x_wconf 87' lang='lat' dir='ltr'>propria</span> <span class='ocrx_word' id='word_1_84' title='bbox 799 1226 871 1292; x_wconf 90' lang='lat' dir='ltr'>sedo</span> <span class='ocrx_word' id='word_1_85' title='bbox 897 1236 928 1291; x_wconf 89' lang='lat' dir='ltr'>et</span> <span class='ocrx_word' id='word_1_86' title='bbox 950 1229 1020 1292; x_wconf 78' lang='lat' dir='ltr'>visit</span> <span class='ocrx_word' id='word_1_87' title='bbox 1044 1235 1074 1292; x_wconf 89' lang='lat' dir='ltr'>et</span> <span class='ocrx_word' id='word_1_88' title='bbox 1092 1233 1120 1265; x_wconf 80' lang='lat'>⁴⁶</span> <span class='ocrx_word' id='word_1_89' title='bbox 1150 1227 1316 1310; x_wconf 72' lang='lat' dir='ltr'>praesidet,</span> <span class='ocrx_word' id='word_1_90' title='bbox 1344 1232 1472 1310; x_wconf 73' lang='lat' dir='ltr'>praestat</span> 
     </span>
     <span class='ocr_line' id='line_1_10' title="bbox 85 1316 1016 1420; baseline -0.001 -19"><span class='ocrx_word' id='word_1_91' title='bbox 85 1337 294 1420; x_wconf 70' lang='lat' dir='ltr'>quaerentibus</span> <span class='ocrx_word' id='word_1_92' title='bbox 313 1337 381 1401; x_wconf 89' lang='lat' dir='ltr'>lidei</span> <span class='ocrx_word' id='word_1_93' title='bbox 402 1339 600 1402; x_wconf 82' lang='lat' dir='ltr'>veritatem.“&#39;</span> <span class='ocrx_word' id='word_1_94' title='bbox 1013 1316 1016 1321; x_wconf 32' lang='lat'><strong>⁴</strong></span> 
     </span>
    </p>

    <p class='ocr_par' dir='ltr' id='par_1_3' title="bbox 72 1444 1473 3609">
     <span class='ocr_line' id='line_1_11' title="bbox 193 1444 1471 1529; baseline -0.002 -19"><span class='ocrx_word' id='word_1_95' title='bbox 193 1446 277 1510; x_wconf 86' lang='lat' dir='ltr'>Unde</span> <span class='ocrx_word' id='word_1_96' title='bbox 298 1446 451 1511; x_wconf 82' lang='lat' dir='ltr'>lohannes</span> <span class='ocrx_word' id='word_1_97' title='bbox 465 1447 537 1511; x_wconf 87' lang='lat' dir='ltr'>Vlll.</span> <span class='ocrx_word' id='word_1_98' title='bbox 560 1448 591 1511; x_wconf 92' lang='lat' dir='ltr'>in</span> <span class='ocrx_word' id='word_1_99' title='bbox 613 1445 737 1529; x_wconf 87' lang='lat' dir='ltr'>epistola</span> <span class='ocrx_word' id='word_1_100' title='bbox 749 1448 777 1481; x_wconf 84' lang='lat'>⁴⁸</span> <span class='ocrx_word' id='word_1_101' title='bbox 799 1446 838 1511; x_wconf 87' lang='lat' dir='ltr'>ad</span> <span class='ocrx_word' id='word_1_102' title='bbox 858 1446 976 1510; x_wconf 87' lang='lat' dir='ltr'>Petrum</span> <span class='ocrx_word' id='word_1_103' title='bbox 996 1446 1155 1528; x_wconf 84' lang='lat' dir='ltr'>Comitem,</span> <span class='ocrx_word' id='word_1_104' title='bbox 1187 1465 1276 1529; x_wconf 88' lang='lat' dir='ltr'>quum</span> <span class='ocrx_word' id='word_1_105' title='bbox 1303 1446 1386 1528; x_wconf 89' lang='lat' dir='ltr'>plura</span> <span class='ocrx_word' id='word_1_106' title='bbox 1413 1444 1471 1509; x_wconf 87' lang='lat' dir='ltr'>alia</span> 
     </span>
     <span class='ocr_line' id='line_1_12' title="bbox 86 1555 1470 1639; baseline -0.001 -19"><span class='ocrx_word' id='word_1_107' title='bbox 86 1556 340 1639; x_wconf 72' lang='lat' dir='ltr'>praeclarissime,</span> <span class='ocrx_word' id='word_1_108' title='bbox 369 1563 430 1619; x_wconf 91' lang='lat' dir='ltr'>tum</span> <span class='ocrx_word' id='word_1_109' title='bbox 451 1557 506 1620; x_wconf 91' lang='lat' dir='ltr'>ista</span> <span class='ocrx_word' id='word_1_110' title='bbox 527 1558 696 1621; x_wconf 91' lang='lat' dir='ltr'>nominatim</span> <span class='ocrx_word' id='word_1_111' title='bbox 721 1555 838 1637; x_wconf 82' lang='lat' dir='ltr'>scribit,</span> <span class='ocrx_word' id='word_1_112' title='bbox 868 1556 975 1639; x_wconf 90' lang='lat' dir='ltr'>quibus</span> <span class='ocrx_word' id='word_1_113' title='bbox 996 1557 1059 1621; x_wconf 86' lang='lat' dir='ltr'>viro</span> <span class='ocrx_word' id='word_1_114' title='bbox 1080 1556 1262 1622; x_wconf 89' lang='lat' dir='ltr'>nobilissimo</span> <span class='ocrx_word' id='word_1_115' title='bbox 1290 1562 1392 1619; x_wconf 80' lang='lat' dir='ltr'>nnctm</span> <span class='ocrx_word' id='word_1_116' title='bbox 1415 1562 1470 1636; x_wconf 90' lang='lat' dir='ltr'>est,</span> 
     </span>
     <span class='ocr_line' id='line_1_13' title="bbox 85 1663 1472 1749; baseline -0.001 -20"><span class='ocrx_word' id='word_1_117' title='bbox 85 1673 117 1730; x_wconf 88' lang='lat' dir='ltr'>ut</span> <span class='ocrx_word' id='word_1_118' title='bbox 142 1665 318 1730; x_wconf 86' lang='lat' dir='ltr'>llichaelem</span> <span class='ocrx_word' id='word_1_119' title='bbox 347 1665 536 1748; x_wconf 74' lang='lat' dir='ltr'>bulgarorum</span> <span class='ocrx_word' id='word_1_120' title='bbox 560 1684 667 1749; x_wconf 88' lang='lat' dir='ltr'>regem</span> <span class='ocrx_word' id='word_1_121' title='bbox 695 1665 732 1729; x_wconf 90' lang='lat' dir='ltr'>od</span> <span class='ocrx_word' id='word_1_122' title='bbox 759 1667 946 1746; x_wconf 87' lang='lat' dir='ltr'>societatem,</span> <span class='ocrx_word' id='word_1_123' title='bbox 977 1667 1274 1749; x_wconf 77' lang='lat' dir='ltr'>conjunctionemque</span> <span class='ocrx_word' id='word_1_124' title='bbox 1301 1683 1367 1728; x_wconf 89' lang='lat' dir='ltr'>com</span> <span class='ocrx_word' id='word_1_125' title='bbox 1393 1663 1472 1728; x_wconf 87' lang='lat' dir='ltr'>Petri</span> 
     </span>
     <span class='ocr_line' id='line_1_14' title="bbox 87 1773 1472 1859; baseline -0.001 -20"><span class='ocrx_word' id='word_1_126' title='bbox 87 1775 227 1839; x_wconf 85' lang='lat' dir='ltr'>cathedra</span> <span class='ocrx_word' id='word_1_127' title='bbox 248 1782 407 1857; x_wconf 88' lang='lat' dir='ltr'>provocet,</span> <span class='ocrx_word' id='word_1_128' title='bbox 436 1775 592 1858; x_wconf 86' lang='lat' dir='ltr'>eidemque</span> <span class='ocrx_word' id='word_1_129' title='bbox 619 1782 780 1859; x_wconf 72' lang='lat' dir='ltr'>suggeratr</span> <span class='ocrx_word' id='word_1_130' title='bbox 820 1773 878 1856; x_wconf 88' lang='lat' dir='ltr'>„Ut</span> <span class='ocrx_word' id='word_1_131' title='bbox 905 1776 1109 1859; x_wconf 86' lang='lat' dir='ltr'>evangelicam</span> <span class='ocrx_word' id='word_1_132' title='bbox 1137 1775 1219 1859; x_wconf 88' lang='lat' dir='ltr'>legat</span> <span class='ocrx_word' id='word_1_133' title='bbox 1245 1775 1412 1855; x_wconf 66' lang='lat' dir='ltr'>hemmam,</span> <span class='ocrx_word' id='word_1_134' title='bbox 1441 1781 1472 1838; x_wconf 88' lang='lat' dir='ltr'>et</span> 
     </span>
     <span class='ocr_line' id='line_1_15' title="bbox 86 1882 1472 1969; baseline -0.001 -20"><span class='ocrx_word' id='word_1_135' title='bbox 86 1885 185 1949; x_wconf 77' lang='lat' dir='ltr'>videat</span> <span class='ocrx_word' id='word_1_136' title='bbox 207 1884 248 1947; x_wconf 87' lang='lat' dir='ltr'>ibi</span> <span class='ocrx_word' id='word_1_137' title='bbox 265 1891 430 1965; x_wconf 79' lang='lat' dir='ltr'>praecipue</span> <span class='ocrx_word' id='word_1_138' title='bbox 452 1883 513 1948; x_wconf 80' lang='lat' dir='ltr'>soli</span> <span class='ocrx_word' id='word_1_139' title='bbox 533 1882 638 1963; x_wconf 83' lang='lat' dir='ltr'>Petro,</span> <span class='ocrx_word' id='word_1_140' title='bbox 660 1885 724 1949; x_wconf 76' lang='lat' dir='ltr'>alib</span> <span class='ocrx_word' id='word_1_141' title='bbox 746 1887 801 1950; x_wconf 89' lang='lat' dir='ltr'>ista</span> <span class='ocrx_word' id='word_1_142' title='bbox 822 1885 870 1949; x_wconf 86' lang='lat' dir='ltr'>vel</span> <span class='ocrx_word' id='word_1_143' title='bbox 892 1885 941 1948; x_wconf 91' lang='lat' dir='ltr'>illa</span> <span class='ocrx_word' id='word_1_144' title='bbox 962 1886 1155 1969; x_wconf 87' lang='lat' dir='ltr'>opinantibus,</span> <span class='ocrx_word' id='word_1_145' title='bbox 1177 1883 1323 1948; x_wconf 85' lang='lat' dir='ltr'>Christum</span> <span class='ocrx_word' id='word_1_146' title='bbox 1336 1883 1392 1947; x_wconf 86' lang='lat' dir='ltr'>Dei</span> <span class='ocrx_word' id='word_1_147' title='bbox 1414 1882 1472 1947; x_wconf 78' lang='lat' dir='ltr'>vivi</span> 
     </span>
     <span class='ocr_line' id='line_1_16' title="bbox 84 1990 1472 2080; baseline 0 -22"><span class='ocrx_word' id='word_1_148' title='bbox 84 1991 173 2058; x_wconf 83' lang='lat' dir='ltr'>fabum</span> <span class='ocrx_word' id='word_1_149' title='bbox 202 1994 383 2074; x_wconf 86' lang='lat' dir='ltr'>revelatum,</span> <span class='ocrx_word' id='word_1_150' title='bbox 417 2003 446 2059; x_wconf 89' lang='lat' dir='ltr'>et</span> <span class='ocrx_word' id='word_1_151' title='bbox 471 1994 674 2079; x_wconf 65' lang='lat' dir='ltr'>singulariter</span> <span class='ocrx_word' id='word_1_152' title='bbox 701 1996 825 2060; x_wconf 89' lang='lat' dir='ltr'>dictum:</span> <span class='ocrx_word' id='word_1_153' title='bbox 861 2016 915 2080; x_wconf 75' lang='lat' dir='ltr'>ego</span> <span class='ocrx_word' id='word_1_154' title='bbox 933 2016 991 2075; x_wconf 85' lang='lat' dir='ltr'>pro</span> <span class='ocrx_word' id='word_1_155' title='bbox 1012 2004 1044 2059; x_wconf 85' lang='lat' dir='ltr'>te</span> <span class='ocrx_word' id='word_1_156' title='bbox 1064 2001 1185 2080; x_wconf 80' lang='lat' dir='ltr'>reponi,</span> <span class='ocrx_word' id='word_1_157' title='bbox 1214 1990 1324 2071; x_wconf 76' lang='lat' dir='ltr'>Patre,</span> <span class='ocrx_word' id='word_1_158' title='bbox 1351 2001 1472 2058; x_wconf 81' lang='lat' dir='ltr'>utnon</span> 
     </span>
     <span class='ocr_line' id='line_1_17' title="bbox 86 2101 1471 2190; baseline 0.001 -24"><span class='ocrx_word' id='word_1_159' title='bbox 86 2101 212 2185; x_wconf 83' lang='lat' dir='ltr'>deficiat</span> <span class='ocrx_word' id='word_1_160' title='bbox 228 2102 312 2184; x_wconf 79' lang='lat' dir='ltr'>fider</span> <span class='ocrx_word' id='word_1_161' title='bbox 334 2112 398 2168; x_wconf 84' lang='lat' dir='ltr'>too.</span> <span class='ocrx_word' id='word_1_162' title='bbox 433 2104 514 2187; x_wconf 83' lang='lat' dir='ltr'>lirgo</span> <span class='ocrx_word' id='word_1_163' title='bbox 536 2107 562 2169; x_wconf 90' lang='lat' dir='ltr'>si</span> <span class='ocrx_word' id='word_1_164' title='bbox 582 2107 645 2170; x_wconf 86' lang='lat' dir='ltr'>istis</span> <span class='ocrx_word' id='word_1_165' title='bbox 667 2106 739 2171; x_wconf 90' lang='lat' dir='ltr'>ialsa</span> <span class='ocrx_word' id='word_1_166' title='bbox 761 2106 940 2190; x_wconf 89' lang='lat' dir='ltr'>putantibus,</span> <span class='ocrx_word' id='word_1_167' title='bbox 961 2106 1048 2169; x_wconf 89' lang='lat' dir='ltr'>Petro</span> <span class='ocrx_word' id='word_1_168' title='bbox 1070 2106 1179 2171; x_wconf 85' lang='lat' dir='ltr'>veritos</span> <span class='ocrx_word' id='word_1_169' title='bbox 1198 2111 1364 2185; x_wconf 63' lang='lat' dir='ltr'>praeoptas</span> <span class='ocrx_word' id='word_1_170' title='bbox 1384 2122 1471 2167; x_wconf 86' lang='lat' dir='ltr'>reve·</span> 
     </span>
     <span class='ocr_line' id='line_1_18' title="bbox 86 2211 1471 2301; baseline -0.001 -25"><span class='ocrx_word' id='word_1_171' title='bbox 86 2211 143 2277; x_wconf 88' lang='lat' dir='ltr'>lata</span> <span class='ocrx_word' id='word_1_172' title='bbox 165 2221 230 2277; x_wconf 88' lang='lat' dir='ltr'>est:</span> <span class='ocrx_word' id='word_1_173' title='bbox 255 2222 285 2278; x_wconf 89' lang='lat' dir='ltr'>et</span> <span class='ocrx_word' id='word_1_174' title='bbox 306 2214 331 2277; x_wconf 89' lang='lat' dir='ltr'>si</span> <span class='ocrx_word' id='word_1_175' title='bbox 351 2232 404 2296; x_wconf 92' lang='lat' dir='ltr'>pro</span> <span class='ocrx_word' id='word_1_176' title='bbox 425 2213 482 2278; x_wconf 87' lang='lat' dir='ltr'>lide</span> <span class='ocrx_word' id='word_1_177' title='bbox 503 2214 580 2278; x_wconf 87' lang='lat' dir='ltr'>Petri</span> <span class='ocrx_word' id='word_1_178' title='bbox 601 2223 714 2279; x_wconf 89' lang='lat' dir='ltr'>oratum</span> <span class='ocrx_word' id='word_1_179' title='bbox 735 2214 940 2301; x_wconf 68' lang='grc' dir='ltr'>ιίιιφιιὶανέιεν</span> <span class='ocrx_word' id='word_1_180' title='bbox 961 2222 1007 2280; x_wconf 88' lang='lat' dir='ltr'>est</span> <span class='ocrx_word' id='word_1_181' title='bbox 1026 2233 1043 2278; x_wconf 90' lang='lat' dir='ltr'>o</span> <span class='ocrx_word' id='word_1_182' title='bbox 1065 2214 1138 2279; x_wconf 84' lang='lat' dir='ltr'>Filio</span> <span class='ocrx_word' id='word_1_183' title='bbox 1159 2233 1198 2278; x_wconf 93' lang='lat' dir='ltr'>ne</span> <span class='ocrx_word' id='word_1_184' title='bbox 1220 2214 1378 2295; x_wconf 77' lang='lat' dir='ltr'>deiiceret3</span> <span class='ocrx_word' id='word_1_185' title='bbox 1400 2230 1471 2275; x_wconf 89' lang='lat' dir='ltr'>con·</span> 
     </span>
     <span class='ocr_line' id='line_1_19' title="bbox 86 2322 1472 2406; baseline -0.001 -19"><span class='ocrx_word' id='word_1_186' title='bbox 86 2322 197 2387; x_wconf 85' lang='lat' dir='ltr'>siderei</span> <span class='ocrx_word' id='word_1_187' title='bbox 226 2324 344 2406; x_wconf 88' lang='lat' dir='ltr'>sapiens</span> <span class='ocrx_word' id='word_1_188' title='bbox 372 2343 427 2387; x_wconf 79' lang='lat' dir='ltr'>rer</span> <span class='ocrx_word' id='word_1_189' title='bbox 453 2342 541 2406; x_wconf 88' lang='lat' dir='ltr'>quam</span> <span class='ocrx_word' id='word_1_190' title='bbox 568 2323 750 2388; x_wconf 87' lang='lat' dir='ltr'>laudabiliter</span> <span class='ocrx_word' id='word_1_191' title='bbox 775 2323 880 2388; x_wconf 86' lang='lat' dir='ltr'>iecerit</span> <span class='ocrx_word' id='word_1_192' title='bbox 904 2325 1008 2388; x_wconf 86' lang='lat' dir='ltr'>urbem</span> <span class='ocrx_word' id='word_1_193' title='bbox 1039 2342 1202 2406; x_wconf 87' lang='lat' dir='ltr'>quaerens,</span> <span class='ocrx_word' id='word_1_194' title='bbox 1235 2323 1385 2405; x_wconf 86' lang='lat' dir='ltr'>adquam</span> <span class='ocrx_word' id='word_1_195' title='bbox 1414 2323 1472 2385; x_wconf 87' lang='lat' dir='ltr'>iste</span> 
     </span>
     <span class='ocr_line' id='line_1_20' title="bbox 86 2431 1473 2516; baseline 0 -21"><span class='ocrx_word' id='word_1_196' title='bbox 86 2431 152 2495; x_wconf 88' lang='lat' dir='ltr'>talis</span> <span class='ocrx_word' id='word_1_197' title='bbox 182 2440 213 2494; x_wconf 88' lang='lat' dir='ltr'>et</span> <span class='ocrx_word' id='word_1_198' title='bbox 237 2439 334 2495; x_wconf 76' lang='lat' dir='ltr'>motus</span> <span class='ocrx_word' id='word_1_199' title='bbox 359 2432 509 2514; x_wconf 89' lang='lat' dir='ltr'>apostolus</span> <span class='ocrx_word' id='word_1_200' title='bbox 537 2434 617 2497; x_wconf 85' lang='lat' dir='ltr'>venit</span> <span class='ocrx_word' id='word_1_201' title='bbox 643 2441 674 2498; x_wconf 88' lang='lat' dir='ltr'>et</span> <span class='ocrx_word' id='word_1_202' title='bbox 698 2434 897 2516; x_wconf 79' lang='lat' dir='ltr'>praedicavi13</span> <span class='ocrx_word' id='word_1_203' title='bbox 931 2435 979 2497; x_wconf 90' lang='lat' dir='ltr'>cui</span> <span class='ocrx_word' id='word_1_204' title='bbox 999 2434 1084 2498; x_wconf 88' lang='lat' dir='ltr'>Patre</span> <span class='ocrx_word' id='word_1_205' title='bbox 1105 2432 1257 2497; x_wconf 83' lang='lat' dir='ltr'>revelante</span> <span class='ocrx_word' id='word_1_206' title='bbox 1278 2433 1387 2496; x_wconf 88' lang='lat' dir='ltr'>veritas</span> <span class='ocrx_word' id='word_1_207' title='bbox 1409 2431 1473 2495; x_wconf 84' lang='lat' dir='ltr'>Filii</span> 
     </span>
     <span class='ocr_line' id='line_1_21' title="bbox 85 2540 1472 2629; baseline -0.001 -24"><span class='ocrx_word' id='word_1_208' title='bbox 85 2540 231 2629; x_wconf 85' lang='lat' dir='ltr'>patefacta</span> <span class='ocrx_word' id='word_1_209' title='bbox 250 2549 311 2623; x_wconf 89' lang='lat' dir='ltr'>est,</span> <span class='ocrx_word' id='word_1_210' title='bbox 334 2549 364 2606; x_wconf 92' lang='lat' dir='ltr'>et</span> <span class='ocrx_word' id='word_1_211' title='bbox 386 2543 468 2605; x_wconf 78' lang='lat' dir='ltr'>cuitu</span> <span class='ocrx_word' id='word_1_212' title='bbox 489 2542 579 2623; x_wconf 87' lang='lat' dir='ltr'>tides,</span> <span class='ocrx_word' id='word_1_213' title='bbox 607 2544 675 2624; x_wconf 89' lang='lat' dir='ltr'>quin</span> <span class='ocrx_word' id='word_1_214' title='bbox 695 2542 785 2607; x_wconf 83' lang='lat' dir='ltr'>Filius</span> <span class='ocrx_word' id='word_1_215' title='bbox 804 2543 936 2625; x_wconf 87' lang='lat' dir='ltr'>rogavit,</span> <span class='ocrx_word' id='word_1_216' title='bbox 964 2561 1024 2607; x_wconf 91' lang='lat' dir='ltr'>nou</span> <span class='ocrx_word' id='word_1_217' title='bbox 1045 2541 1229 2606; x_wconf 53' lang='lat' dir='ltr'>deiecit0..&#39;.</span> <span class='ocrx_word' id='word_1_218' title='bbox 1272 2540 1354 2604; x_wconf 84' lang='lat' dir='ltr'>blanc</span> <span class='ocrx_word' id='word_1_219' title='bbox 1374 2542 1472 2623; x_wconf 87' lang='lat' dir='ltr'>itaque</span> 
     </span>
     <span class='ocr_line' id='line_1_22' title="bbox 72 2648 1471 2735; baseline -0.001 -23"><span class='ocrx_word' id='word_1_220' title='bbox 72 2648 174 2713; x_wconf 47' lang='lat' dir='ltr'>*iidem</span> <span class='ocrx_word' id='word_1_221' title='bbox 196 2668 329 2733; x_wconf 81' lang='lat' dir='ltr'>suggere</span> <span class='ocrx_word' id='word_1_222' title='bbox 350 2668 470 2733; x_wconf 87' lang='lat' dir='ltr'>semper</span> <span class='ocrx_word' id='word_1_223' title='bbox 491 2658 521 2715; x_wconf 88' lang='lat' dir='ltr'>et</span> <span class='ocrx_word' id='word_1_224' title='bbox 542 2651 634 2717; x_wconf 86' lang='lat' dir='ltr'>suade</span> <span class='ocrx_word' id='word_1_225' title='bbox 654 2654 703 2734; x_wconf 92' lang='lat' dir='ltr'>pio</span> <span class='ocrx_word' id='word_1_226' title='bbox 724 2654 792 2735; x_wconf 89' lang='lat' dir='ltr'>regi</span> <span class='ocrx_word' id='word_1_227' title='bbox 813 2654 910 2716; x_wconf 86' lang='lat' dir='ltr'>sitire:</span> <span class='ocrx_word' id='word_1_228' title='bbox 930 2651 1007 2716; x_wconf 90' lang='lat' dir='ltr'>bono</span> <span class='ocrx_word' id='word_1_229' title='bbox 1026 2670 1086 2715; x_wconf 90' lang='lat' dir='ltr'>non</span> <span class='ocrx_word' id='word_1_230' title='bbox 1107 2651 1176 2715; x_wconf 87' lang='lat' dir='ltr'>abbi</span> <span class='ocrx_word' id='word_1_231' title='bbox 1194 2656 1358 2732; x_wconf 57' lang='lat' dir='ltr'>praerosa</span> <span class='ocrx_word' id='word_1_232' title='bbox 1379 2667 1471 2731; x_wconf 86' lang='lat' dir='ltr'>quae-</span> 
     </span>
     <span class='ocr_line' id='line_1_23' title="bbox 85 2760 1470 2844; baseline 0 -22"><span class='ocrx_word' id='word_1_233' title='bbox 85 2776 155 2823; x_wconf 90' lang='lat' dir='ltr'>rere</span> <span class='ocrx_word' id='word_1_234' title='bbox 176 2761 233 2823; x_wconf 87' lang='lat' dir='ltr'>nisi</span> <span class='ocrx_word' id='word_1_235' title='bbox 252 2760 375 2841; x_wconf 87' lang='lat' dir='ltr'>Romae,</span> <span class='ocrx_word' id='word_1_236' title='bbox 396 2760 446 2824; x_wconf 89' lang='lat' dir='ltr'>nbi</span> <span class='ocrx_word' id='word_1_237' title='bbox 468 2761 594 2844; x_wconf 85' lang='lat' dir='ltr'>plantata</span> <span class='ocrx_word' id='word_1_238' title='bbox 616 2770 661 2825; x_wconf 90' lang='lat' dir='ltr'>est</span> <span class='ocrx_word' id='word_1_239' title='bbox 682 2768 712 2824; x_wconf 91' lang='lat' dir='ltr'>et</span> <span class='ocrx_word' id='word_1_240' title='bbox 731 2762 860 2826; x_wconf 87' lang='lat' dir='ltr'>radicata</span> <span class='ocrx_word' id='word_1_241' title='bbox 880 2780 898 2825; x_wconf 92' lang='lat' dir='ltr'>a</span> <span class='ocrx_word' id='word_1_242' title='bbox 919 2761 1007 2825; x_wconf 90' lang='lat' dir='ltr'>bento</span> <span class='ocrx_word' id='word_1_243' title='bbox 1024 2760 1127 2840; x_wconf 87' lang='lat' dir='ltr'>Petro,</span> <span class='ocrx_word' id='word_1_244' title='bbox 1152 2761 1202 2842; x_wconf 91' lang='lat' dir='ltr'>qui</span> <span class='ocrx_word' id='word_1_245' title='bbox 1224 2760 1301 2823; x_wconf 89' lang='lat' dir='ltr'>hanc</span> <span class='ocrx_word' id='word_1_246' title='bbox 1322 2760 1398 2823; x_wconf 90' lang='lat' dir='ltr'>siout</span> <span class='ocrx_word' id='word_1_247' title='bbox 1418 2777 1470 2822; x_wconf 85' lang='lat' dir='ltr'>ve·</span> 
     </span>
     <span class='ocr_line' id='line_1_24' title="bbox 86 2870 1471 2953; baseline 0 -22"><span class='ocrx_word' id='word_1_248' title='bbox 86 2870 196 2932; x_wconf 82' lang='lat' dir='ltr'>reciter</span> <span class='ocrx_word' id='word_1_249' title='bbox 216 2871 371 2951; x_wconf 90' lang='lat' dir='ltr'>cognovit,</span> <span class='ocrx_word' id='word_1_250' title='bbox 399 2873 545 2934; x_wconf 85' lang='lat' dir='ltr'>veraciter</span> <span class='ocrx_word' id='word_1_251' title='bbox 566 2879 596 2935; x_wconf 89' lang='lat' dir='ltr'>et</span> <span class='ocrx_word' id='word_1_252' title='bbox 616 2871 810 2953; x_wconf 88' lang='lat' dir='ltr'>praedicavit:</span> <span class='ocrx_word' id='word_1_253' title='bbox 844 2873 981 2953; x_wconf 89' lang='lat' dir='ltr'>quoniam</span> <span class='ocrx_word' id='word_1_254' title='bbox 1003 2872 1078 2935; x_wconf 88' lang='lat' dir='ltr'>sicut</span> <span class='ocrx_word' id='word_1_255' title='bbox 1098 2887 1174 2951; x_wconf 89' lang='lat' dir='ltr'>aqua</span> <span class='ocrx_word' id='word_1_256' title='bbox 1195 2887 1353 2951; x_wconf 89' lang='lat' dir='ltr'>numquam</span> <span class='ocrx_word' id='word_1_257' title='bbox 1374 2874 1471 2951; x_wconf 86' lang='lat' dir='ltr'>potest</span> 
     </span>
     <span class='ocr_line' id='line_1_25' title="bbox 87 2976 1468 3065; baseline 0.001 -25"><span class='ocrx_word' id='word_1_258' title='bbox 87 2976 154 3040; x_wconf 85' lang='lat' dir='ltr'>abbi</span> <span class='ocrx_word' id='word_1_259' title='bbox 183 2985 242 3041; x_wconf 90' lang='lat' dir='ltr'>tam</span> <span class='ocrx_word' id='word_1_260' title='bbox 263 2979 369 3043; x_wconf 86' lang='lat' dir='ltr'>munda</span> <span class='ocrx_word' id='word_1_261' title='bbox 399 2978 446 3043; x_wconf 83' lang='lat' dir='ltr'>vel</span> <span class='ocrx_word' id='word_1_262' title='bbox 475 2988 533 3043; x_wconf 91' lang='lat' dir='ltr'>tam</span> <span class='ocrx_word' id='word_1_263' title='bbox 563 2980 680 3062; x_wconf 88' lang='lat' dir='ltr'>limpida</span> <span class='ocrx_word' id='word_1_264' title='bbox 707 2981 953 3064; x_wconf 86' lang='lat' dir='ltr'>quemadmodum</span> <span class='ocrx_word' id='word_1_265' title='bbox 980 2988 1014 3044; x_wconf 81' lang='lat' dir='ltr'>in</span> <span class='ocrx_word' id='word_1_266' title='bbox 1039 2977 1141 3065; x_wconf 76' lang='lat' dir='ltr'>sonte,</span> <span class='ocrx_word' id='word_1_267' title='bbox 1174 2980 1252 3044; x_wconf 89' lang='lat' dir='ltr'>uode</span> <span class='ocrx_word' id='word_1_268' title='bbox 1280 2985 1426 3064; x_wconf 76' lang='lat' dir='ltr'>originem</span> <span class='ocrx_word' id='word_1_269' title='bbox 1440 2982 1468 3012; x_wconf 69' lang='lat'>⁴¹</span> 
     </span>
     <span class='ocr_line' id='line_1_26' title="bbox 86 3087 1471 3173; baseline 0 -22"><span class='ocrx_word' id='word_1_270' title='bbox 86 3087 237 3170; x_wconf 67' lang='lat' dir='ltr'>protrahit</span> <span class='ocrx_word' id='word_1_271' title='bbox 261 3090 402 3170; x_wconf 67' lang='lat' dir='ltr'>invenit-iq</span> <span class='ocrx_word' id='word_1_272' title='bbox 431 3090 469 3152; x_wconf 89' lang='lat' dir='ltr'>ita</span> <span class='ocrx_word' id='word_1_273' title='bbox 491 3098 521 3154; x_wconf 88' lang='lat' dir='ltr'>et</span> <span class='ocrx_word' id='word_1_274' title='bbox 539 3089 613 3154; x_wconf 88' lang='lat' dir='ltr'>fides</span> <span class='ocrx_word' id='word_1_275' title='bbox 635 3108 791 3172; x_wconf 89' lang='lat' dir='ltr'>numquam</span> <span class='ocrx_word' id='word_1_276' title='bbox 814 3092 933 3154; x_wconf 91' lang='lat' dir='ltr'>omnino</span> <span class='ocrx_word' id='word_1_277' title='bbox 954 3092 1061 3173; x_wconf 88' lang='lat' dir='ltr'>poterit</span> <span class='ocrx_word' id='word_1_278' title='bbox 1081 3089 1149 3153; x_wconf 88' lang='lat' dir='ltr'>alibi</span> <span class='ocrx_word' id='word_1_279' title='bbox 1170 3097 1229 3153; x_wconf 71' lang='lat' dir='ltr'>mm</span> <span class='ocrx_word' id='word_1_280' title='bbox 1249 3107 1322 3171; x_wconf 90' lang='lat' dir='ltr'>pura</span> <span class='ocrx_word' id='word_1_281' title='bbox 1343 3088 1391 3152; x_wconf 87' lang='lat' dir='ltr'>vel</span> <span class='ocrx_word' id='word_1_282' title='bbox 1411 3095 1471 3151; x_wconf 82' lang='grc' dir='ltr'><strong>ιιιιι</strong></span> 
     </span>
     <span class='ocr_line' id='line_1_27' title="bbox 86 3196 1471 3280; baseline 0 -20"><span class='ocrx_word' id='word_1_283' title='bbox 86 3197 176 3261; x_wconf 90' lang='lat' dir='ltr'>nitida</span> <span class='ocrx_word' id='word_1_284' title='bbox 202 3199 343 3279; x_wconf 88' lang='lat' dir='ltr'>reperiri,</span> <span class='ocrx_word' id='word_1_285' title='bbox 373 3200 449 3263; x_wconf 91' lang='lat' dir='ltr'>sicut</span> <span class='ocrx_word' id='word_1_286' title='bbox 475 3200 506 3262; x_wconf 92' lang='lat' dir='ltr'>in</span> <span class='ocrx_word' id='word_1_287' title='bbox 532 3199 679 3263; x_wconf 88' lang='lat' dir='ltr'>eeclesiae</span> <span class='ocrx_word' id='word_1_288' title='bbox 706 3207 825 3263; x_wconf 90' lang='lat' dir='ltr'>nostrae</span> <span class='ocrx_word' id='word_1_289' title='bbox 853 3205 986 3277; x_wconf 70' lang='lat' dir='ltr'>maaria,</span> <span class='ocrx_word' id='word_1_290' title='bbox 1016 3200 1066 3263; x_wconf 91' lang='lat' dir='ltr'>nbi</span> <span class='ocrx_word' id='word_1_291' title='bbox 1091 3219 1156 3263; x_wconf 89' lang='lat' dir='ltr'>eam</span> <span class='ocrx_word' id='word_1_292' title='bbox 1178 3217 1238 3262; x_wconf 92' lang='lat' dir='ltr'>non</span> <span class='ocrx_word' id='word_1_293' title='bbox 1259 3205 1335 3262; x_wconf 85' lang='lat' dir='ltr'>tecta</span> <span class='ocrx_word' id='word_1_294' title='bbox 1356 3196 1471 3280; x_wconf 89' lang='lat' dir='ltr'>perstil-</span> 
     </span>
     <span class='ocr_line' id='line_1_28' title="bbox 86 3305 1472 3391; baseline 0.001 -23"><span class='ocrx_word' id='word_1_295' title='bbox 86 3306 190 3388; x_wconf 89' lang='lat' dir='ltr'>lantia,</span> <span class='ocrx_word' id='word_1_296' title='bbox 213 3306 318 3387; x_wconf 89' lang='lat' dir='ltr'>quibus</span> <span class='ocrx_word' id='word_1_297' title='bbox 338 3306 468 3390; x_wconf 88' lang='lat' dir='ltr'>litigiosa</span> <span class='ocrx_word' id='word_1_298' title='bbox 488 3308 606 3389; x_wconf 87' lang='lat' dir='ltr'>mulier,</span> <span class='ocrx_word' id='word_1_299' title='bbox 631 3309 707 3373; x_wconf 91' lang='lat' dir='ltr'>idest</span> <span class='ocrx_word' id='word_1_300' title='bbox 726 3309 875 3372; x_wconf 86' lang='lat' dir='ltr'>haeretico</span> <span class='ocrx_word' id='word_1_301' title='bbox 895 3311 1022 3391; x_wconf 83' lang='lat' dir='ltr'>pravitas</span> <span class='ocrx_word' id='word_1_302' title='bbox 1043 3317 1243 3391; x_wconf 87' lang='lat' dir='ltr'>comparatur,</span> <span class='ocrx_word' id='word_1_303' title='bbox 1272 3308 1328 3372; x_wconf 90' lang='lat' dir='ltr'>sed</span> <span class='ocrx_word' id='word_1_304' title='bbox 1348 3305 1400 3370; x_wconf 81' lang='lat' dir='ltr'>ille</span> <span class='ocrx_word' id='word_1_305' title='bbox 1418 3328 1472 3387; x_wconf 89' lang='lat' dir='ltr'>po·</span> 
     </span>
     <span class='ocr_line' id='line_1_29' title="bbox 88 3413 1471 3502; baseline 0.001 -24"><span class='ocrx_word' id='word_1_306' title='bbox 88 3413 189 3478; x_wconf 74' lang='grc' dir='ltr'>Ιονιιιιι</span> <span class='ocrx_word' id='word_1_307' title='bbox 211 3413 347 3500; x_wconf 61' lang='lat' dir='ltr'>clangor</span> <span class='ocrx_word' id='word_1_308' title='bbox 367 3416 492 3481; x_wconf 89' lang='lat' dir='ltr'>ubertim</span> <span class='ocrx_word' id='word_1_309' title='bbox 514 3426 544 3481; x_wconf 88' lang='lat' dir='ltr'>et</span> <span class='ocrx_word' id='word_1_310' title='bbox 564 3420 720 3502; x_wconf 88' lang='lat' dir='ltr'>purissime</span> <span class='ocrx_word' id='word_1_311' title='bbox 749 3421 958 3501; x_wconf 85' lang='lat' dir='ltr'>congregavit,</span> <span class='ocrx_word' id='word_1_312' title='bbox 987 3419 1036 3501; x_wconf 91' lang='lat' dir='ltr'>qui</span> <span class='ocrx_word' id='word_1_313' title='bbox 1058 3437 1098 3484; x_wconf 75' lang='lat' dir='ltr'>ex</span> <span class='ocrx_word' id='word_1_314' title='bbox 1118 3419 1182 3500; x_wconf 90' lang='lat' dir='ltr'>ipso</span> <span class='ocrx_word' id='word_1_315' title='bbox 1203 3416 1283 3481; x_wconf 84' lang='lat' dir='ltr'>fonte</span> <span class='ocrx_word' id='word_1_316' title='bbox 1305 3418 1372 3481; x_wconf 85' lang='lat' dir='ltr'>vivo</span> <span class='ocrx_word' id='word_1_317' title='bbox 1394 3416 1471 3480; x_wconf 90' lang='lat' dir='ltr'>banc</span> 
     </span>
     <span class='ocr_line' id='line_1_30' title="bbox 89 3525 1100 3609; baseline 0.001 -20"><span class='ocrx_word' id='word_1_318' title='bbox 89 3525 211 3589; x_wconf 88' lang='lat' dir='ltr'>caelitus</span> <span class='ocrx_word' id='word_1_319' title='bbox 232 3526 343 3607; x_wconf 86' lang='lat' dir='ltr'>bausit,</span> <span class='ocrx_word' id='word_1_320' title='bbox 367 3534 397 3589; x_wconf 91' lang='lat' dir='ltr'>et</span> <span class='ocrx_word' id='word_1_321' title='bbox 417 3526 647 3609; x_wconf 88' lang='lat' dir='ltr'>limpidissimam</span> <span class='ocrx_word' id='word_1_322' title='bbox 669 3527 901 3591; x_wconf 83' lang='lat' dir='ltr'>conservandam</span> <span class='ocrx_word' id='word_1_323' title='bbox 924 3528 1100 3591; x_wconf 79' lang='lat' dir='ltr'>mondavit.“</span> 
     </span>
    </p>
   </div>
   <div class='ocr_carea' id='block_1_3' title="bbox 518 3716 1036 3795">
    <p class='ocr_par' dir='ltr' id='par_1_4' title="bbox 518 3716 1036 3795">
     <span class='ocr_line' id='line_1_31' title="bbox 518 3716 1036 3795; baseline 0.002 -1"><span class='ocrx_word' id='word_1_324' title='bbox 518 3716 924 3794; x_wconf 81' lang='lat' dir='ltr'><em>COROLLARIUM</em></span> <span class='ocrx_word' id='word_1_325' title='bbox 964 3719 1036 3795; x_wconf 91' lang='lat' dir='ltr'>IV.</span> 
     </span>
    </p>
   </div>
   <div class='ocr_carea' id='block_1_4' title="bbox 87 3867 1505 4175">
    <p class='ocr_par' dir='ltr' id='par_1_5' title="bbox 87 3867 1505 4175">
     <span class='ocr_line' id='line_1_32' title="bbox 196 3867 1470 3954; baseline -0.001 -22"><span class='ocrx_word' id='word_1_326' title='bbox 196 3875 267 3933; x_wconf 78' lang='lat'>216.</span> <span class='ocrx_word' id='word_1_327' title='bbox 310 3867 358 3931; x_wconf 75' lang='lat' dir='ltr'>Ab</span> <span class='ocrx_word' id='word_1_328' title='bbox 379 3868 435 3933; x_wconf 89' lang='lat' dir='ltr'>bac</span> <span class='ocrx_word' id='word_1_329' title='bbox 456 3869 533 3933; x_wconf 90' lang='lat' dir='ltr'>Petri</span> <span class='ocrx_word' id='word_1_330' title='bbox 557 3872 777 3954; x_wconf 85' lang='lat' dir='ltr'>praerogativa,</span> <span class='ocrx_word' id='word_1_331' title='bbox 810 3889 866 3954; x_wconf 88' lang='lat' dir='ltr'>qua</span> <span class='ocrx_word' id='word_1_332' title='bbox 889 3890 961 3953; x_wconf 89' lang='lat' dir='ltr'>prae</span> <span class='ocrx_word' id='word_1_333' title='bbox 985 3871 1119 3934; x_wconf 88' lang='lat' dir='ltr'>omnibus</span> <span class='ocrx_word' id='word_1_334' title='bbox 1142 3870 1304 3934; x_wconf 86' lang='lat' dir='ltr'>audiendus</span> <span class='ocrx_word' id='word_1_335' title='bbox 1326 3876 1386 3949; x_wconf 89' lang='lat' dir='ltr'>est,</span> <span class='ocrx_word' id='word_1_336' title='bbox 1414 3867 1470 3932; x_wconf 90' lang='lat' dir='ltr'>alia</span> 
     </span>
     <span class='ocr_line' id='line_1_33' title="bbox 87 3978 1469 4061; baseline -0.001 -19"><span class='ocrx_word' id='word_1_337' title='bbox 87 3979 204 4061; x_wconf 86' lang='lat' dir='ltr'>seiungi</span> <span class='ocrx_word' id='word_1_338' title='bbox 228 3986 399 4043; x_wconf 88' lang='lat' dir='ltr'>ornamenta</span> <span class='ocrx_word' id='word_1_339' title='bbox 419 3986 579 4061; x_wconf 90' lang='lat' dir='ltr'>nequeunt,</span> <span class='ocrx_word' id='word_1_340' title='bbox 602 3979 707 4061; x_wconf 90' lang='lat' dir='ltr'>quibus</span> <span class='ocrx_word' id='word_1_341' title='bbox 728 3979 778 4043; x_wconf 85' lang='lat' dir='ltr'>ael</span> <span class='ocrx_word' id='word_1_342' title='bbox 798 4001 937 4044; x_wconf 79' lang='lat' dir='ltr'>summos</span> <span class='ocrx_word' id='word_1_343' title='bbox 958 3978 1019 4042; x_wconf 85' lang='lat' dir='ltr'>Dei</span> <span class='ocrx_word' id='word_1_344' title='bbox 1040 3978 1248 4060; x_wconf 46' lang='lat' dir='ltr'>discipulos·</span> <span class='ocrx_word' id='word_1_345' title='bbox 1271 3978 1469 4059; x_wconf 89' lang='lat' dir='ltr'>oPrudentio,</span> 
     </span>
     <span class='ocr_line' id='line_1_34' title="bbox 88 4086 1505 4175; baseline -0.001 -22"><span class='ocrx_word' id='word_1_346' title='bbox 88 4088 135 4153; x_wconf 85' lang='lat' dir='ltr'>vel</span> <span class='ocrx_word' id='word_1_347' title='bbox 156 4087 306 4153; x_wconf 64' lang='lat' dir='ltr'>eeclemoe</span> <span class='ocrx_word' id='word_1_348' title='bbox 322 4086 432 4173; x_wconf 76' lang='lat' dir='ltr'>figora</span> <span class='ocrx_word' id='word_1_349' title='bbox 447 4092 475 4123; x_wconf 76' lang='lat'>⁴⁹</span> <span class='ocrx_word' id='word_1_350' title='bbox 499 4089 536 4152; x_wconf 87' lang='lat' dir='ltr'>ab</span> <span class='ocrx_word' id='word_1_351' title='bbox 557 4088 732 4171; x_wconf 83' lang='lat' dir='ltr'>Augustino,</span> <span class='ocrx_word' id='word_1_352' title='bbox 755 4089 804 4153; x_wconf 83' lang='lat' dir='ltr'>vel</span> <span class='ocrx_word' id='word_1_353' title='bbox 825 4111 859 4152; x_wconf 82' lang='lat' dir='ltr'>os</span> <span class='ocrx_word' id='word_1_354' title='bbox 881 4088 1099 4171; x_wconf 80' lang='lat' dir='ltr'>discipolorum</span> <span class='ocrx_word' id='word_1_355' title='bbox 1120 4109 1155 4153; x_wconf 90' lang='lat' dir='ltr'>ao</span> <span class='ocrx_word' id='word_1_356' title='bbox 1176 4086 1260 4153; x_wconf 83' lang='lat' dir='ltr'>orbis</span> <span class='ocrx_word' id='word_1_357' title='bbox 1281 4093 1468 4175; x_wconf 66' lang='lat' dir='ltr'>magotet·</span> <span class='ocrx_word' id='word_1_358' title='bbox 1501 4156 1505 4163; x_wconf 61' lang='grc'><strong><em>,</em></strong></span> 
     </span>
    </p>
   </div>
   <div class='ocr_carea' id='block_1_5' title="bbox 89 4270 1471 5095">
    <p class='ocr_par' dir='ltr' id='par_1_6' title="bbox 89 4270 1471 5095">
     <span class='ocr_line' id='line_1_35' title="bbox 153 4270 1156 4348; baseline -0.001 -21"><span class='ocrx_word' id='word_1_359' title='bbox 153 4272 198 4347; x_wconf 84' lang='lat'>⁴⁴)</span> <span class='ocrx_word' id='word_1_360' title='bbox 223 4271 310 4346; x_wconf 84' lang='lat' dir='ltr'>Epist.</span> <span class='ocrx_word' id='word_1_361' title='bbox 331 4271 415 4328; x_wconf 79' lang='lat' dir='ltr'>XXV.</span> <span class='ocrx_word' id='word_1_362' title='bbox 444 4273 513 4329; x_wconf 88' lang='lat' dir='ltr'>iuter</span> <span class='ocrx_word' id='word_1_363' title='bbox 539 4271 670 4328; x_wconf 84' lang='lat' dir='ltr'>beooions</span> <span class='ocrx_word' id='word_1_364' title='bbox 691 4270 755 4327; x_wconf 90' lang='lat' dir='ltr'>edit.</span> <span class='ocrx_word' id='word_1_365' title='bbox 868 4272 914 4348; x_wconf 83' lang='lat'>⁴⁶)</span> <span class='ocrx_word' id='word_1_366' title='bbox 933 4272 1020 4346; x_wconf 82' lang='lat' dir='ltr'>Epist.</span> <span class='ocrx_word' id='word_1_367' title='bbox 1040 4270 1156 4328; x_wconf 73' lang='lat' dir='ltr'>lxxvi.</span> 
     </span>
     <span class='ocr_line' id='line_1_36' title="bbox 90 4375 1469 4452; baseline 0 -19"><span class='ocrx_word' id='word_1_368' title='bbox 90 4376 302 4434; x_wconf 81' lang='lat' dir='ltr'>balleriniorum.</span> <span class='ocrx_word' id='word_1_369' title='bbox 868 4377 913 4451; x_wconf 79' lang='lat'>⁴⁷)</span> <span class='ocrx_word' id='word_1_370' title='bbox 941 4377 1041 4435; x_wconf 70' lang='lat' dir='ltr'>stadt</span> <span class='ocrx_word' id='word_1_371' title='bbox 1065 4377 1099 4433; x_wconf 92' lang='lat' dir='ltr'>ad</span> <span class='ocrx_word' id='word_1_372' title='bbox 1126 4375 1245 4433; x_wconf 82' lang='lat' dir='ltr'>solemne</span> <span class='ocrx_word' id='word_1_373' title='bbox 1264 4377 1387 4452; x_wconf 85' lang='lat' dir='ltr'>schama,</span> <span class='ocrx_word' id='word_1_374' title='bbox 1415 4391 1469 4451; x_wconf 90' lang='lat' dir='ltr'>qno</span> 
     </span>
     <span class='ocr_line' id='line_1_37' title="bbox 151 4482 1471 4560; baseline -0.001 -19"><span class='ocrx_word' id='word_1_375' title='bbox 151 4482 197 4559; x_wconf 78' lang='lat'>⁴⁸)</span> <span class='ocrx_word' id='word_1_376' title='bbox 218 4484 294 4541; x_wconf 87' lang='lat' dir='ltr'>Unda</span> <span class='ocrx_word' id='word_1_377' title='bbox 312 4484 412 4556; x_wconf 72' lang='lat' dir='ltr'>Xystus</span> <span class='ocrx_word' id='word_1_378' title='bbox 432 4482 476 4540; x_wconf 86' lang='grc' dir='ltr'><strong>ΙΙΙ.</strong></span> <span class='ocrx_word' id='word_1_379' title='bbox 496 4485 523 4540; x_wconf 88' lang='lat' dir='ltr'>iu</span> <span class='ocrx_word' id='word_1_380' title='bbox 543 4483 641 4539; x_wconf 87' lang='lat' dir='ltr'>litteris</span> <span class='ocrx_word' id='word_1_381' title='bbox 662 4483 696 4539; x_wconf 90' lang='lat' dir='ltr'>ad</span> <span class='ocrx_word' id='word_1_382' title='bbox 708 4483 758 4539; x_wconf 83' lang='lat' dir='ltr'>io-</span> <span class='ocrx_word' id='word_1_383' title='bbox 805 4482 897 4540; x_wconf 85' lang='lat' dir='ltr'>Petms</span> <span class='ocrx_word' id='word_1_384' title='bbox 916 4486 959 4541; x_wconf 84' lang='lat' dir='ltr'>oti</span> <span class='ocrx_word' id='word_1_385' title='bbox 975 4484 1041 4556; x_wconf 80' lang='lat' dir='ltr'>sons</span> <span class='ocrx_word' id='word_1_386' title='bbox 1057 4500 1093 4541; x_wconf 89' lang='lat' dir='ltr'>oc</span> <span class='ocrx_word' id='word_1_387' title='bbox 1105 4486 1185 4560; x_wconf 74' lang='lat' dir='ltr'>origo</span> <span class='ocrx_word' id='word_1_388' title='bbox 1205 4485 1371 4541; x_wconf 83' lang='lat' dir='ltr'>auctoritatis</span> <span class='ocrx_word' id='word_1_389' title='bbox 1391 4489 1471 4557; x_wconf 87' lang='lat' dir='ltr'>atque</span> 
     </span>
     <span class='ocr_line' id='line_1_38' title="bbox 89 4588 1155 4663; baseline 0 -15"><span class='ocrx_word' id='word_1_390' title='bbox 89 4592 203 4648; x_wconf 76' lang='lat' dir='ltr'>bmuem</span> <span class='ocrx_word' id='word_1_391' title='bbox 235 4591 422 4649; x_wconf 86' lang='lat' dir='ltr'>antiochenum</span> <span class='ocrx_word' id='word_1_392' title='bbox 452 4589 561 4663; x_wconf 88' lang='lat' dir='ltr'>scribit,</span> <span class='ocrx_word' id='word_1_393' title='bbox 596 4604 650 4645; x_wconf 91' lang='lat' dir='ltr'>noo</span> <span class='ocrx_word' id='word_1_394' title='bbox 681 4588 759 4644; x_wconf 85' lang='lat' dir='ltr'>aliter</span> <span class='ocrx_word' id='word_1_395' title='bbox 807 4589 986 4647; x_wconf 83' lang='lat' dir='ltr'>orthodoxiae</span> <span class='ocrx_word' id='word_1_396' title='bbox 1007 4591 1155 4648; x_wconf 81' lang='lat' dir='ltr'>exhibetur.</span> 
     </span>
     <span class='ocr_line' id='line_1_39' title="bbox 89 4693 1470 4770; baseline -0.004 -14"><span class='ocrx_word' id='word_1_397' title='bbox 89 4699 154 4756; x_wconf 82' lang='lat' dir='ltr'>idei</span> <span class='ocrx_word' id='word_1_398' title='bbox 179 4697 327 4755; x_wconf 77' lang='lat' dir='ltr'>doctrinam</span> <span class='ocrx_word' id='word_1_399' title='bbox 349 4713 364 4752; x_wconf 88' lang='lat' dir='ltr'>a</span> <span class='ocrx_word' id='word_1_400' title='bbox 384 4696 454 4752; x_wconf 79' lang='lat' dir='ltr'>Petri</span> <span class='ocrx_word' id='word_1_401' title='bbox 478 4695 679 4753; x_wconf 84' lang='lat' dir='ltr'>successoribus</span> <span class='ocrx_word' id='word_1_402' title='bbox 706 4701 759 4751; x_wconf 90' lang='lat' dir='ltr'>tra·</span> <span class='ocrx_word' id='word_1_403' title='bbox 870 4697 914 4770; x_wconf 83' lang='lat'>⁴⁸)</span> <span class='ocrx_word' id='word_1_404' title='bbox 929 4697 995 4753; x_wconf 82' lang='lat' dir='ltr'>Con.</span> <span class='ocrx_word' id='word_1_405' title='bbox 1008 4694 1193 4770; x_wconf 67' lang='lat' dir='ltr'>Symmachum</span> <span class='ocrx_word' id='word_1_406' title='bbox 1207 4695 1294 4755; x_wconf 88' lang='lat' dir='ltr'>lib.ll</span> <span class='ocrx_word' id='word_1_407' title='bbox 1308 4712 1353 4754; x_wconf 84' lang='grc' dir='ltr'>ιι.</span> <span class='ocrx_word' id='word_1_408' title='bbox 1363 4693 1470 4768; x_wconf 73' lang='lat' dir='ltr'>isoqq.</span> 
     </span>
     <span class='ocr_line' id='line_1_40' title="bbox 89 4801 1158 4878; baseline 0.001 -18"><span class='ocrx_word' id='word_1_409' title='bbox 89 4804 173 4862; x_wconf 84' lang='lat' dir='ltr'>ditato</span> <span class='ocrx_word' id='word_1_410' title='bbox 194 4804 279 4876; x_wconf 83' lang='lat' dir='ltr'>accipi</span> <span class='ocrx_word' id='word_1_411' title='bbox 301 4808 435 4877; x_wconf 88' lang='lat' dir='ltr'>oportere,</span> <span class='ocrx_word' id='word_1_412' title='bbox 457 4819 488 4858; x_wconf 85' lang='lat' dir='ltr'>aa</span> <span class='ocrx_word' id='word_1_413' title='bbox 508 4804 532 4859; x_wconf 88' lang='lat' dir='ltr'>ai</span> <span class='ocrx_word' id='word_1_414' title='bbox 554 4803 588 4859; x_wconf 88' lang='lat' dir='ltr'>ab</span> <span class='ocrx_word' id='word_1_415' title='bbox 603 4804 663 4877; x_wconf 90' lang='lat' dir='ltr'>ipso</span> <span class='ocrx_word' id='word_1_416' title='bbox 678 4802 757 4859; x_wconf 80' lang='lat' dir='ltr'>Petro</span> <span class='ocrx_word' id='word_1_417' title='bbox 870 4801 916 4878; x_wconf 81' lang='lat'>⁴⁸)</span> <span class='ocrx_word' id='word_1_418' title='bbox 936 4804 1022 4861; x_wconf 84' lang='lat' dir='ltr'>Serm.</span> <span class='ocrx_word' id='word_1_419' title='bbox 1043 4803 1158 4861; x_wconf 78' lang='lat' dir='ltr'>lxxvi</span> 
     </span>
     <span class='ocr_line' id='line_1_41' title="bbox 90 4903 1471 4985; baseline -0.004 -17"><span class='ocrx_word' id='word_1_420' title='bbox 90 4911 250 4985; x_wconf 84' lang='lat' dir='ltr'>traderetur,</span> <span class='ocrx_word' id='word_1_421' title='bbox 271 4911 319 4983; x_wconf 81' lang='lat' dir='ltr'>qai</span> <span class='ocrx_word' id='word_1_422' title='bbox 338 4910 369 4965; x_wconf 82' lang='lat' dir='ltr'>in</span> <span class='ocrx_word' id='word_1_423' title='bbox 387 4910 447 4966; x_wconf 71' lang='lat' dir='ltr'>rasa</span> <span class='ocrx_word' id='word_1_424' title='bbox 465 4908 669 4968; x_wconf 72' lang='lat' dir='ltr'>memoriosae</span> <span class='ocrx_word' id='word_1_425' title='bbox 686 4908 760 4985; x_wconf 76' lang='lat' dir='ltr'>qaod</span> <span class='ocrx_word' id='word_1_426' title='bbox 869 4907 914 4983; x_wconf 78' lang='lat'>⁰⁰)</span> <span class='ocrx_word' id='word_1_427' title='bbox 936 4908 1015 4967; x_wconf 85' lang='lat' dir='ltr'>llorn.</span> <span class='ocrx_word' id='word_1_428' title='bbox 1028 4906 1194 4967; x_wconf 75' lang='lat' dir='ltr'>lxxxviii.</span> <span class='ocrx_word' id='word_1_429' title='bbox 1215 4906 1249 4963; x_wconf 87' lang='lat' dir='ltr'>al.</span> <span class='ocrx_word' id='word_1_430' title='bbox 1270 4903 1423 4964; x_wconf 76' lang='lat' dir='ltr'>lxxxvtt</span> <span class='ocrx_word' id='word_1_431' title='bbox 1444 4906 1471 4963; x_wconf 90' lang='lat' dir='ltr'>in</span> 
     </span>
     <span class='ocr_line' id='line_1_42' title="bbox 89 5014 959 5095; baseline -0.005 -19"><span class='ocrx_word' id='word_1_432' title='bbox 89 5019 201 5095; x_wconf 63' lang='lat' dir='ltr'>occepi</span> <span class='ocrx_word' id='word_1_433' title='bbox 218 5016 272 5074; x_wconf 81' lang='lat' dir='ltr'>boe</span> <span class='ocrx_word' id='word_1_434' title='bbox 291 5016 417 5074; x_wconf 80' lang='lat' dir='ltr'>tradidit</span> <span class='ocrx_word' id='word_1_435' title='bbox 440 5040 445 5047; x_wconf 61' lang='lat'><strong><em>¹</em></strong></span> <span class='ocrx_word' id='word_1_436' title='bbox 808 5014 869 5074; x_wconf 78' lang='lat' dir='ltr'>iob</span> <span class='ocrx_word' id='word_1_437' title='bbox 889 5031 916 5072; x_wconf 89' lang='lat' dir='ltr'>n.</span> <span class='ocrx_word' id='word_1_438' title='bbox 932 5014 959 5072; x_wconf 87' lang='lat' dir='ltr'>l.</span> 
     </span>
    </p>
   </div>
   <div class='ocr_carea' id='block_1_6' title="bbox 0 0 1670 5382">
    <p class='ocr_par' dir='ltr' id='par_1_7' title="bbox 0 0 1670 5382">
     <span class='ocr_line' id='line_1_43' title="bbox 0 0 1670 5382; baseline 0 0"><span class='ocrx_word' id='word_1_439' title='bbox 0 0 1670 5382; x_wconf 95' lang='lat' dir='ltr'> </span> 
     </span>
    </p>
   </div>
  </div>
 </body>
</html>
