3358 5400
225 257 287 323 250
745 253 875 321 bruun
915 256 1082 327 PRIMUS

332 428 401 487 336.
443 421 536 496 Ounno
564 425 662 506 itaque
689 425 774 489 insita
799 425 945 491 ecelesiae
972 428 1063 509 ratio,
1090 436 1218 510 quaest
1244 428 1407 512 diciturque
1433 433 1468 494 tr
1492 432 1590 512 σῶμα,
1657 404 1658 421 ¹

225 554 320 598 αιιαικ
340 555 377 596 σο
396 529 516 595 ebibite
535 552 654 613 eorpus,
675 534 872 618 universaque
891 536 1074 619 οἰκονομία,
1096 556 1153 620 qus
1175 538 1298 602 visibilia
1318 539 1508 602 invisibilibus
1526 547 1591 601 tarn

226 662 313 725 ροισι
333 637 525 722 οἱρχετύποις
546 642 728 724 respondere
743 643 859 726 debent,
883 663 972 709 unsrun
987 646 1134 728 postulent
1147 647 1262 710 visibile
1282 656 1385 729 enput;
1406 646 1592 711 deliniendum
1636 646 1640 661 '

223 758 330 832 restat,
357 750 471 813 cumam
492 751 622 814 Christus
651 759 710 815 nm
737 754 900 836 insignem,
933 762 1050 836 umque
1070 755 1251 837 praeclarum
1271 757 1400 837 supremi
1420 756 1593 838 visibilisque

225 863 326 945 ospitis
353 860 522 943 dignitatem
549 861 710 925 contulerit
751 863 792 926 At
816 863 1008 927 dubitabimus
1036 884 1075 928 ne
1100 863 1178 928 hane
1206 865 1247 929 illi
1273 866 1409 928 tributam
1437 865 1591 945 affirmare,

225 990 313 1053 quern
340 971 475 1034 omnibus
500 970 630 1035 Christus
657 974 835 1055 anteposuit,
865 991 953 1055 quem
984 976 1092 1038 ueteris
1113 977 1255 1038 maiorem
1280 975 1478 1054 renunciavit,
1511 992 1592 1057 quen
1625 986 1632 1007 t

224 1082 353 1145 universi
373 1082 476 1163 gregis
496 1087 642 1163 pastorem
664 1083 826 1163 constituit,
848 1084 896 1146 cui
917 1082 1021 1148 naues
1044 1084 1257 1148 conlirmsndos
1277 1083 1400 1164 tradidit,
1423 1085 1473 1165 qui
1493 1084 1595 1165 primes

223 1190 278 1254 sibi
306 1208 424 1271 semper
450 1191 629 1272 assumpsit,
658 1193 705 1254 cui
732 1194 894 1275 principem
922 1194 1045 1275 gradum
1073 1194 1195 1276 apostoli
1225 1202 1392 1257 constanter
1420 1192 1592 1272 detulerunt,

224 1318 371 1383 quemque
398 1299 546 1363 christiani
573 1302 630 1363 iarn
663 1301 732 1364 inde
759 1301 795 1365 ab
821 1302 968 1366 ecelesiae
995 1304 1159 1385 primordiis
1190 1303 1381 1386 appellatione
1407 1302 1590 1383 titulisque”

223 1417 349 1490 capitis,
378 1415 491 1486 emetri,
506 1408 623 1494 sortis,
648 1410 779 1487 radicis,
803 1418 1003 1491 praecipitque
1024 1402 1243 1477 ecclesiastieae
1263 1414 1379 1477 umtatis
1400 1405 1593 1474 exornaruntl

222 1522 247 1584 si
269 1521 318 1602 qui
340 1521 397 1584 sint
416 1520 492 1583 adeo
513 1521 623 1583 morosi
648 1527 680 1582 ut
704 1520 761 1583 hac
789 1523 876 1584 etiam
911 1522 948 1586 de
973 1542 1007 1586 re
1027 1524 1178 1606 ambigere
1204 1522 1248 1587 las
1268 1522 1324 1586 sibi
1344 1539 1413 1586 esse
1434 1521 1594 1602 opinentur,

221 1629 251 1693 bi
273 1629 512 1712 quidemrneque
534 1630 590 1693 sibi
610 1629 694 1693 netas
715 1632 919 1695 existimabunt
939 1632 1080 1714 dubitare,
1103 1634 1192 1697 nitent
1212 1651 1269 1695 nec
1288 1651 1326 1695 ne
1345 1630 1391 1695 sol
1412 1631 1480 1694 dum
1503 1631 1594 1694 omniu

220 1739 329 1802 lumine
356 1739 531 1802 colorantur.
573 1739 663 1822 Atqui
689 1740 792 1804 Petrus
822 1750 868 1807 est
895 1744 943 1806 cui
970 1761 1005 1806 ea
1032 1743 1208 1806 conveniunt
1235 1742 1347 1821 omnia,
1373 1759 1449 1823 quae
1469 1740 1594 1823 pluribm

221 1855 306 1912 antea
325 1867 343 1912 a
363 1848 450 1913 nobis
472 1849 684 1932 demonstrata,
713 1859 838 1935 augusto
859 1853 1015 1916 verborum
1037 1851 1144 1914 ambitu
1164 1852 1194 1913 in
1215 1852 1380 1933 praesentia
1405 1849 1595 1941 eomprehen-

221 1958 324 2021 dimus.
368 1958 479 2032 Quibus
505 1976 579 2042 ergo
606 1959 705 2023 verbis
732 1961 770 2023 de
799 1961 927 2025 eeclesia
947 1961 1051 2024 Paulus
1079 1967 1216 2038 testatur,
1243 1978 1312 2023 esse
1332 1958 1411 2023 illam
1438 1960 1473 2023 dn
1495 1961 1594 2041 σῶμα,

220 2086 310 2131 mrum
329 2069 578 2150 conspicuumque
600 2085 715 2151 eorpus,
735 2070 840 2135 iisdem
855 2067 989 2152 δυνάμει
1010 2077 1040 2133 et
1060 2087 1100 2133 en
1118 2067 1254 2151 analogia
1273 2068 1351 2147 tidei,
1373 2070 1596 2151 seripturarum

221 2196 278 2259 que
300 2177 402 2257 donet,
424 2177 541 2240 Petrum
562 2177 604 2241 illi
623 2185 770 2259 tamquam
790 2179 905 2243 visibila
924 2186 1017 2261 caput,
1039 2178 1212 2261 unitatisque
1233 2179 1377 2261 originem
1398 2179 1490 2244 titisse
1512 2196 1594 2261 prae·

219 2289 354 2368 positum

327 2404 397 2460 337.
438 2394 505 2459 Non
526 2415 591 2460 sum
612 2405 709 2461 autern
730 2399 848 2463 nescios
870 2416 946 2480 quae
969 2417 1008 2460 ex
1030 2398 1128 2461 verbis
1149 2395 1269 2462 alaulo
1290 2415 1360 2462 mox
1379 2398 1501 2463 adiectis
1522 2397 1595 2463 sumi

220 2505 373 2569 difficultas
400 2507 508 2589 possit,
534 2514 563 2571 et
591 2507 734 2572 adversus
762 2527 798 2571 ea
819 2526 896 2590 quae
915 2507 1101 2584 dedtmimus,
1135 2508 1303 2588 intorqueri.
1345 2505 1459 2570 Reman
1480 2525 1522 2571 ne
1542 2505 1594 2570 sibi

219 2618 250 2678 in
271 2617 398 2678 animum
422 2615 535 2697 ephesii
557 2618 745 2697 inducerent,
775 2625 884 2681 tantam
905 2616 1051 2680 eeclesiae
1065 2620 1093 2650 ¹·
1117 2616 1270 2697 unitatem,
1298 2624 1434 2697 quantam
1461 2615 1594 2680 eelebre-

220 2731 318 2804 verat,
347 2725 490 2806 impedite
519 2729 674 2810 quominus
705 2729 814 2791 inuno
836 2727 1001 2808 eodemque
1022 2726 1182 2807 conspicuo
1207 2742 1332 2807 corpore
1353 2724 1483 2789 membra
1506 2724 1594 2788 habe-
1659 2740 1660 2753 ¹

218 2842 318 2898 rentur
339 2834 443 2899 officiis
464 2837 614 2918 distincta,
642 2844 757 2901 secreta
778 2835 878 2917 donis,
906 2854 941 2899 ae
962 2835 1017 2898 alia
1044 2835 1108 2899 aliis
1129 2836 1299 2898 auctoritate
1319 2834 1490 2916 iuribusque
1503 2846 1596 2917 ‘prae-

217 2947 337 3026 stantia,
358 2947 494 3010 continuo
508 2951 534 2981 ⁸¹
559 2947 699 3011 subierit:
740 2942 806 3009 Ἑνὶ
832 2943 869 3008 δὲ
896 2943 1019 3029 ἑκάστῳ
1045 2941 1135 3026 ἡμῶν
1162 2942 1263 3021 ἐδόθη
1291 2940 1311 3021 ri
1339 2939 1436 3024 χάρις
1458 2938 1542 3008 κατα
1562 2941 1595 3006 τὸ

218 3060 333 3138 μέτρον
351 3056 405 3132 τῆς
426 3055 551 3138 δωρεᾶς
571 3058 628 3120 τοῦ
647 3055 802 3137 Χριστοῦ·
826 3051 878 3117 διὸ
899 3054 996 3134 λέγει·
1026 3050 1150 3138 αναβοὶς
1165 3058 1192 3088 ⁸²
1220 3057 1264 3129 εἰς
1285 3051 1371 3132 ὕψος
1393 3049 1595 3136 ᾐχμαλώτευ-

218 3182 272 3227 σεν
294 3165 537 3247 expetenter,
566 3163 739 3231 maildunus
766 3161 888 3246 δόματα
910 3166 978 3238 τοῖς
1004 3160 1269 3244 debemusne
1296 3163 1351 3227 ’καὶ
1370 3158 1467 3237 αὐτὸς
1495 3159 1594 3261 ἔδωκε
1659 3158 1660 3221 l

218 3268 292 3348 τούς
312 3277 371 3356 μὲν
383 3273 589 3351 ἀποστόλους,
609 3274 683 3350 τούς
699 3273 736 3338 δὲ
750 3271 925 3360 προφήτας,
1007 3271 1086 3353 πρὸς
1105 3270 1160 3336 τὸν
1180 3270 1390 3354 καταρτισμὸν
1409 3273 1473 3335 τοῖν
1492 3268 1596 3351 stylus

219 3385 264 3457 τὶς
282 3385 377 3466 ἔργον
397 3383 567 3461 διακονίας,
590 3389 635 3460 τις
656 3377 829 3466 οὶκοδομιὶν
847 3382 904 3446 τοῦ
922 3380 1069 3463 σώματος
1087 3382 1145 3446 τοῦ
1163 3381 1312 3463 Χριστοῦ.
1354 3380 1379 3444 E
1400 3380 1506 3462 quibus
1527 3379 1592 3459 bos,

219 3492 268 3554 vel
295 3492 363 3556 huie
389 3502 472 3558 certe
492 3512 551 3557 non
573 3494 715 3557 dissimile
736 3476 940 3576 argumentum
962 3491 1061 3573 colligi
1083 3508 1173 3572 posse
1194 3491 1322 3556 videtur:
1365 3489 1451 3569 „Non
1471 3489 1593 3571 negabi

218 3619 291 3681 mus,
315 3603 404 3665 immo
425 3613 529 3684 sponte
551 3602 691 3683 dabimus,
714 3603 812 3666 dotem
834 3603 1103 3685 proprietatemque
1116 3601 1272 3680 eeclesiae,
1295 3607 1413 3683 quaest
1432 3600 1468 3663 tt»
1488 3601 1591 3683 σῶμα,

216 3732 314 3775 unum
333 3735 371 3777 ατ
391 3710 511 3777 ebibite
533 3733 659 3794 οοηιατ,
687 3714 851 3795 postulasse
879 3720 911 3775 ut
930 3728 1020 3775 unum
1043 3729 1078 3775 ac
1098 3709 1212 3775 visibile
1234 3717 1321 3791 eaput
1340 3710 1455 3774 mutatis
1476 3711 1592 3792 conspi-

280 3970 326 4045 ⁷⁹)
360 3970 537 4042 Hieronymus
570 3970 598 4028 in
631 3973 720 4045 priore
753 3973 880 4029 adversus
992 3966 1036 4045 ⁸²)
1050 3969 1244 4043 Prompsitlsta
1260 3970 1355 4027 Paulus
1373 3985 1408 4025 ex
1422 3967 1463 4024 vs.
1476 3966 1591 4026 txvllt

186 4154 191 4163 Ι
217 4076 387 4133 loviniauum
413 4077 496 4152 libro,
524 4077 636 4151 Optatus
663 4079 791 4136 adversus
818 4078 880 4134 Pur·
930 4073 977 4150 ts,
998 4074 1045 4132 sed
1066 4077 1097 4152 a)
1116 4092 1257 4149 personam
1277 4076 1419 4133 secundam
1441 4075 1468 4130 iu
1484 4074 1590 4131 tertiam
1658 4110 1660 4113 v

218 4198 286 4237 men.
308 4182 400 4239 lib.ll.
422 4200 479 4257 esp.
493 4183 532 4259 lt,
561 4191 588 4241 et
607 4183 743 4258 Philippus
770 4191 880 4259 aposto·
929 4184 1049 4257 mutavit,
1069 4172 1286 4259 ᾐχμαλώτιοσον,
1299 4175 1397 4238 ἔδακνε
1417 4179 1592 4254 alexandrini,

218 4287 285 4343 liene
318 4289 391 4345 sedis
421 4290 526 4361 legatus
561 4290 587 4346 in
621 4291 712 4363 epbes.
747 4291 878 4367 coneilio,
928 4277 1371 4366 pwuisirwwnfflssssffimlffls
1380 4263 1591 4380 DQ’WQ'

217 4393 340 4450 Actlll.
360 4395 432 4451 nulli
452 4395 573 4468 dubious
593 4398 796 4453 immoreretur
816 4414 878 4454 orn·
927 4412 960 4487 b)
995 4413 1107 4470 inseruit
1139 4415 1295 4488 particulam
1324 4410 1371 4469 καὶ
1401 4419 1463 4470 suto
1492 4406 1590 4469 idm:

216 4498 297 4555 nibus
321 4509 414 4558 notum
434 4510 487 4573 est,
515 4504 589 4576 quud
614 4511 725 4560 sanctus
749 4504 877 4561 bestisn'-
928 4520 956 4595 c)
991 4521 1128 4576 notionem
1161 4520 1385 4595 ndnpnfieutw
1417 4521 1592 4595 σι’ρκίβτοιαι

216 4623 327 4680 musque
346 4599 475 4665 Petmts
459 4626 475 4666 ο
496 4602 612 4687 ἔξαρχος
631 4608 677 4666 καὶ
697 4603 803 4685 κιφαλιξ
823 4608 878 4668 τοῖν
926 4625 1065 4701 puerulis,
1092 4619 1197 4692 §imag
1214 4642 1263 4700 pro
1283 4620 1394 4703 lindie,
1425 4604 1591 4721 nnpbzet

215 4702 439 4772 &mmm
447 4715 569 4773 Μ
588 4734 668 4792 ‘⁰9⁸¹
687 4719 803 4791 ‘'mm‘'
926 4754 959 4827 d)
978 4753 1071 4810 omisit
1088 4753 1234 4825 praelixam
1252 4760 1289 4829 2,
1309 4754 1383 4827 qnod
1402 4754 1516 4811 reddant
1534 4751 1591 4808 ale·

276 4854 438 4930 ⁸⁰.)pres
459 4857 505 4914 tv
526 4857 588 4914 3-
596 4858 622 4916 i.
926 4858 1061 4934 xsudrini,
1092 4857 1120 4915 dn
1145 4849 1325 4937 ἀνθρώποις,
1340 4861 1477 4935 quodque
1504 4864 1590 4919 tem

274 4988 318 5063 τ’)
338 4988 406 5047 tntu.
427 5005 471 5048 vv.
495 4988 613 5047 r-ts.
846 4990 853 5003 ⁸
924 4964 1057 5040 praetem,
1084 4970 1192 5060 Uibi·
