3324 5382
640 315 787 385 curun
828 317 917 381 xru.
1410 322 1472 384 aaa

190 492 262 549 202.
305 486 365 552 Sed
386 502 463 567 oure
486 502 592 549 vocam
613 491 743 566 potestas
760 503 821 547 aaa
834 482 978 564 ίοηιιεπδι·
991 485 1102 548 incerta
1117 492 1173 564 est,
1194 486 1300 550 eadem
1314 496 1470 565 contenta,

82 595 295 674 adiunctionem
314 603 466 658 ammonia
488 597 526 660 ita
550 593 813 673 ctrmnsenbtmr,
849 601 882 657 nt
903 593 987 657 nelas
1009 595 1060 668 sit,
1095 595 1159 658 τῶν
1180 591 1333 683 ἀδελφῶν
1353 599 1474 661 nornine

83 705 158 769 alios
172 724 261 786 quam
274 704 430 785 apostolor
444 705 622 789 intelligere.
649 708 695 769 Ac
716 725 751 769 re
772 723 846 768 sane
866 722 936 767 aera
958 704 978 766 b
1000 703 1031 766 bi
1052 703 1224 767 dicuntur⁵⁶
1248 704 1382 789 ἀδελφοί
1404 725 1474 781 σου,

84 832 159 896 qnos
181 822 298 879 satanas
320 815 492 881 cribrandos
515 817 744 897 depoposcerat,
766 816 816 895 qui
838 814 875 877 de
898 813 992 895 gradu
1013 813 1134 877 honoris
1154 817 1329 897 secumipsis
1351 823 1473 879 eonten-

1 941 2 954 ¹
83 924 204 1003 derant,
227 926 276 1006 qui
298 944 366 988 oum
385 925 501 989 Christo
522 926 635 988 insuia
656 923 863 988 muntinnibus
885 922 1027 986 haetenus
1052 931 1289 1003 permanserant,
1313 943 1387 1006 quos
1411 928 1474 1007 ipse

1 1017 2 1038 ¹
82 1032 200 1098 aPalre
221 1035 440 1114 enundiendos,
464 1035 685 1116 servandosque
707 1040 871 1115 acceperat,
893 1051 1028 1114 quosque
1046 1034 1241 1097 communiter
1263 1033 1366 1115 plurali
1381 1034 1476 1098 lorma

85 1144 323 1225 compellaverat,
347 1140 433 1207 alneu
451 1141 570 1218 αὐτοῖς,
591 1141 680 1224 ὑμεῖς
701 1140 765 1220 οὐχ
785 1142 896 1220 οὕτως,
917 1143 1037 1224 μείζων
1057 1147 1092 1205 ἐν
1111 1140 1196 1223 ὑμῖν,
1217 1148 1251 1207 ἐν
1270 1150 1355 1226 μέσῳ
1373 1143 1474 1225 ὑμῶν,

1 1251 2 1270 ’
83 1251 175 1335 ὑμεῖς
196 1258 265 1317 ἐστε
286 1254 316 1317 σί
338 1251 607 1337 διαμεμενηκότες,
631 1251 819 1335 διατίθεμαι
839 1251 931 1332 ὑμῖν,
952 1250 1118 1336 ἐξῃτήσατο
1141 1250 1233 1333 ὑμᾶς.
1276 1253 1357 1317 llaec
1378 1263 1475 1318 eutem

86 1365 264 1427 coniunctim
295 1365 393 1427 omnia
422 1362 498 1427 salta
527 1364 706 1427 conveniunt
727 1360 885 1442 apostolia.
929 1357 1063 1444 Apostoli
1090 1379 1166 1445 ergo
1191 1362 1385 1445 appellatione
1412 1365 1476 1426 τῶν

85 1472 242 1558 ἀδελφῶν
262 1490 322 1536 σου
342 1471 552 1556 significantur.

192 1582 239 1646 nd
261 1583 336 1647 haec
358 1582 390 1646 ll.
409 1583 513 1661 dictio,
547 1578 683 1665 ἀδελφοί
703 1599 779 1657 σον,
801 1588 951 1645 namnam
973 1581 1101 1663 praesent
1122 1589 1359 1659 aonbmctionia,
1379 1590 1476 1647 aecia-

82 1702 218 1774 latiapaa
239 1713 292 1758 eos
314 1696 389 1757 inter
409 1694 459 1774 qui
480 1688 616 1775 ἀδελφοὶ
638 1691 784 1771 dicuntur,
823 1711 860 1756 ac
880 1691 996 1756 Petrum
1018 1694 1067 1773 qui
1093 1695 1266 1774 pronomine
1295 1694 1353 1756 σοῦ
1374 1693 1475 1776 desig·

1 1829 2 1846 ¹
83 1812 178 1868 natur.
223 1802 284 1866 Soli
305 1810 402 1865 autern
423 1809 490 1865 sunt
510 1802 642 1883 apostoli,
665 1803 715 1885 qui
736 1804 766 1864 in
785 1819 875 1865 unum
897 1820 964 1865 cum
982 1800 1068 1866 Petro
1091 1802 1259 1885 collegium,
1282 1822 1318 1866 ac
1336 1804 1367 1866 in
1386 1822 1475 1867 unam

85 1911 283 1993 eamdemque
305 1914 483 1976 convenisse
502 1910 655 1991 familiam,
691 1911 829 1974 inlibris
858 1913 926 1975 novi
953 1914 1121 1977 testamenti
1142 1912 1341 1994 perhibentur.
1384 1912 1474 1974 iidem

84 2022 175 2104 igitur
197 2029 274 2101 sunt,
296 2020 544 2104 qui'suuvissimo
567 2022 629 2085 τῶν
650 2016 802 2107 ἀδελφῶν
822 2023 942 2085 nominc
965 2042 982 2085 a
1004 2022 1120 2087 Christo
1140 2030 1345 2087 memorantur.

1 2219 2 2222 Ἴ
194 2130 259 2205 Quo
288 2150 342 2195 eos
370 2132 469 2212 reipsa
497 2132 616 2194 nomine
646 2132 767 2211 uenire,
804 2133 919 2213 integra
952 2131 998 2195 lll.
1030 2133 1171 2196 orationis
1203 2135 1298 2196 series
1332 2130 1475 2213 patelacit

1 2293 2 2322 ,
85 2241 182 2314 Ouum
210 2242 289 2303 enim
316 2238 463 2319 apostolia
488 2248 607 2319 pariter
633 2237 772 2304 mnnibna
797 2243 920 2304 maxima
942 2241 1085 2324 quaedam
1105 2243 1253 2324 pernicies
1275 2262 1293 2306 e
1315 2243 1476 2306 tentatione

85 2359 208 2414 satanae
236 2349 435 2433 impenderet:
471 2348 560 2423 idad,
597 2352 615 2413 d
642 2350 782 2425 σατανάς
803 2348 969 2433 ἐξῃτήσατο
988 2348 1097 2432 ὑμᾶς
1119 2352 1176 2414 τοῦ
1194 2350 1331 2415 σινιάσαι
1353 2348 1399 2425 ῶς
1423 2349 1477 2413 τὸν

1 2499 2 2530 η
85 2462 191 2523 airon.-
226 2457 357 2522 Christus
380 2461 430 2543 qui
451 2458 521 2523 illan
539 2467 658 2540 pariter
679 2482 784 2525 amaea
807 2461 837 2522 in
858 2478 940 2523 suam
963 2459 1067 2541 fidem,
1098 2462 1351 2543 patrociniumque
1373 2478 1476 2523 susce·

84 2576 183 2650 perat,
220 2567 363 2633 haetenus
391 2569 584 2651 custodierat,
620 2589 656 2635 ac
683 2587 773 2652 porro
801 2577 864 2633 erat
893 2577 1135 2651 conservaturus,
1171 2588 1225 2653 pro
1257 2571 1378 2632 victoria
1400 2569 1477 2633 Petri

86 2677 213 2752 είδικώς
236 2680 344 2758 oravit,
367 2674 430 2761 ἐμοί
455 2678 491 2742 δὲ
511 2678 650 2757 ἐδεήθην
669 2681 740 2762 περὶ
761 2681 834 2754 σοῦ,
858 2671 973 2760 ἵναμή
995 2679 1119 2764 δκλείπῃ
1141 2676 1159 2754 ή
1182 2679 1281 2753 πίστις
1304 2695 1379 2741 σονς
1415 2685 1476 2740 tum

86 2790 227 2852 continuo
252 2787 372 2868 adiecit,
401 2790 455 2853 xci
475 2787 515 2853 σύ
537 2811 611 2854 ποτε
631 2794 825 2873 ἐπιστρέψας
851 2782 995 2869 στήριξον
1021 2782 1095 2863 τούς
1123 2786 1283 2875 ἀδελφούς
1306 2805 1373 2849 σου.
1417 2786 1477 2848 Aul

86 2900 176 2980 igitur
199 2896 324 2977 apostoli
346 2907 412 2961 sunt
434 2902 483 2980 qui
505 2906 647 2963 vocantur
667 2896 820 2982 ἀδελφοί,
849 2905 880 2960 et
901 2897 1005 2979 quibus
1023 2918 1080 2977 per
1099 2894 1231 2962 Petram
1252 2895 1384 2959 Christus
1405 2911 1476 2958 con·

87 3008 195 3087 suluit;
225 3014 273 3069 aut
293 3006 350 3069 illis
371 3009 400 3069 in
422 3008 592 3075 discrimine
615 3011 744 3077 omniurn
766 3009 893 3071 maximo
917 3006 1022 3086 deluit,
1051 3026 1184 3089 quosque
1206 3006 1323 3069 obiecto
1343 3004 1475 3086 periculo

87 3117 285 3194 deterruerat,
307 3133 367 3178 non
388 3118 458 3179 item
481 3118 555 3182 lacta
578 3136 647 3200 spe,
670 3120 875 3200 promissoque
897 3116 1005 3180 anulio
1026 3120 1180 3181 recreavit.
1225 3115 1309 3190 Quod
1330 3115 1476 3196 posterius

87 3243 176 3308 quum
199 3224 371 3288 incredibile
393 3228 444 3305 sit,
474 3235 505 3292 et
525 3247 543 3291 a
564 3228 664 3292 verbis
686 3229 765 3291 iuxta
787 3247 822 3289 ac
845 3225 882 3290 ab
903 3225 1001 3292 allicio
1022 3228 1121 3308 optimi
1143 3226 1309 3291 Servatoris
1331 3224 1477 3288 alienissi-

1 3409 2 3416 ,
86 3354 184 3417 mum,
205 3335 350 3417 reliquum
372 3344 432 3417 est,
455 3344 488 3400 ut
507 3332 661 3422 ἀδελφῶν
682 3339 802 3401 nomine
825 3335 971 3417 designati
992 3335 1114 3417 apostoli
1136 3336 1344 3419 intelligantur.

194 3452 264 3508 203.
307 3445 352 3509 Da
374 3448 477 3529 quibus
499 3449 537 3511 ita
558 3447 646 3511 lesus
667 3445 705 3509 ad
723 3445 855 3509 Petrum:
890 3445 944 3509 aul
965 3443 1005 3509 σύ
1025 3466 1101 3508 ποτε
1120 3450 1311 3526 ἐπιστρέψας
1333 3441 1478 3526 στήριξον

87 3550 160 3630 τούς
182 3553 343 3641 ἀδελφούς
365 3573 433 3620 σου.
476 3555 508 3619 ln
530 3574 588 3638 qua
609 3557 755 3619 sententia
776 3563 807 3617 ut
827 3556 925 3618 omnia
947 3555 1005 3617 sint
1027 3555 1190 3636 perspicua,
1213 3562 1304 3619 restat
1325 3562 1355 3616 ut
1376 3555 1477 3634 paucis

87 3668 131 3728 vis
147 3667 275 3747 propria,
297 3667 440 3747 insitoque
460 3666 625 3748 imperativi
645 3662 791 3747 στήριξον
812 3671 941 3745 potestas
963 3662 1136 3727 declaretur.
1178 3664 1231 3728 Est
1257 3671 1355 3727 autern
1376 3662 1478 3744 στηρί-

87 3772 152 3849 ζειν
168 3771 292 3836 oarbum
308 3771 584 3855 arabaealanicmn,
606 3775 685 3839 uude
707 3793 774 3837 cum
795 3770 859 3837 aliis
881 3773 1004 3837 vocibus
1026 3772 1062 3836 ad
1084 3766 1259 3847 τεκτονικήν
1281 3771 1477 3852 spectantibus

87 3883 233 3945 erebro⁵⁶
257 3886 458 3966 coniungitur:
494 3885 575 3949 idem
598 3903 687 3967 porra
710 3884 790 3948 valet
809 3903 844 3948 aa
866 3882 990 3963 στερεὸν
1010 3884 1127 3958 ποιεῖν,
1157 3880 1285 3967 efficere
1306 3890 1340 3943 aa
1361 3880 1479 3960 aliquid

81 3992 209 4073 firmum
230 4000 393 4070 consistat,
413 4013 509 4074 nepae
531 4002 630 4075 prati,
658 3992 903 4078 labefactarique
927 4000 1036 4072 possit.
1081 3993 1154 4055 Hinc
1184 4010 1243 4051 aaa
1272 3989 1478 4070 metaphorica

87 4119 122 4163 aa
150 4103 180 4164 in
207 4101 302 4164 bibliis
328 4101 566 4183 frequentissimo
597 4102 640 4167 ad
663 4101 918 4185 alpratfiaatianem
945 4100 1093 4166 moralem
1114 4100 1276 4164 traductum
1298 4101 1328 4165 id
1349 4102 1477 4182 denotat,

87 4210 166 4292 quod
188 4210 276 4275 latine
297 4212 435 4292 dumus,
463 4210 583 4296 stdcire
604 4219 739 4288 ναίοισι,
761 4220 843 4276 eirea
864 4231 1040 4297 supparare,
1062 4221 1153 4293 alatae
1173 4219 1207 4274 in
1229 4220 1478 4290 arrepln'prapo

87 4319 315 4383 enarrandae.
358 4320 420 4385 Hac
441 4321 655 4404 significatione
677 4323 847 4404 accipienda
870 4323 924 4385 ista
941 4325 967 4354 ⁵²
993 4330 1076 4385 sunt:
1099 4323 1197 4385 Γίνον
1217 4323 1401 4403 γρηγορῶν,
1425 4321 1479 4383 καὶ

87 4427 232 4511 στήριξον
251 4427 289 4495 τά
311 4425 405 4495 λοιποί
425 4425 450 4495 ἀ
471 4431 594 4513 ἔμελλες
616 4430 802 4516 ἀποβαλεῖν.
847 4428 929 4493 Esto
949 4430 1091 4514 cipilaar,
1113 4441 1143 4495 et
1162 4429 1313 4512 confirma
1334 4431 1476 4492 aelera⁵⁸

88 4562 167 4620 puae
187 4548 338 4605 moritura
360 4549 458 4606 mant.
500 4541 611 4606 Eadem
633 4522 846 4624 significatione
868 4539 1143 4606 scribit·⁹1‘etrus:
1165 4540 1196 4606 Ὁ
1217 4540 1254 4605 δὲ
1276 4539 1355 4615 θεὸς
1375 4538 1477 4616 πάσης

89 4649 239 4734 χάριτος,
275 4652 294 4713 d
322 4650 457 4726 καλέσας
482 4648 569 4733 ήμάς
596 4654 642 4725 εἰς
669 4644 725 4728 τήν
754 4647 1010 4715 monoceroton
1039 4648 1136 4730 δόξαν
1156 4655 1191 4714 δν
1212 4651 1342 4734 Χριστῷ
1362 4648 1477 4726 Ἰησοῦ,

152 4833 196 4908 ⁵⁵)
216 4832 278 4890 ¹⁴⁰⁰·
299 4832 382 4891 ml·
404 4833 545 4892 31-33·
867 4836 914 4909 Η)
934 4834 992 4892 Non
1013 4835 1092 4908 pauci
1113 4833 1222 4890 codices
1242 4833 1343 4905 legunt,
1364 4818 1475 4905 dipsi-

151 4937 196 5013 ν)
219 4939 239 4995 ι.
254 4938 323 4994 een.
345 4939 378 4995 v.
403 4938 448 4996 ro.
804 4936 849 5005 a„
868 4929 1045 5016 anamma.

151 5043 418 5120 ’mmmm
609 5090 611 5095 .
867 5044 1163 5120 ”mmmm

1173 5146 1260 5224 36*
