3324 5382
218 281 277 341 bit
703 281 833 345 iaiBffi
873 280 1106 348 socundus

216 444 439 521 διδασκάλους.
490 446 544 509 Ubi
571 447 650 510 idom
677 457 745 512 sunt
773 451 823 532 qui
848 450 968 514 audiunt
997 449 1186 514 διδάσκαλοι
1212 457 1243 514 et
1267 456 1426 532 ποιμένες,
1456 450 1590 532 quemad-

217 555 335 619 modum
357 564 422 619 tarn
441 552 602 619 uerbmum
623 564 770 638 ιγιιίοσίι
798 559 940 639 ostendit,
969 578 1059 643 quum
1081 561 1256 643 omnesqui
1278 579 1400 625 munere
1422 561 1589 638 dividuntur,

215 668 364 748 particulis
384 668 603 752 separantibus,
633 662 707 743 τοιίς
728 672 803 750 μέν,
832 663 907 744 τούς
929 667 980 743 δέ,
1013 670 1243 751 distinguantur,
1270 676 1414 752 ποιμένες
1439 679 1539 733 contra
1559 688 1592 732 aa

218 775 401 842 διδάσκαλοι
421 778 560 860 particula
581 779 649 842 καὶ
670 777 858 859 copulentur:
880 800 973 859 pam
988 777 1075 842 ίοοιιι
1093 777 1186 858 piane
1202 782 1384 863 periaw'
1408 779 1591 857 demonstrat

216 887 247 948 in
275 906 334 968 quo
361 893 502 970 ποιμένες
531 888 646 951 silentio
677 896 863 969 premuntur,
894 897 994 972 utpote
1022 892 1087 953 τῶν
1115 887 1316 957 διδασκάλων
1337 889 1457 953 nomine
1484 888 1594 953 abunde
1647 900 1648 905 ’

217 995 379 1078 significati.

324 1124 419 1198 Quam
440 1126 529 1207 igitar
557 1143 594 1188 eo
621 1126 747 1188 mammo
769 1133 883 1207 spectet
909 1126 1034 1207 pastoris
1062 1125 1215 1207 officium,
1240 1134 1271 1190 ot
1299 1127 1430 1190 creditae
1460 1127 1501 1189 iiii
1526 1145 1594 1189 oues
1647 1130 1648 1137 ’

218 1234 335 1295 sincera
354 1232 427 1313 tide,
448 1253 580 1316 puraque
603 1235 733 1298 doctrina
755 1235 936 1316 imbuantur,
958 1234 1062 1316 quibua
1084 1234 1188 1298 Christi
1209 1234 1307 1299 verbis
1328 1234 1430 1297 Petrus
1453 1234 1596 1298 ordinatur

215 1350 324 1423 pacior
345 1351 572 1423 oecumenicus,
604 1345 708 1408 iisdem
731 1344 767 1406 ad
788 1344 976 1426 dignitatem,
1006 1344 1189 1427 gradumque
1214 1352 1375 1427 moqtstri,
1409 1346 1595 1422 doctorisque
1647 1338 1648 1375 ί

217 1451 402 1514 autumatis
427 1453 582 1517 extollitur.
626 1452 788 1517 institutum
809 1472 884 1516 vero
904 1471 973 1516 eum
1001 1452 1093 1517 inisse
1119 1462 1276 1533 pastorem
1304 1461 1527 1517 oecumenicam
1552 1453 1594 1515 bis

218 1562 333 1643 verbis,
362 1561 457 1645 βάσκε
477 1556 518 1627 τοί
541 1562 635 1644 οίρνία
655 1585 734 1645 μου,
767 1565 910 1644 ncipatum
934 1557 972 1626 τοὶ
986 1561 1138 1645 ,πρόβατα
1160 1585 1240 1645 μου,
1272 1582 1331 1626 noo
1361 1572 1406 1626 est
1435 1583 1490 1627 cur
1515 1565 1595 1626 novis

217 1674 398 1755 argumentis
411 1676 437 1707 ³¹
464 1673 697 1755 comprobemus.
740 1673 860 1736 Eisdem
881 1674 969 1756 igitur
990 1673 1086 1737 delata
1107 1673 1147 1738 iiii
1168 1673 1221 1736 iuit
1249 1680 1420 1737 auctoritas
1448 1681 1595 1758 maqistri,
1647 1700 1648 1711 ¹

217 1782 408 1862 δοσίοιίοσαο
429 1782 625 1846 universalia.

323 1909 386 1982 Qua
408 1910 579 1973 auctoritate
600 1910 755 1992 aliquando
778 1910 857 1973 iiiam
879 1909 1114 1991 periirncturum,
1142 1928 1299 1991 numquam
1331 1911 1511 1991 praeclarius
1532 1930 1596 1994 apc-

216 2026 315 2082 ruerat
336 2019 476 2099 Christus,
500 2038 585 2101 quam
611 2023 739 2102 quum³³
763 2019 849 2083 Petro
868 2018 986 2082 indixit:
1015 2020 1068 2082 καὶ
1088 2018 1128 2082 σύ
1148 2041 1223 2081 ποτε
1244 2023 1434 2104 ἐπιστρέψας
1458 2019 1597 2103 στήριξον

216 2122 289 2204 τούς
310 2126 471 2215 ἀδελφούς
492 2148 560 2193 σου.
603 2128 634 2194 Si
663 2130 740 2192 enim
762 2128 864 2191 Petrus
892 2129 988 2210 quoad
1016 2130 1095 2210 ipsos
1124 2131 1211 2192 etiam
1239 2129 1388 2211 apostolos
1409 2130 1511 2193 debuit
1532 2149 1596 2193 esse

216 2237 283 2300 fidei
304 2236 472 2319 στήριγγας
508 2246 536 2301 et
563 2240 588 2301 si
616 2239 652 2301 ad
672 2241 754 2321 ipsos
775 2257 893 2321 quoquo
913 2237 1062 2320 apostotos
1084 2257 1102 2302 e
1123 2239 1215 2319 Petri,
1242 2247 1285 2301 ut
1305 2241 1344 2303 ita
1364 2240 1485 2321 loquar,
1521 2239 1596 2304 fonte

216 2348 381 2420 redundare
417 2346 585 2430 στηριγμδς
620 2347 735 2431 debuit3
771 2349 888 2430 quinam
929 2349 1045 2411 censeri
1079 2355 1215 2429 poterunt
1246 2348 1282 2411 ab
1314 2351 1378 2411 eius
1410 2352 1594 2428 institutione,

218 2459 387 2539 magisterio
413 2476 448 2520 ac
477 2459 625 2540 proposita
650 2455 849 2532 αὐθεντικῶς
876 2457 1006 2520 doctrina
1038 2458 1183 2520 immunes
1218 2464 1305 2538 atquc
1340 2458 1453 2522 satuti?
1497 2460 1596 2523 Christi

219 2585 292 2649 ergo
314 2567 487 2630 ordinationi
508 2567 647 2647 debetur,
683 2576 715 2631 ut
743 2567 845 2630 Petrus
877 2568 930 2647 sit,
966 2564 1161 2647 credaturque
1188 2569 1331 2649 magister
1352 2588 1388 2631 ac
1411 2569 1517 2634 doctor
1537 2571 1595 2632 nai·

219 2677 350 2740 versatis.

326 2807 395 2865 241.
437 2804 576 2867 iamvero
597 2804 685 2885 Paulo
710 2811 832 2867 auctore
845 2806 885 2882 ³³,
922 2802 1031 2865 idcirco
1060 2802 1191 2865 Christus
1227 2805 1255 2865 in
1286 2804 1414 2869 ecclesia
1451 2811 1595 2889 ποιμένας

218 2913 272 2975 καὶ
295 2909 506 2987 διδασκάλους
526 2915 687 2991 constituit,
713 2921 746 2974 ut
769 2912 933 2976 authentica
953 2911 1125 2975 eorumdem
1147 2913 1325 2989 institutione
1348 2917 1366 2977 δ
1390 2916 1594 2999 καταρτισμὸς

218 3025 282 3086 τῶν
301 3020 398 3104 οίγίων
419 3023 612 3103 obtineretur,
636 3022 838 3085 aedificaretur
861 3024 1014 3105 mysticum
1036 3020 1169 3085 eiusdem
1190 3041 1307 3105 corpus,
1331 3025 1440 3107 ubique
1461 3032 1596 3108 regnaret

218 3136 272 3208 τῆς
293 3133 423 3207 πίστεως
444 3135 558 3208 ἑνότης,
581 3152 616 3195 ac
637 3149 725 3194 nemo
747 3139 828 3195 esset
849 3132 898 3213 qui
918 3130 1029 3223 parvuli
1048 3132 1138 3194 instar
1152 3131 1314 3197 fluctuantis
1329 3137 1434 3216 quovis
1450 3137 1595 3199 doctrinae
1647 3160 1648 3211 1

195 3250 308 3305 ‚vento
329 3249 497 3323 raperetur,
519 3247 553 3304 ἐν
573 3243 609 3325 τῇ
629 3240 740 3325 napata
760 3244 825 3305 τοῖν
845 3238 1048 3321 ἀνθρώπων,
1069 3246 1103 3303 ἐν
1124 3244 1302 3326 πανουργίᾳ
1323 3244 1402 3325 πρὸς
1422 3238 1478 3321 τήν
1497 3242 1595 3324 μιθο-
1647 3236 1648 3247 ’

220 3350 308 3414 δείαν
327 3354 379 3428 τῆς
401 3349 527 3429 πλάνης.
571 3351 668 3424 Quare
690 3351 761 3430 iliis,
797 3368 960 3432 eorumque
981 3351 1142 3413 ministerio
1163 3353 1304 3433 attribuit,
1326 3362 1357 3417 nt
1377 3364 1486 3433 essent,
1507 3354 1594 3415 babe-
1647 3366 1648 3437 j

219 3468 378 3543 renturque
398 3453 467 3547 cipi
488 3463 541 3538 τῆς
561 3462 766 3541 ἐπιχορηγίας
785 3463 934 3524 iuncturae
956 3468 986 3523 et
1006 3463 1120 3544 mystici
1139 3465 1271 3544 corporis
1293 3465 1393 3544 nervi,
1423 3466 1473 3545 qui
1494 3466 1594 3526 uirtute

219 3573 249 3633 in
271 3589 324 3634 eos
346 3590 362 3633 a
385 3571 499 3634 Christo
519 3571 613 3652 capite
635 3580 823 3652 permanante
853 3569 921 3634 κατ’
942 3574 1100 3651 ἐνέργειαν
1120 3576 1154 3636 ἐν
1172 3578 1275 3657 μέτρῳ
1295 3571 1365 3649 inde
1388 3574 1523 3638 ἑκάστου
1546 3577 1595 3653 με’»

220 3702 295 3763 ρους
315 3680 429 3763 reliquo
451 3681 566 3763 corpori
590 3680 807 3762 suppeditarent
828 3680 1042 3743 incrementum
1065 3684 1110 3755 είς
1129 3676 1301 3769 οἱκοδσμῂν
1317 3684 1432 3745 ἑαυτοῦ
1445 3687 1479 3745 ἑν
1492 3677 1594 3763 σίγοίπῃ

219 3791 256 3854 ad
277 3789 509 3853 aedificationem
532 3789 663 3853 eiusdem
685 3791 715 3851 in
737 3790 873 3870 cantate,
911 3789 1039 3872 illudque
1069 3792 1105 3871 τῇ
1132 3790 1255 3876 κεφαλῇ
1282 3808 1348 3852 cum
1371 3793 1480 3872 capite,
1519 3786 1593 3870 quod

220 3908 266 3963 est
286 3900 430 3979 Christus,
453 3898 714 3983 σννσιρμολογώσι
736 3899 787 3964 καί
809 3895 1026 3983 σομβιβσίζωσι
1047 3896 1243 3980 pulcherrima
1265 3899 1416 3963 harmonia
1438 3920 1474 3962 ac
1493 3898 1593 3961 firmis-

220 4010 301 4074 simis
323 4009 447 4072 vincuiis
469 4007 658 4071 devincirent.

325 4133 416 4199 Porro
437 4136 463 4199 si
484 4135 597 4198 Christo
618 4136 648 4197 in
669 4134 829 4198 statimndis
849 4135 1014 4215 pastoribus
1037 4154 1072 4199 ac
1093 4135 1260 4198 doctoribus
1281 4136 1312 4199 id
1334 4135 1448 4199 consiiii
1474 4140 1591 4197 uniuer-

221 4244 365 4325 simiai,
396 4246 474 4329 quod
495 4222 599 4309 Paulus
621 4252 779 4309 memorat:
809 4252 839 4307 et
859 4246 885 4308 si
906 4263 957 4308 eas
977 4245 1034 4308 iltis
1055 4245 1208 4328 adscripsit
1228 4252 1343 4326 partes,
1371 4264 1458 4327 quaa,
1488 4244 1591 4307 eodem

221 4363 397 4438 praeeunte,
420 4360 640 4438 recensuimus,
669 4353 737 4436 quid
760 4353 809 4417 vel
830 4353 866 4417 de
884 4351 1012 4417 romilio
1034 4355 1262 4420 existimabimus
1284 4374 1343 4436 quo
1364 4355 1478 4419 Petrum
1500 4354 1592 4435 posuit

219 4475 374 4546 pastorem
393 4473 630 4542 oecumenicum,
652 4464 861 4543 doctmempue
880 4464 1099 4543 universalem,
1133 4465 1181 4528 vel
1202 4463 1400 4544 departibor
1421 4487 1457 4528 ac
1476 4460 1591 4526 iuribus

223 4584 299 4657 quae
320 4575 360 4640 illi
380 4572 549 4638 concessit?
576 4574 741 4638 Putabimus
758 4575 932 4638 destinatum
947 4573 1038 4638 baisse
1053 4576 1177 4653 Christo,
1198 4581 1229 4637 ut
1240 4596 1296 4655 per
1310 4571 1449 4652 Petrum,
1471 4580 1592 4651 οἰαιραε

224 4684 428 4750 authenticum
464 4689 670 4748 ministratum
706 4683 872 4748 efficeretur
903 4683 1111 4768 καταρτισμδς
1145 4687 1209 4749 τῶν
1244 4682 1361 4767 οίγίων,
1397 4687 1591 4751 amoneretur

286 4907 332 4981 ³⁰)
352 4907 373 4962 i.
388 4906 450 4962 Cor.
469 4906 527 4963 xit
548 4906 596 4961 28.
994 4904 1226 4982 ³²)tua.xx11.
1248 4906 1295 4964 32.

288 5010 396 5085 31)ιιιι.
418 5008 486 5065 aar.
507 5025 601 5081 seqq..
994 5013 1039 5090 ³³)
1061 4994 1158 5090 apia.
1179 5014 1225 5073 iv.
1249 5012 1294 5071 aa.
1315 5028 1389 5087 seqq.
