3300 5402
609 360 755 429 CAPUT
795 358 934 429 xxvn.
1402 361 1466 425 tib

88 530 299 613 praepositum:
321 528 358 595 ab
377 530 543 596 auctoribus
558 530 783 608 θεοπνεύστοις
797 538 945 615 tamquam
962 531 1092 595 ommam
1110 537 1197 614 caput
1217 535 1305 613 atque
1325 529 1467 595 verbcem

89 642 230 704 constanti
250 641 319 724 lege
341 641 535 724 descriptum:
557 649 588 705 et
606 643 636 705 in
656 641 777 705 historia
798 642 946 705 nascentis
968 640 1115 705 ecclesiae
1130 658 1191 704 non
1209 641 1274 704 eliis
1294 657 1468 724 expressum

87 749 250 831 coloribus,
280 769 367 833 quam
396 753 446 834 qui
466 751 594 833 supremi
614 752 744 814 omnium
763 750 973 831 moderatoris,
1000 749 1141 831 ducisque
1167 751 1325 832 imaginem
1346 768 1467 831 reprae·

86 866 215 942 sentent3
245 878 343 942 neque
370 860 428 925 ulla
452 862 566 944 reliqua
591 860 669 923 foret
696 859 865 941 difficultas,
893 869 922 924 et
942 858 1051 924 ahaim
1072 866 1245 943 argumenta
1269 864 1466 942 suppeterent,

84 966 189 1049 quibas
213 967 347 1033 Christus
376 977 434 1032 tam
463 977 565 1033 sudor
585 969 798 1051 inaequalitatis
820 971 895 1034 inter
917 969 1081 1053 apostolos,
1109 986 1195 1052 qnam
1224 970 1379 1052 primatus,
1408 986 1467 1052 qno

82 1075 185 1142 Petrus
205 1076 389 1159 excelleret,
411 1079 556 1144 institutor
575 1080 790 1144 ostenderetur.

189 1192 263 1249 377.
305 1187 446 1250 videmur
468 1195 565 1252 autem
586 1189 671 1252 nobis
691 1188 901 1271 comprobasse
922 1186 962 1252 cb
983 1195 1065 1252 omnt
1087 1206 1156 1253 esse
1177 1188 1345 1253 cmdtttom
1363 1186 1467 1269 soluta,

81 1313 157 1377 quam
187 1295 281 1359 veluti
308 1296 478 1369 condttooe
503 1295 620 1383 affecte
647 1300 861 1383 proposuimus.
902 1297 1114 1363 Ostendimus²
1139 1299 1217 1362 enirn
1239 1298 1384 1362 Christum
1404 1296 1468 1360 uni·

82 1422 170 1468 versa
192 1405 303 1488 agendi
325 1407 454 1489 ratione,
483 1407 722 1491 solemnibusque
749 1407 832 1472 dictis
859 1408 1001 1490 lactisque
1023 1406 1206 1488 declarasse,
1237 1426 1296 1471 non
1323 1424 1392 1470 esse
1413 1406 1469 1469 sibi

80 1512 199 1577 Petrnm
224 1521 328 1577 tortor
347 1522 442 1578 cotue
463 1537 481 1578 e
500 1515 637 1598 reliquie,
659 1519 714 1583 scd
734 1519 852 1582 illuma
873 1536 908 1582 se
922 1517 1024 1582 haberi
1039 1516 1130 1581 veluti
1150 1517 1329 1599 reliquorum
1351 1515 1467 1596 ducem,

80 1625 252 1707 principem
274 1633 362 1707 atque
383 1634 475 1709 ceput

189 1733 404 1798 Ostendimus⁸
435 1735 564 1799 voluisse
584 1735 746 1817 Christum
773 1745 805 1801 ut
828 1738 880 1800 uni
900 1736 986 1801 Petro
1014 1755 1050 1800 ea
1071 1743 1241 1799 ornamenta
1268 1737 1468 1815 convenirent,

83 1842 190 1924 quibus
217 1844 345 1926 ipsemet
365 1845 409 1929 pti
432 1863 586 1926 supremus
614 1847 760 1911 ecclesiae
786 1854 886 1910 rector
914 1845 1041 1911 excellit.
1083 1844 1233 1909 Eiusmodi
1255 1844 1333 1908 enirn
1352 1844 1470 1908 censeri

83 1950 193 2016 debent
222 1955 432 2035 proprietates,
463 1953 607 2036 dotesque
629 1954 841 2038 fundamenti,
870 1954 1031 2040 ricomeri,
1058 1954 1246 2019 corntmcdce
1265 1957 1468 2031 metorttatts,

82 2069 255 2126 maertorts
277 2071 308 2126 et
326 2068 457 2126 statoria
479 2082 514 2126 ac
533 2072 684 2146 postremo
702 2073 864 2145 pastor-om
881 2070 1037 2145 ponctph.
1079 2064 1164 2127 Nulla
1184 2081 1273 2147 porro
1293 2082 1332 2127 ex
1356 2064 1392 2126 iis
1413 2069 1467 2142 est,

84 2189 172 2254 quom
194 2193 258 2235 non
278 2179 335 2235 ont
356 2170 452 2235 Petro
472 2175 653 2254 promiserit,
683 2175 916 2258 promissamque
938 2174 1107 2239 contulerit:
1135 2173 1213 2237 nulla
1234 2172 1272 2236 ad
1293 2174 1377 2238 cuius
1398 2190 1469 2236 con·

83 2282 205 2344 sortium
228 2283 461 2364 societatemque
481 2304 541 2346 noo
563 2304 659 2347 onom
680 2281 812 2348 Petram
832 2286 980 2365 evexerit,
1003 2303 1091 2366 quem
1113 2291 1143 2348 et
1156 2281 1399 2368 fondamentum
1418 2299 1469 2346 ec·

85 2388 197 2454 clesiae
219 2410 293 2454 suae
313 2393 485 2474 praestituit,
507 2389 646 2456 cloethus
667 2394 755 2473 auxit,
778 2394 948 2458 meinrado
968 2393 1105 2458 solvendi
1123 2392 1300 2478 ltpandtque
1318 2399 1471 2473 potestate

86 2497 221 2583 donauit,
245 2500 382 2564 fratribus
406 2503 446 2564 uti
467 2500 713 2583 confirmatorem
733 2503 826 2584 dedit,
848 2521 962 2587 suoque
984 2504 1053 2567 ovili
1076 2510 1223 2586 tamquam
1243 2509 1470 2567 oecomerdcom
1550 2518 1554 2529 ·

1 2685 2 2706 ¹
86 2617 243 2687 pastorem
262 2608 414 2692 praefecit

192 2719 405 2783 Ostendimus·
434 2720 513 2784 idem
541 2721 752 2803 propemodum
780 2721 817 2785 ab
839 2722 1028 2804 evangelistis
1051 2722 1210 2785 discrimen
1230 2723 1299 2804 poni
1321 2721 1469 2805 apostolos

87 2828 162 2892 inter
183 2847 221 2893 ac
240 2828 372 2911 Petrum,
401 2830 479 2912 quod
500 2829 617 2894 Petrum
637 2833 714 2895 inter
737 2839 825 2913 atque
847 2831 992 2895 Christum
1012 2831 1166 2894 nobiscum
1186 2830 1282 2894 adbuc
1303 2838 1470 2895 versantem

87 2938 219 3003 extitisse
240 2939 413 3021 significant.
457 2940 539 3013 Sicut
560 2942 663 3003 enim'
684 2940 807 3004 alterurn
828 2959 845 3004 a
866 2941 981 3004 Christo
1002 2940 1117 3003 Petrum
1143 2939 1296 3019 exhibent,
1323 2941 1363 3004 ita
1382 2939 1468 3002 Petro

89 3050 237 3129 apostolos
259 3049 431 3112 subiiciunt:
454 3050 529 3112 sicut
547 3049 621 3113 iacta
643 3047 779 3130 dictaque
796 3049 901 3113 Christi
922 3048 1005 3112 lactis
1022 3049 1165 3132 dictisque
1186 3049 1263 3112 Petri
1283 3054 1469 3131 anteponunt,

88 3155 126 3219 ita
151 3157 239 3221 huius
266 3157 340 3221 iacta
368 3142 503 3240 dictaque
528 3158 612 3222 iactis
634 3157 996 3241 dictisqueapostolorum
1016 3158 1213 3241 praehabent:
1244 3158 1320 3222 sicut
1340 3157 1470 3222 Christus

88 3265 118 3327 in
136 3266 267 3350 ipsnmm
293 3268 512 3331 commentariis
537 3287 608 3350 prae
628 3267 715 3331 Petro
743 3268 869 3349 eminet,
897 3269 937 3332 ita
958 3266 1061 3331 Petrus
1081 3286 1154 3349 prae
1175 3267 1316 3350 apostolis
1337 3266 1469 3331 exeellitz

88 3382 118 3438 et
136 3378 213 3439 sicut
233 3376 294 3458 leqi
314 3375 470 3458 evangelia
491 3395 551 3440 non
571 3384 710 3459 possunt,
732 3378 803 3458 quin
824 3376 988 3459 descriptus
1008 3379 1039 3440 in
1058 3377 1095 3441 iis
1115 3378 1318 3457 πρωτότυπος
1339 3376 1470 3440 Christus

87 3501 155 3548 esse
175 3486 317 3566 videatur,
339 3486 378 3549 ito
399 3485 460 3567 legi
480 3487 587 3550 eadem
607 3494 758 3568 nequeunt
779 3487 848 3569 quin
867 3487 1001 3569 proxime
1023 3486 1060 3549 ad
1081 3486 1227 3550 Christum
1249 3485 1394 3551 accedere
1415 3485 1470 3549 Pe·

89 3597 163 3657 trum
184 3594 337 3659 iudicetis.

194 3704 406 3769 Ostendimus⁶
434 3723 495 3768 non
515 3705 600 3769 aliter
620 3704 658 3768 de
678 3704 763 3769 Petro
783 3705 932 3786 loquutum
956 3724 1025 3769 esse
1045 3704 1182 3787 Paulum,
1204 3725 1240 3770 ac
1260 3706 1351 3770 verbm
1372 3705 1409 3768 de
1431 3723 1470 3769 eo
1547 3702 1550 3711 ’

89 3809 211 3877 iecerint
232 3815 448 3897 evangelistae:
467 3835 566 3899 neque
587 3817 682 3879 minus
703 3816 733 3878 in
746 3814 825 3878 Pauli
840 3815 969 3897 epistolis
991 3833 1078 3897 quam
1098 3817 1129 3879 in
1144 3817 1368 3899 evangeliorum
1386 3815 1468 3879 libris

90 3920 164 3987 Petri
186 3918 351 4005 ὑπεροχήν
371 3928 512 3991 eminere.

122 4086 124 4091 .
195 4033 405 4099 Ostendimus⁷
439 4035 566 4119 denique
593 4042 789 4118 comparatam
818 4035 861 4099 sic
883 4052 953 4115 esse
974 4034 1121 4099 ecciesiae
1143 4035 1291 4099 nascentis
1310 4033 1470 4117 historiam,

89 4146 120 4202 ut
145 4142 176 4205 in
202 4162 237 4207 ea
266 4144 367 4207 Petrus
395 4146 513 4209 maioris
540 4147 631 4210 instar
657 4146 728 4210 ostri
755 4144 952 4227 resplendeat.
994 4144 1105 4227 Fulgor
1132 4145 1209 4207 enim
1231 4162 1289 4226 quo
1311 4144 1414 4208 Petrus
1441 4145 1471 4208 in

89 4247 171 4314 Actis
193 4253 308 4333 emicat,
330 4260 375 4316 est
396 4254 437 4317 ilb
456 4255 618 4318 simillimus
641 4273 699 4338 quo
721 4257 750 4318 in
771 4254 935 4336 evangeliis
957 4254 1086 4318 Clrridus
1106 4252 1296 4337 perfunditur.
1340 4253 1471 4318 Christoe

90 4361 216 4424 omnium
238 4361 475 4445 frequentissime
495 4367 661 4429 nominatur
680 4366 711 4428 in
731 4363 912 4446 evangeliis3
938 4363 1043 4426 nullius
1069 4365 1188 4446 saepius
1208 4382 1318 4427 nornen
1338 4364 1367 4426 in
1387 4361 1470 4426 Actis

90 4485 175 4549 quam
190 4469 266 4535 Petri
283 4474 432 4553 repetitur.
474 4474 579 4539 Christi
600 4492 764 4552 sermones,
787 4481 881 4557 gesta,
900 4481 1071 4555 patrataque
1092 4474 1177 4555 signa
1201 4480 1354 4555 utramque
1375 4472 1469 4537 ierme

92 4581 311 4664 euangeliorum
335 4584 472 4665 peginam
500 4585 637 4668 implent,
665 4585 695 4647 in
714 4581 821 4647 Actis⁸
848 4583 897 4646 vix
917 4582 1063 4666 quidpiam
1084 4583 1230 4665 reperitur
1250 4581 1328 4665 quod
1348 4582 1385 4645 ad
1406 4600 1470 4647 ser·

151 4762 179 4838 ²)
199 4779 243 4819 nn.
265 4761 312 4821 13.
332 4778 407 4836 seqq.
863 4764 892 4838 ⁸)
911 4782 956 4821 nn.
980 4762 1046 4821 198.
1067 4778 1142 4836 seqq.

864 4870 892 4945 ⁸)
913 4887 957 4926 nn.
978 4870 1046 4928 2⁷2.
1066 4885 1141 4943 seqq

863 4977 892 5050 ⁷)
911 4993 956 5032 nn.
980 4975 1045 5032 163.
1066 4992 1141 5047 seqq.

152 5080 181 5154 ⁴)
199 5096 244 5137 nn.
266 5078 333 5137 115.
353 5096 427 5153 seqq.
864 5081 893 5155 ⁸)
916 5081 974 5137 lton
998 5087 1063 5153 pato
1090 5076 1248 5135 monmdrurr
1272 5091 1350 5150 esse,
1376 5077 1411 5132 de
1435 5092 1468 5135 aa

148 4921 176 4997 ³)
197 4938 241 4978 nn.
263 4921 310 4978 60.
331 4936 421 4997 seqq,
446 4940 490 4979 nn.
511 4923 559 4980 87.
580 4940 654 4997 seqq.
