3374 5388
677 373 835 442 -csms
875 376 950 442 vu.
1448 380 1509 440 442

3 540 5 555 ’
117 543 471 630 sensumsensurn
491 524 1505 629 annaeo,messenen,merenov·‚vngrn0⁷²,amqui⁷³

117 658 246 739 passim3
278 674 381 719 verum
411 656 498 719 etiam
519 654 550 719 in
565 659 592 690 ⁷·
623 654 788 738 Aloorano,
816 655 958 737 librisque
971 658 1000 691 ⁷⁸
1018 654 1199 719 iudaeorum.
1241 654 1340 738 Atque
1368 658 1405 719 ite
1431 659 1462 720 in
1477 662 1506 692 ⁷⁶

119 764 207 829 Pirke
228 763 328 829 Abour
350 764 493 847 legimus:
515 742 648 843 hunrih
673 771 720 838 nn
741 770 866 839 bubus
887 770 978 849 pam
999 773 1113 845 septen
1124 773 1232 845 pomae
1252 763 1507 851 talerpebesma.

222 873 378 938 Neminem
399 891 489 956 porro
507 873 579 937 latet
598 873 652 955 tu,
679 875 909 957 vulgatissimam
940 892 1009 938 esse
1033 873 1273 955 nnetnpdorteam
1287 880 1315 910 Η
1342 884 1506 956 portarum

119 981 382 1068 siqoilicotionem,
399 1001 456 1064 qua
469 984 557 1066 regui
571 985 755 1066 civitatisque
769 982 865 1047 robor
876 991 1102 1066 potentiamque
1117 985 1281 1069 designant.
1316 987 1410 1061 Quum
1426 989 1503 1052 enim

117 1112 177 1157 amu
187 1093 348 1169 invaluerit,
359 1100 391 1156 ut
401 1100 503 1176 portes
517 1110 576 1157 oea
586 1091 734 1158 entim
746 1091 874 1173 roboris,
889 1092 1117 1176 symbolumque
1123 1101 1277 1175 potentiae
1288 1104 1506 1181 spectarentur3

117 1221 243 1285 pronum
263 1202 315 1266 luit
328 1211 360 1266 ut
383 1202 420 1266 ad
434 1202 525 1267 robur
544 1204 650 1287 ipsum,
670 1206 889 1287 potentiamque
907 1203 1126 1286 exprimendam
1140 1205 1372 1270 traducerentur.
1415 1207 1507 1289 igitur

116 1313 165 1377 lv.
187 1310 283 1378 neilus
302 1306 388 1397 doen
408 1312 542 1378 interduo
557 1314 681 1378 civitatis
700 1320 801 1396 portas
812 1320 957 1392 proeime'
974 1312 1113 1394 referunt,
1135 1318 1277 1396 ἐμμέοως
1292 1333 1366 1378 vero
1388 1319 1504 1381 noxiam

115 1421 314 1507 hostilemque
328 1424 464 1488 virtutem
477 1441 567 1505 quum
586 1431 716 1505 situnne,
738 1431 798 1487 tum
821 1441 925 1486 eorum
946 1423 1077 1486 omnium
1092 1440 1216 1504 quorum
1231 1432 1347 1488 somnae
1368 1426 1506 1508 princeps

114 1541 170 1611 est,
194 1535 302 1616 quique
324 1533 361 1597 ab
376 1551 414 1598 eo
436 1532 526 1597 veluti
545 1540 666 1616 parente
679 1536 708 1567 ²⁸
732 1532 874 1596 inlunem
896 1533 966 1595 editi
986 1531 1185 1616 perhibentur.

221 1641 295 1705 ilino
315 1642 350 1705 V.
374 1641 555 1726 symbolicae
577 1644 754 1726 loquutionis
775 1662 792 1706 a
814 1642 929 1707 Christo
951 1642 1096 1707 adhibitae
1118 1643 1343 1707 commentarius
1371 1643 1500 1707 omnium

113 1751 439 1817 mmmmodatissimus
460 1754 486 1815 is
510 1760 570 1835 est,
602 1752 856 1836 quemlaulus⁷⁹
879 1752 926 1816 bis
953 1752 1054 1815 verbis
1081 1752 1299 1834 complectitur:
1328 1748 1394 1817 Οὐκ
1423 1755 1505 1816 ἔστιν

112 1858 223 1943 ulpius}
243 1861 328 1939 πάλι]
348 1861 427 1943 πρὸς
447 1856 529 1944 αἷμα
542 1863 596 1928 καὶ
617 1860 729 1945 σάρκα,
753 1858 837 1927 ἄλλα
858 1866 937 1946 πρὸς
961 1856 1017 1935 τοὶς
1038 1859 1156 1945 ἀρχάς,
1179 1861 1258 1943 πρὸς
1272 1855 1329 1937 τοὶς
1347 1861 1504 1940 ἐξουσ1ας,

112 1969 196 2051 πρὸς
216 1963 291 2046 τούς
305 1970 566 2055 κοσμοκράτορας
587 1975 644 2037 τοῦ
662 1976 792 2049 σκότους
806 1975 863 2037 τοῦ
876 1976 993 2047 αἰῶνος
1008 1968 1128 2053 τούτου,
1152 1970 1230 2056 πρὸς
1254 1966 1294 2036 τοὶ
1308 1972 1502 2055 πνευματικοὶ

110 2083 170 2159 τῆς
185 2080 345 2163 somniate,
362 2084 397 2145 1ο
410 2083 478 2157 τοῖς
491 2083 700 2167 ἐπουρανίοις.
744 2082 832 2162 ldest,
849 2081 1070 2165 l'beopbylaoto
1084 2084 1112 2114 ⁸⁰
1130 2089 1196 2163 post
1214 2081 1454 2166 chrysostomum
1474 2092 1504 2147 et

180 2255 435 2330 ιτ)’11ιοοροο.ν.
458 2257 526 2316 773.
835 2256 878 2312 uis
906 2255 1048 2313 victoriam
1076 2257 1207 2314 ecelesiae
1234 2256 1394 2331 pollicentur
1420 2259 1503 2315 verba

179 2363 225 2439 ⁸⁸)
246 2363 406 2435 Agamemu.
428 2379 454 2424 v.
479 2363 565 2422 1300.
835 2361 950 2439 Christi3
976 2362 1024 2418 sed
1052 2378 1086 2419 ex
1110 2379 1191 2419 sensa
1218 2372 1371 2421 euuotorum
1400 2373 1503 2440 patrum

179 2469 225 2544 ”)
246 2468 348 2526 Aloest
368 2484 396 2527 ι.
420 2467 486 2526 124.
835 2475 913 2540 atque
937 2470 1125 2545 interpretum,
1154 2469 1234 2526 etiam
1255 2478 1348 2528 eontra
1368 2473 1503 2548 haereses,

178 2576 224 2651 ”)
244 2574 274 2632 1ο
294 2580 408 2632 meunt.
429 2591 456 2632 v.
477 2576 544 2632 427.
834 2590 900 2648 ques
915 2590 967 2631 nou
982 2578 1068 2632 minus
1080 2577 1262 2634 verisimiliter
1280 2577 1399 2652 plerique
1418 2579 1503 2636 verbo

178 2682 225 2757 71)
245 2680 303 2739 hib.
325 2680 369 2738 111.
397 2699 424 2737 v.
446 2682 494 2739 67.
830 2690 976 2756 portemus
995 2683 1103 2754 inferni
1122 2683 1278 2756 designatas
1298 2691 1405 2761 putant,
1431 2686 1503 2758 quod

180 2787 226 2864 Η)
246 2787 361 2844 Aeneid.
382 2787 428 2845 vl.
456 2804 483 2844 v.
507 2786 573 2845 127.
834 2805 882 2861 per
901 2804 948 2844 ees
969 2788 1003 2844 ad
1025 2789 1125 2846 inferos
1146 2796 1229 2846 eatur.
1271 2790 1409 2867 Ceterum,
1439 2808 1503 2849 ooo·

178 2895 224 2969 ²³)
244 2894 285 2951 llo
305 2894 401 2967 quibus
422 2895 516 2952 soaler
534 2894 646 2952 Windet
671 2893 706 2950 ds
725 2893 785 2949 aito
834 2894 932 2968 cludit,
960 2896 1087 2953 existimo
1114 2897 1221 2952 nomine
1243 2904 1389 2970 portorum
1413 2899 1502 2970 inseri

107 3003 203 3074 [anet.
225 3007 312 3074 stom,
339 3007 366 3058 et
386 3000 486 3058 lloderi
507 3001 724 3058 dissertationem
745 2999 785 3055 iu·
834 3002 947 3074 exprimi
976 3002 1170 3073 „universalius
1198 3002 1356 3078 principium
1385 3006 1501 3060 omnium

112 3108 259 3181 scriptam,
279 3097 367 3164 οὖλαι
387 3097 458 3182 ᾆσον
477 3107 569 3164 llaitb.
590 3107 661 3163 xvi.
685 3104 730 3164 10.
752 3105 784 3161 il·
834 3108 1074 3181 impugnationum,
1095 3124 1160 3181 quas
1181 3107 1294 3165 eeclesia
1314 3110 1421 3183 patitur,
1442 3112 1502 3166 sive

108 3213 249 3271 lustratae.
833 3229 882 3286 per
911 3219 1038 3284 tyrannos
1074 3213 1246 3289 idololatras,
1282 3221 1327 3270 eut
1353 3217 1502 3287 quomodo-

177 3319 224 3393 Ν)
246 3318 336 3375 stunt
356 3317 415 3375 xv.
436 3318 484 3376 44.
833 3335 944 3391 eumque
964 3319 1094 3394 infideles,
1115 3321 1174 3377 sire
1188 3338 1236 3395 per
1248 3321 1399 3378 haereticos
1413 3323 1500 3378 subis-

179 3424 226 3499 Η)
247 3423 286 3480 Cl.
306 3423 468 3495 Weqeuseil
488 3426 516 3482 ia
537 3423 622 3483 Sotab
641 3441 704 3498 paq.
714 3424 782 3482 220.
833 3426 1012 3499 matieosque,
1038 3427 1077 3482 uti
1098 3433 1125 3482 et
1143 3444 1192 3500 per
1211 3428 1376 3501 corruptelas
1397 3445 1498 3485 morum

179 3530 226 3607 ¹⁸)
248 3530 311 3602 lag.
329 3528 400 3585 449.
834 3537 862 3589 et
882 3533 1047 3588 irritamenta
1067 3534 1202 3589 uitiorum.
1252 3533 1380 3591 Omnibus
1401 3539 1499 3610 quippe

177 3637 224 3711 77)
244 3636 284 3694 ct.
305 3634 411 3693 Ernesti
429 3634 535 3693 Ewaldi
554 3637 719 3696 Emblemeta
741 3654 784 3696 sa·
832 3638 875 3695 bis
902 3645 931 3694 et
957 3639 1070 3711 siugulis
1097 3641 1172 3712 quasi
1201 3640 1258 3695 oroi
1285 3643 1447 3698 exercitibus
1473 3650 1501 3699 et

111 3760 175 3818 ors,
196 3741 253 3799 blb.
268 3741 314 3799 lv.
335 3741 455 3800 Exarsit.
472 3742 517 3800 111.
833 3745 946 3819 eastris,
967 3744 1050 3800 veluti
1070 3747 1248 3818 imperatores
1269 3763 1300 3803 ae
1319 3748 1399 3804 duces
1423 3766 1500 3822 prae-

118 3876 123 3881 ·
176 3847 223 3922 η)
242 3847 304 3904 lob.
325 3846 396 3907 11111.
416 3847 465 3904 44.
832 3850 922 3907 sideni
948 3851 1109 3925 daemones,
1141 3853 1185 3924 qul
1209 3868 1286 3924 quam
1314 3860 1376 3927 apte
1398 3862 1500 3928 portos

176 3953 223 4029 ³⁹)
242 3953 341 4028 Ephes.
362 3953 409 4011 vi
432 3953 479 4010 12.
832 3958 920 4029 inseri
939 3958 993 4014 dici
1013 3958 1126 4030 possint,
1148 3958 1267 4015 breviter
1286 3976 1429 4035 exponam,
1452 3962 1500 4017 de-

177 4060 223 4135 ⁸⁰)
255 4059 357 4116 Cenum
385 4060 473 4117 adh.
500 4059 518 4116 l.
564 4058 729 4133 Epiphanius
755 4060 783 4116 lu
832 4078 944 4137 serpens
972 4081 987 4119 e
1013 4064 1121 4137 seriptis
1147 4081 1162 4120 a
1189 4081 1230 4121 me
1255 4066 1321 4122 alias
1342 4068 1368 4123 ln
1388 4066 1499 4124 Euerei-
1621 4060 1626 4067 '

111 4168 260 4242 Aneorato,
282 4165 308 4240 ς.
325 4165 372 4223 ix.
393 4167 427 4224 de
447 4166 534 4241 portis
554 4166 650 4222 luierni
670 4164 781 4222 soribit:
833 4171 935 4226 tutione
956 4169 1119 4242 Theoloqioe
1141 4171 1174 4227 ad
1197 4171 1349 4245 Scripturas
1376 4173 1435 4229 loos
1464 4174 1498 4232 de

109 4263 200 4330 nitar
218 4270 248 4328 dl
267 4262 337 4346 piton
362 4270 531 4350 art-atpium
555 4269 602 4328 καὶ
630 4271 656 4329 ol
682 4271 782 4349 nipast·
831 4276 946 4348 Angelis
967 4275 1105 4349 egentia.“

110 4370 208 4455 ἄρχοι.
247 4379 428 4437 llammoeuus
449 4395 515 4437 sero
536 4384 603 4437 orat
625 4379 653 4436 ln
673 4395 696 4435 s.
717 4377 782 4435 liar·
891 4382 951 4457 „lbi
971 4383 1145 4440 considerans
1164 4382 1227 4440 lobi
1247 4383 1336 4440 losum
1353 4383 1497 4442 lllllllllll.

110 4486 204 4543 baram
223 4490 314 4560 putat,
341 4487 428 4560 portis
450 4487 551 4558 iniernl,
564 4485 711 4558 siguiboari
731 4477 782 4551 τοῖς
833 4488 888 4565 17,
914 4490 960 4546 ubi
981 4491 1010 4547 iit
1031 4491 1130 4545 mentio
1147 4496 1292 4564 portorum
1310 4494 1421 4565 mortis,
1449 4492 1499 4549 ob-

109 4590 248 4658 παντοίας
266 4585 323 4650 τῶν
341 4584 482 4649 κολάσεων
501 4589 574 4657 ἰδέας
593 4589 630 4659 alc
650 4581 721 4666 ᾇσηο
735 4590 781 4648 aul
830 4596 971 4652 servabam
999 4598 1095 4653 mortis
1121 4599 1227 4654 nomine
1252 4599 1429 4669 significatum
1456 4600 1497 4655 ri·

108 4689 241 4756 aidoneus
267 4687 403 4764 ὥθοῦσας
428 4696 475 4755 καὶ
500 4688 691 4774 emorousae,
720 4707 780 4757 tor·
830 4702 904 4776 deri,
936 4703 1016 4775 quod*
1034 4704 1169 4761 iohannes
1196 4704 1223 4760 in
1251 4702 1338 4777 Αροο.
1363 4704 1422 4761 xx.
1450 4703 1496 4760 14.

109 4812 206 4863 mento
226 4812 253 4862 et
273 4805 523 4863 marlotuossnis
548 4807 661 4881 pateris
680 4807 712 4863 ist
730 4808 779 4862 ist·
830 4814 911 4865 vooat
937 4817 1049 4867 mortem
1076 4811 1240 4881 remordens,
1268 4827 1346 4883 qnam
1373 4827 1433 4867 esse
1461 4812 1498 4866 alt

109 4913 191 4986 leros
210 4926 246 4967 οο
264 4915 379 4967 mortem
398 4911 538 4969 indentes
553 4929 589 4970 uo
605 4912 780 4971 deducentes.
830 4922 957 4991 stupeam
977 4918 1066 4991 ipnis,
1086 4917 1140 4973 hoo
1159 4924 1201 4973 est
1222 4916 1366 4991 inlemum3
1386 4922 1415 4971 ut
1433 4931 1499 4989 por·

173 5016 288 5093 Vnum,
316 5016 408 5074 subdit
427 5017 553 5074 l’ossinus
578 5019 606 5077 iu
632 5018 781 5094 Spieileqio
833 5027 877 5080 tae
894 5024 1030 5080 mortiset
1042 5030 1137 5098 portae
1157 5022 1234 5078 interi
1254 5037 1419 5093 synonymae
1433 5024 1495 5079 siut.

110 5121 297 5202 lisingehem
317 5122 345 5203 ς.
366 5118 457 5183 svm.
477 5137 531 5181 usu
551 5123 586 5185 de
604 5125 673 5185 solis
693 5132 783 5201 tyran·
831 5128 891 5191 tin
919 5130 980 5207 quia
1007 5134 1034 5188 et
1060 5128 1159 5187 arcium
1187 5132 1215 5187 et
1241 5143 1376 5189 btroerum
1403 5134 1496 5205 portio
