<?xml version="1.0" encoding="UTF-8"?>
<!DOCTYPE html PUBLIC "-//W3C//DTD XHTML 1.0 Transitional//EN"
    "http://www.w3.org/TR/xhtml1/DTD/xhtml1-transitional.dtd">
<html xmlns="http://www.w3.org/1999/xhtml" xml:lang="en" lang="en">
 <head>
  <title>
</title>
<meta http-equiv="Content-Type" content="text/html;charset=utf-8" />
  <meta name='ocr-system' content='tesseract 3.04.00' />
  <meta name='ocr-capabilities' content='ocr_page ocr_carea ocr_par ocr_line ocrx_word'/>
</head>
<body>
  <div class='ocr_page' id='page_1' title='image "./commentariusdep00passgoog_0417.png"; bbox 0 0 3374 5388; ppageno 0'>
   <div class='ocr_carea' id='block_1_1' title="bbox 662 305 1478 375">
    <p class='ocr_par' dir='ltr' id='par_1_1' title="bbox 662 305 1478 375">
     <span class='ocr_line' id='line_1_1' title="bbox 662 305 1478 375; baseline -0.004 -3"><span class='ocrx_word' id='word_1_1' title='bbox 662 305 808 375; x_wconf 75' lang='lat' dir='ltr'>CAPUT</span> <span class='ocrx_word' id='word_1_2' title='bbox 850 308 908 374; x_wconf 84' lang='lat' dir='ltr'><strong>lv.</strong></span> <span class='ocrx_word' id='word_1_3' title='bbox 1416 308 1478 370; x_wconf 77' lang='lat' dir='ltr'><strong>tos</strong></span> 
     </span>
    </p>
   </div>
   <div class='ocr_carea' id='block_1_2' title="bbox 85 474 1477 1786">
    <p class='ocr_par' dir='ltr' id='par_1_2' title="bbox 85 474 1476 1108">
     <span class='ocr_line' id='line_1_2' title="bbox 87 474 1476 559; baseline -0.001 -20"><span class='ocrx_word' id='word_1_4' title='bbox 87 476 196 541; x_wconf 89' lang='lat' dir='ltr'><strong>maiori</strong></span> <span class='ocrx_word' id='word_1_5' title='bbox 209 483 321 559; x_wconf 90' lang='lat' dir='ltr'><strong>potero,</strong></span> <span class='ocrx_word' id='word_1_6' title='bbox 336 474 425 540; x_wconf 90' lang='lat' dir='ltr'><strong>latine</strong></span> <span class='ocrx_word' id='word_1_7' title='bbox 439 474 573 539; x_wconf 88' lang='lat' dir='ltr'><strong>reddam:</strong></span> <span class='ocrx_word' id='word_1_8' title='bbox 600 475 702 557; x_wconf 89' lang='lat' dir='ltr'><strong>„lllud,</strong></span> <span class='ocrx_word' id='word_1_9' title='bbox 717 478 819 559; x_wconf 91' lang='lat' dir='ltr'><strong>inquit,</strong></span> <span class='ocrx_word' id='word_1_10' title='bbox 834 476 902 540; x_wconf 93' lang='lat' dir='ltr'><strong>huic</strong></span> <span class='ocrx_word' id='word_1_11' title='bbox 916 476 1084 541; x_wconf 85' lang='lat' dir='ltr'><strong>testimonio</strong></span> <span class='ocrx_word' id='word_1_12' title='bbox 1098 476 1247 541; x_wconf 88' lang='lat' dir='ltr'><strong>sinistrum</strong></span> <span class='ocrx_word' id='word_1_13' title='bbox 1263 476 1377 555; x_wconf 88' lang='lat' dir='ltr'><strong>accidit,</strong></span> <span class='ocrx_word' id='word_1_14' title='bbox 1397 476 1476 558; x_wconf 89' lang='lat' dir='ltr'><strong>quod</strong></span> 
     </span>
     <span class='ocr_line' id='line_1_3' title="bbox 86 585 1473 667; baseline -0.001 -17"><span class='ocrx_word' id='word_1_15' title='bbox 86 590 120 650; x_wconf 92' lang='lat' dir='ltr'><strong>in</strong></span> <span class='ocrx_word' id='word_1_16' title='bbox 136 603 240 649; x_wconf 90' lang='lat' dir='ltr'><strong>manus</strong></span> <span class='ocrx_word' id='word_1_17' title='bbox 256 586 370 649; x_wconf 86' lang='lat' dir='ltr'><strong>venerit</strong></span> <span class='ocrx_word' id='word_1_18' title='bbox 382 586 603 667; x_wconf 86' lang='lat' dir='ltr'><strong>polemioorum,</strong></span> <span class='ocrx_word' id='word_1_19' title='bbox 619 606 654 649; x_wconf 93' lang='lat' dir='ltr'><strong>ac</strong></span> <span class='ocrx_word' id='word_1_20' title='bbox 669 606 708 650; x_wconf 80' lang='lat' dir='ltr'><strong>ex</strong></span> <span class='ocrx_word' id='word_1_21' title='bbox 721 589 756 650; x_wconf 88' lang='lat' dir='ltr'><strong>iis</strong></span> <span class='ocrx_word' id='word_1_22' title='bbox 771 588 979 651; x_wconf 72' lang='lat' dir='ltr'><strong>obscuritatem</strong></span> <span class='ocrx_word' id='word_1_23' title='bbox 994 587 1179 650; x_wconf 79' lang='lat' dir='ltr'>contraxerit.</span> <span class='ocrx_word' id='word_1_24' title='bbox 1222 585 1473 661; x_wconf 73' lang='lat' dir='ltr'><strong>Quemadmodum</strong></span> 
     </span>
     <span class='ocr_line' id='line_1_4' title="bbox 89 694 1475 779; baseline -0.001 -20"><span class='ocrx_word' id='word_1_25' title='bbox 89 694 244 760; x_wconf 77' lang='lat' dir='ltr'><strong>catholicis</strong></span> <span class='ocrx_word' id='word_1_26' title='bbox 265 713 325 758; x_wconf 91' lang='lat' dir='ltr'><strong>non</strong></span> <span class='ocrx_word' id='word_1_27' title='bbox 346 694 479 758; x_wconf 89' lang='lat' dir='ltr'><strong>concedo</strong></span> <span class='ocrx_word' id='word_1_28' title='bbox 500 695 537 759; x_wconf 91' lang='lat' dir='ltr'><strong>ad</strong></span> <span class='ocrx_word' id='word_1_29' title='bbox 560 713 699 759; x_wconf 89' lang='lat' dir='ltr'><strong>romanos</strong></span> <span class='ocrx_word' id='word_1_30' title='bbox 720 696 872 779; x_wconf 82' lang='lat' dir='ltr'><strong>pontifices</strong></span> <span class='ocrx_word' id='word_1_31' title='bbox 893 698 1041 779; x_wconf 87' lang='lat' dir='ltr'><strong>pertinere</strong></span> <span class='ocrx_word' id='word_1_32' title='bbox 1061 714 1137 777; x_wconf 90' lang='lat' dir='ltr'><strong>quae</strong></span> <span class='ocrx_word' id='word_1_33' title='bbox 1160 695 1197 759; x_wconf 90' lang='lat' dir='ltr'><strong>de</strong></span> <span class='ocrx_word' id='word_1_34' title='bbox 1218 694 1304 758; x_wconf 91' lang='lat' dir='ltr'><strong>Petro</strong></span> <span class='ocrx_word' id='word_1_35' title='bbox 1325 694 1475 777; x_wconf 61' lang='lat' dir='ltr'><strong>dicuntum</strong></span> 
     </span>
     <span class='ocr_line' id='line_1_5' title="bbox 88 803 1476 888; baseline -0.003 -18"><span class='ocrx_word' id='word_1_36' title='bbox 88 807 132 871; x_wconf 90' lang='lat' dir='ltr'><strong>ita</strong></span> <span class='ocrx_word' id='word_1_37' title='bbox 154 804 241 868; x_wconf 81' lang='lat' dir='ltr'><strong>fidem</strong></span> <span class='ocrx_word' id='word_1_38' title='bbox 261 804 423 886; x_wconf 78' lang='lat' dir='ltr'><strong>adiungere</strong></span> <span class='ocrx_word' id='word_1_39' title='bbox 447 823 565 886; x_wconf 84' lang='lat' dir='ltr'><strong>nequeo</strong></span> <span class='ocrx_word' id='word_1_40' title='bbox 586 806 826 887; x_wconf 75' lang='lat' dir='ltr'><strong>protestantibus,</strong></span> <span class='ocrx_word' id='word_1_41' title='bbox 856 806 947 870; x_wconf 86' lang='lat' dir='ltr'><strong>verba</strong></span> <span class='ocrx_word' id='word_1_42' title='bbox 966 806 1017 870; x_wconf 73' lang='lat' dir='ltr'><strong>ini</strong></span> <span class='ocrx_word' id='word_1_43' title='bbox 1037 803 1131 888; x_wconf 75' lang='grc' dir='ltr'><strong><em>ταύτῃ</em></strong></span> <span class='ocrx_word' id='word_1_44' title='bbox 1153 808 1190 887; x_wconf 77' lang='grc' dir='ltr'><strong>τῇ</strong></span> <span class='ocrx_word' id='word_1_45' title='bbox 1216 808 1314 887; x_wconf 70' lang='grc' dir='ltr'><em>πέτρᾳ</em></span> <span class='ocrx_word' id='word_1_46' title='bbox 1335 804 1372 868; x_wconf 92' lang='lat' dir='ltr'><strong>ad</strong></span> <span class='ocrx_word' id='word_1_47' title='bbox 1393 803 1476 867; x_wconf 83' lang='lat' dir='ltr'><strong>ouri-</strong></span> 
     </span>
     <span class='ocr_line' id='line_1_6' title="bbox 85 913 1476 998; baseline -0.001 -19"><span class='ocrx_word' id='word_1_48' title='bbox 85 923 168 979; x_wconf 87' lang='lat' dir='ltr'><strong>stum</strong></span> <span class='ocrx_word' id='word_1_49' title='bbox 187 914 308 989; x_wconf 80' lang='lat' dir='ltr'><strong>reterri,</strong></span> <span class='ocrx_word' id='word_1_50' title='bbox 336 916 385 996; x_wconf 90' lang='lat' dir='ltr'><strong>qui</strong></span> <span class='ocrx_word' id='word_1_51' title='bbox 407 914 528 998; x_wconf 68' lang='lat' dir='ltr'><strong>digitum</strong></span> <span class='ocrx_word' id='word_1_52' title='bbox 543 915 573 977; x_wconf 91' lang='lat' dir='ltr'><strong>in</strong></span> <span class='ocrx_word' id='word_1_53' title='bbox 593 917 782 997; x_wconf 89' lang='lat' dir='ltr'><strong>semetipsum</strong></span> <span class='ocrx_word' id='word_1_54' title='bbox 803 917 959 981; x_wconf 88' lang='lat' dir='ltr'><strong>intenderit</strong></span> <span class='ocrx_word' id='word_1_55' title='bbox 979 934 1068 998; x_wconf 92' lang='lat' dir='ltr'><strong>quum</strong></span> <span class='ocrx_word' id='word_1_56' title='bbox 1090 935 1125 978; x_wconf 88' lang='lat' dir='ltr'><strong>ea</strong></span> <span class='ocrx_word' id='word_1_57' title='bbox 1146 916 1349 997; x_wconf 83' lang='lat' dir='ltr'><strong>pronuntiavit</strong></span> <span class='ocrx_word' id='word_1_58' title='bbox 1392 913 1476 987; x_wconf 82' lang='lat' dir='ltr'><strong>Quod</strong></span> 
     </span>
     <span class='ocr_line' id='line_1_7' title="bbox 86 1024 852 1108; baseline -0.001 -18"><span class='ocrx_word' id='word_1_59' title='bbox 86 1025 132 1091; x_wconf 92' lang='lat' dir='ltr'><strong>illi</strong></span> <span class='ocrx_word' id='word_1_60' title='bbox 155 1026 253 1107; x_wconf 89' lang='lat' dir='ltr'><strong>utique</strong></span> <span class='ocrx_word' id='word_1_61' title='bbox 275 1024 383 1104; x_wconf 86' lang='lat' dir='ltr'><strong>dicunt,</strong></span> <span class='ocrx_word' id='word_1_62' title='bbox 403 1024 522 1087; x_wconf 88' lang='lat' dir='ltr'><strong>minime</strong></span> <span class='ocrx_word' id='word_1_63' title='bbox 544 1042 617 1087; x_wconf 87' lang='lat' dir='ltr'><strong>vero</strong></span> <span class='ocrx_word' id='word_1_64' title='bbox 639 1024 852 1108; x_wconf 57' lang='lat' dir='ltr'><strong>evangelican</strong></span> 
     </span>
    </p>

    <p class='ocr_par' dir='ltr' id='par_1_3' title="bbox 87 1127 1477 1786">
     <span class='ocr_line' id='line_1_8' title="bbox 200 1127 1477 1217; baseline -0.004 -18"><span class='ocrx_word' id='word_1_65' title='bbox 200 1134 298 1216; x_wconf 86' lang='lat' dir='ltr'><strong>„Sane</strong></span> <span class='ocrx_word' id='word_1_66' title='bbox 314 1151 402 1216; x_wconf 91' lang='lat' dir='ltr'><strong>quum</strong></span> <span class='ocrx_word' id='word_1_67' title='bbox 417 1133 582 1216; x_wconf 88' lang='lat' dir='ltr'><strong>praecedat,</strong></span> <span class='ocrx_word' id='word_1_68' title='bbox 596 1127 636 1197; x_wconf 82' lang='lat' dir='ltr'><strong>od</strong></span> <span class='ocrx_word' id='word_1_69' title='bbox 650 1130 680 1198; x_wconf 81' lang='lat' dir='ltr'><strong>sl</strong></span> <span class='ocrx_word' id='word_1_70' title='bbox 692 1134 827 1217; x_wconf 75' lang='grc' dir='ltr'><em>Πέτρος,</em></span> <span class='ocrx_word' id='word_1_71' title='bbox 843 1142 873 1198; x_wconf 90' lang='lat' dir='ltr'><strong>et</strong></span> <span class='ocrx_word' id='word_1_72' title='bbox 886 1137 1024 1199; x_wconf 89' lang='lat' dir='ltr'><strong>continuo</strong></span> <span class='ocrx_word' id='word_1_73' title='bbox 1035 1140 1185 1216; x_wconf 89' lang='lat' dir='ltr'><strong>sequatur,</strong></span> <span class='ocrx_word' id='word_1_74' title='bbox 1201 1133 1254 1197; x_wconf 83' lang='grc' dir='ltr'><strong>καὶ</strong></span> <span class='ocrx_word' id='word_1_75' title='bbox 1267 1132 1318 1195; x_wconf 78' lang='grc' dir='ltr'><strong>ἐπὶ</strong></span> <span class='ocrx_word' id='word_1_76' title='bbox 1331 1131 1425 1215; x_wconf 77' lang='grc' dir='ltr'><strong><em>ταύτῃ</em></strong></span> <span class='ocrx_word' id='word_1_77' title='bbox 1439 1134 1477 1215; x_wconf 72' lang='grc' dir='ltr'><strong>τῇ</strong></span> 
     </span>
     <span class='ocr_line' id='line_1_9' title="bbox 91 1241 1475 1329; baseline -0.004 -20"><span class='ocrx_word' id='word_1_78' title='bbox 91 1250 200 1327; x_wconf 74' lang='grc' dir='ltr'><em>πέτρᾳ,</em></span> <span class='ocrx_word' id='word_1_79' title='bbox 222 1244 286 1325; x_wconf 92' lang='lat' dir='ltr'><strong>quis</strong></span> <span class='ocrx_word' id='word_1_80' title='bbox 308 1242 403 1306; x_wconf 84' lang='lat' dir='ltr'><strong>studio</strong></span> <span class='ocrx_word' id='word_1_81' title='bbox 421 1245 545 1325; x_wconf 90' lang='lat' dir='ltr'><strong>partium</strong></span> <span class='ocrx_word' id='word_1_82' title='bbox 560 1263 619 1308; x_wconf 92' lang='lat' dir='ltr'><strong>non</strong></span> <span class='ocrx_word' id='word_1_83' title='bbox 636 1245 773 1329; x_wconf 89' lang='lat' dir='ltr'><strong>abreptus</strong></span> <span class='ocrx_word' id='word_1_84' title='bbox 789 1245 958 1326; x_wconf 88' lang='lat' dir='ltr'><strong>diffiteatur,</strong></span> <span class='ocrx_word' id='word_1_85' title='bbox 978 1241 1107 1307; x_wconf 82' lang='lat' dir='ltr'><strong>Petrum</strong></span> <span class='ocrx_word' id='word_1_86' title='bbox 1123 1261 1192 1307; x_wconf 90' lang='lat' dir='ltr'><strong>esse</strong></span> <span class='ocrx_word' id='word_1_87' title='bbox 1203 1243 1354 1321; x_wconf 77' lang='lat' dir='ltr'><strong>petrem?</strong></span> <span class='ocrx_word' id='word_1_88' title='bbox 1374 1260 1475 1324; x_wconf 90' lang='lat' dir='ltr'><strong>quarn-</strong></span> 
     </span>
     <span class='ocr_line' id='line_1_10' title="bbox 92 1353 1475 1438; baseline -0.001 -21"><span class='ocrx_word' id='word_1_89' title='bbox 92 1373 180 1438; x_wconf 89' lang='lat' dir='ltr'><strong>quam</strong></span> <span class='ocrx_word' id='word_1_90' title='bbox 193 1371 303 1436; x_wconf 77' lang='lat' dir='ltr'><strong>graece</strong></span> <span class='ocrx_word' id='word_1_91' title='bbox 317 1353 455 1435; x_wconf 81' lang='lat' dir='ltr'><strong>loquutus</strong></span> <span class='ocrx_word' id='word_1_92' title='bbox 469 1362 551 1418; x_wconf 89' lang='lat' dir='ltr'><strong>esset</strong></span> <span class='ocrx_word' id='word_1_93' title='bbox 559 1354 699 1435; x_wconf 81' lang='lat' dir='ltr'><strong>Christus,</strong></span> <span class='ocrx_word' id='word_1_94' title='bbox 715 1354 753 1419; x_wconf 88' lang='lat' dir='ltr'><strong>de</strong></span> <span class='ocrx_word' id='word_1_95' title='bbox 769 1374 806 1419; x_wconf 92' lang='lat' dir='ltr'><strong>eo</strong></span> <span class='ocrx_word' id='word_1_96' title='bbox 813 1355 937 1420; x_wconf 87' lang='lat' dir='ltr'><strong>dubitari</strong></span> <span class='ocrx_word' id='word_1_97' title='bbox 952 1373 1011 1418; x_wconf 93' lang='lat' dir='ltr'><strong>non</strong></span> <span class='ocrx_word' id='word_1_98' title='bbox 1024 1360 1135 1438; x_wconf 89' lang='lat' dir='ltr'><strong>posset,</strong></span> <span class='ocrx_word' id='word_1_99' title='bbox 1149 1370 1239 1435; x_wconf 92' lang='lat' dir='ltr'><strong>quum</strong></span> <span class='ocrx_word' id='word_1_100' title='bbox 1253 1355 1475 1433; x_wconf 72' lang='lat' dir='ltr'><strong>nomenndrpu,</strong></span> 
     </span>
     <span class='ocr_line' id='line_1_11' title="bbox 91 1460 1476 1548; baseline -0.002 -21"><span class='ocrx_word' id='word_1_101' title='bbox 91 1464 148 1527; x_wconf 83' lang='lat' dir='ltr'><strong>etsi</strong></span> <span class='ocrx_word' id='word_1_102' title='bbox 175 1464 379 1526; x_wconf 81' lang='lat' dir='ltr'><strong>terminatione</strong></span> <span class='ocrx_word' id='word_1_103' title='bbox 406 1462 572 1546; x_wconf 88' lang='lat' dir='ltr'><strong>diversum,</strong></span> <span class='ocrx_word' id='word_1_104' title='bbox 604 1463 786 1528; x_wconf 77' lang='lat' dir='ltr'><strong>manifestam</strong></span> <span class='ocrx_word' id='word_1_105' title='bbox 812 1466 849 1529; x_wconf 93' lang='lat' dir='ltr'><strong>ad</strong></span> <span class='ocrx_word' id='word_1_106' title='bbox 877 1464 1001 1548; x_wconf 76' lang='grc' dir='ltr'><em>Πέτρον</em></span> <span class='ocrx_word' id='word_1_107' title='bbox 1029 1464 1202 1528; x_wconf 75' lang='lat' dir='ltr'><strong>allusionem</strong></span> <span class='ocrx_word' id='word_1_108' title='bbox 1232 1460 1387 1544; x_wconf 85' lang='lat' dir='ltr'><strong>praeierat.</strong></span> <span class='ocrx_word' id='word_1_109' title='bbox 1436 1460 1476 1524; x_wconf 80' lang='lat' dir='ltr'><strong>At</strong></span> 
     </span>
     <span class='ocr_line' id='line_1_12' title="bbox 90 1570 1475 1658; baseline -0.004 -21"><span class='ocrx_word' id='word_1_110' title='bbox 90 1572 225 1637; x_wconf 80' lang='lat' dir='ltr'><strong>Christus</strong></span> <span class='ocrx_word' id='word_1_111' title='bbox 246 1571 382 1654; x_wconf 74' lang='lat' dir='ltr'><strong>loquutus</strong></span> <span class='ocrx_word' id='word_1_112' title='bbox 405 1578 450 1635; x_wconf 88' lang='lat' dir='ltr'><strong>est</strong></span> <span class='ocrx_word' id='word_1_113' title='bbox 471 1570 641 1654; x_wconf 87' lang='lat' dir='ltr'><strong>chaldaice,</strong></span> <span class='ocrx_word' id='word_1_114' title='bbox 664 1573 711 1637; x_wconf 82' lang='lat' dir='ltr'><strong>vel</strong></span> <span class='ocrx_word' id='word_1_115' title='bbox 731 1576 826 1656; x_wconf 91' lang='lat' dir='ltr'><strong>potius</strong></span> <span class='ocrx_word' id='word_1_116' title='bbox 848 1577 963 1658; x_wconf 77' lang='lat' dir='ltr'><strong>syriace</strong></span> <span class='ocrx_word' id='word_1_117' title='bbox 985 1593 1074 1656; x_wconf 90' lang='lat' dir='ltr'><strong>quum</strong></span> <span class='ocrx_word' id='word_1_118' title='bbox 1096 1575 1125 1637; x_wconf 91' lang='lat' dir='ltr'><strong>in</strong></span> <span class='ocrx_word' id='word_1_119' title='bbox 1140 1571 1269 1637; x_wconf 88' lang='lat' dir='ltr'><strong>Galilaea</strong></span> <span class='ocrx_word' id='word_1_120' title='bbox 1291 1576 1475 1649; x_wconf 81' lang='lat' dir='ltr'><strong>versaretur3</strong></span> 
     </span>
     <span class='ocr_line' id='line_1_13' title="bbox 87 1681 1475 1786; baseline -0.004 -38"><span class='ocrx_word' id='word_1_121' title='bbox 87 1684 119 1748; x_wconf 91' lang='lat' dir='ltr'><strong>in</strong></span> <span class='ocrx_word' id='word_1_122' title='bbox 141 1690 263 1763; x_wconf 87' lang='lat' dir='ltr'><strong>utraque</strong></span> <span class='ocrx_word' id='word_1_123' title='bbox 279 1688 376 1745; x_wconf 89' lang='lat' dir='ltr'><strong>autem</strong></span> <span class='ocrx_word' id='word_1_124' title='bbox 401 1681 501 1763; x_wconf 81' lang='lat' dir='ltr'><strong>lingua</strong></span> <span class='ocrx_word' id='word_1_125' title='bbox 515 1682 595 1745; x_wconf 92' lang='lat' dir='ltr'><strong>nullo</strong></span> <span class='ocrx_word' id='word_1_126' title='bbox 613 1683 650 1746; x_wconf 93' lang='lat' dir='ltr'><strong>ab</strong></span> <span class='ocrx_word' id='word_1_127' title='bbox 671 1684 798 1748; x_wconf 86' lang='lat' dir='ltr'><strong>invicem</strong></span> <span class='ocrx_word' id='word_1_128' title='bbox 820 1684 989 1749; x_wconf 87' lang='lat' dir='ltr'><strong>discrimine</strong></span> <span class='ocrx_word' id='word_1_129' title='bbox 1011 1682 1152 1746; x_wconf 80' lang='lat' dir='ltr'><strong>vocabula</strong></span> <span class='ocrx_word' id='word_1_130' title='bbox 1178 1685 1287 1786; x_wconf 50' lang='grc' dir='ltr'><strong>κῃ,</strong></span> <span class='ocrx_word' id='word_1_131' title='bbox 1307 1685 1422 1761; x_wconf 82' lang='grc' dir='ltr'><em>πέτρον,</em></span> <span class='ocrx_word' id='word_1_132' title='bbox 1445 1687 1475 1742; x_wconf 91' lang='lat' dir='ltr'><strong>et</strong></span> 
     </span>
    </p>
   </div>
   <div class='ocr_carea' id='block_1_3' title="bbox 88 1831 1476 1942">
    <p class='ocr_par' dir='ltr' id='par_1_4' title="bbox 88 1831 1476 1942">
     <span class='ocr_line' id='line_1_14' title="bbox 88 1831 1476 1942; baseline -0.004 -43"><span class='ocrx_word' id='word_1_133' title='bbox 88 1838 197 1942; x_wconf 52' lang='lat' dir='ltr'><strong>RQ,</strong></span> <span class='ocrx_word' id='word_1_134' title='bbox 218 1840 340 1915; x_wconf 77' lang='grc' dir='ltr'><em>πέτρος,</em></span> <span class='ocrx_word' id='word_1_135' title='bbox 363 1836 468 1918; x_wconf 67' lang='lat' dir='ltr'><strong>aanor</strong></span> <span class='ocrx_word' id='word_1_136' title='bbox 489 1836 690 1918; x_wconf 78' lang='lat' dir='ltr'><strong>seiunguntur.</strong></span> <span class='ocrx_word' id='word_1_137' title='bbox 733 1838 831 1911; x_wconf 81' lang='lat' dir='ltr'><strong>Quare</strong></span> <span class='ocrx_word' id='word_1_138' title='bbox 852 1838 998 1918; x_wconf 83' lang='lat' dir='ltr'><strong>interpres</strong></span> <span class='ocrx_word' id='word_1_139' title='bbox 1019 1853 1105 1919; x_wconf 73' lang='lat' dir='ltr'><strong>syrus</strong></span> <span class='ocrx_word' id='word_1_140' title='bbox 1127 1834 1230 1898; x_wconf 89' lang='lat' dir='ltr'><strong>eadem</strong></span> <span class='ocrx_word' id='word_1_141' title='bbox 1252 1850 1337 1913; x_wconf 85' lang='lat' dir='ltr'><strong>voce,</strong></span> <span class='ocrx_word' id='word_1_142' title='bbox 1358 1831 1476 1895; x_wconf 87' lang='lat' dir='ltr'><strong>iisdem-</strong></span> 
     </span>
    </p>
   </div>
   <div class='ocr_carea' id='block_1_4' title="bbox 86 1978 1479 4860">
    <p class='ocr_par' dir='ltr' id='par_1_5' title="bbox 87 1978 1478 3219">
     <span class='ocr_line' id='line_1_15' title="bbox 91 1978 1474 2127; baseline -0.003 -49"><span class='ocrx_word' id='word_1_143' title='bbox 91 2034 153 2099; x_wconf 85' lang='lat' dir='ltr'><strong>que</strong></span> <span class='ocrx_word' id='word_1_144' title='bbox 184 2015 285 2079; x_wconf 91' lang='lat' dir='ltr'><strong>litteris</strong></span> <span class='ocrx_word' id='word_1_145' title='bbox 313 2031 383 2078; x_wconf 92' lang='lat' dir='ltr'><strong>usus</strong></span> <span class='ocrx_word' id='word_1_146' title='bbox 406 2019 467 2077; x_wconf 87' lang='lat' dir='ltr'><strong>est:</strong></span> <span class='ocrx_word' id='word_1_147' title='bbox 509 1981 597 2124; x_wconf 60' lang='grc' dir='ltr'><strong>Ιεζίοι</strong></span> <span class='ocrx_word' id='word_1_148' title='bbox 621 1981 685 2127; x_wconf 53' lang='lat' dir='ltr'><strong>ipsi</strong></span> <span class='ocrx_word' id='word_1_149' title='bbox 714 1983 784 2083; x_wconf 73' lang='lat' dir='ltr'><strong>us’o</strong></span> <span class='ocrx_word' id='word_1_150' title='bbox 818 1982 904 2124; x_wconf 43' lang='lat' dir='ltr'><strong>igi-0¹</strong></span> <span class='ocrx_word' id='word_1_151' title='bbox 930 1982 987 2117; x_wconf 59' lang='lat' dir='ltr'><strong>dor</strong></span> <span class='ocrx_word' id='word_1_152' title='bbox 1018 1978 1096 2115; x_wconf 44' lang='lat' dir='ltr'><strong>bulg.</strong></span> <span class='ocrx_word' id='word_1_153' title='bbox 1139 2013 1192 2077; x_wconf 88' lang='lat' dir='ltr'><strong>llis</strong></span> <span class='ocrx_word' id='word_1_154' title='bbox 1219 2031 1290 2077; x_wconf 86' lang='lat' dir='ltr'><strong>vero</strong></span> <span class='ocrx_word' id='word_1_155' title='bbox 1318 2012 1474 2094; x_wconf 81' lang='lat' dir='ltr'><strong>responsio</strong></span> 
     </span>
     <span class='ocr_line' id='line_1_16' title="bbox 90 2148 1477 2233; baseline -0.004 -18"><span class='ocrx_word' id='word_1_156' title='bbox 90 2153 273 2229; x_wconf 75' lang='lat' dir='ltr'><strong>eonduetm,</strong></span> <span class='ocrx_word' id='word_1_157' title='bbox 307 2168 365 2233; x_wconf 91' lang='lat' dir='ltr'><strong>qua</strong></span> <span class='ocrx_word' id='word_1_158' title='bbox 385 2148 501 2212; x_wconf 91' lang='lat' dir='ltr'><strong>illorum</strong></span> <span class='ocrx_word' id='word_1_159' title='bbox 522 2150 660 2230; x_wconf 78' lang='lat' dir='ltr'><strong>castigari</strong></span> <span class='ocrx_word' id='word_1_160' title='bbox 680 2151 794 2214; x_wconf 86' lang='lat' dir='ltr'><strong>inscitie</strong></span> <span class='ocrx_word' id='word_1_161' title='bbox 814 2150 917 2225; x_wconf 90' lang='lat' dir='ltr'><strong>debet,</strong></span> <span class='ocrx_word' id='word_1_162' title='bbox 939 2150 988 2231; x_wconf 92' lang='lat' dir='ltr'><strong>qui</strong></span> <span class='ocrx_word' id='word_1_163' title='bbox 1009 2149 1127 2212; x_wconf 92' lang='lat' dir='ltr'><strong>nomina</strong></span> <span class='ocrx_word' id='word_1_164' title='bbox 1149 2153 1261 2229; x_wconf 77' lang='grc' dir='ltr'><em>πέτρον</em></span> <span class='ocrx_word' id='word_1_165' title='bbox 1289 2148 1477 2230; x_wconf 69' lang='lat' dir='ltr'><strong>reincipere</strong></span> 
     </span>
     <span class='ocr_line' id='line_1_17' title="bbox 89 2256 1475 2340; baseline -0.003 -15"><span class='ocrx_word' id='word_1_166' title='bbox 89 2280 153 2325; x_wconf 91' lang='lat' dir='ltr'><strong>non</strong></span> <span class='ocrx_word' id='word_1_167' title='bbox 174 2259 269 2323; x_wconf 89' lang='lat' dir='ltr'><strong>solum</strong></span> <span class='ocrx_word' id='word_1_168' title='bbox 290 2259 436 2324; x_wconf 71' lang='lat' dir='ltr'><strong>diutinus</strong></span> <span class='ocrx_word' id='word_1_169' title='bbox 456 2258 510 2323; x_wconf 89' lang='lat' dir='ltr'><strong>sed</strong></span> <span class='ocrx_word' id='word_1_170' title='bbox 532 2259 619 2322; x_wconf 87' lang='lat' dir='ltr'><strong>etiam</strong></span> <span class='ocrx_word' id='word_1_171' title='bbox 641 2265 779 2338; x_wconf 80' lang='lat' dir='ltr'><strong>opposita</strong></span> <span class='ocrx_word' id='word_1_172' title='bbox 799 2259 981 2322; x_wconf 89' lang='lat' dir='ltr'><strong>arbitrantur.</strong></span> <span class='ocrx_word' id='word_1_173' title='bbox 1024 2257 1148 2321; x_wconf 82' lang='lat' dir='ltr'><strong>Accedit</strong></span> <span class='ocrx_word' id='word_1_174' title='bbox 1177 2275 1339 2340; x_wconf 91' lang='lat' dir='ltr'><strong>pronomen</strong></span> <span class='ocrx_word' id='word_1_175' title='bbox 1370 2256 1475 2340; x_wconf 77' lang='grc' dir='ltr'><em>ταύτῃ,</em></span> 
     </span>
     <span class='ocr_line' id='line_1_18' title="bbox 91 2364 1474 2453; baseline -0.003 -20"><span class='ocrx_word' id='word_1_176' title='bbox 91 2387 154 2453; x_wconf 85' lang='lat' dir='ltr'><strong>quo</strong></span> <span class='ocrx_word' id='word_1_177' title='bbox 176 2370 202 2433; x_wconf 90' lang='lat' dir='ltr'><strong>is</strong></span> <span class='ocrx_word' id='word_1_178' title='bbox 223 2368 439 2433; x_wconf 88' lang='lat' dir='ltr'><strong>demonstratur</strong></span> <span class='ocrx_word' id='word_1_179' title='bbox 452 2369 501 2450; x_wconf 90' lang='lat' dir='ltr'><strong>qui</strong></span> <span class='ocrx_word' id='word_1_180' title='bbox 523 2364 648 2449; x_wconf 73' lang='grc' dir='ltr'><em>ἁμέσως</em></span> <span class='ocrx_word' id='word_1_181' title='bbox 662 2368 818 2448; x_wconf 74' lang='lat' dir='ltr'><strong>antecedit,</strong></span> <span class='ocrx_word' id='word_1_182' title='bbox 839 2368 1002 2450; x_wconf 81' lang='lat' dir='ltr'><strong>diciturque</strong></span> <span class='ocrx_word' id='word_1_183' title='bbox 1024 2366 1159 2449; x_wconf 78' lang='grc' dir='ltr'><em>Πέτρος,</em></span> <span class='ocrx_word' id='word_1_184' title='bbox 1181 2375 1273 2451; x_wconf 90' lang='lat' dir='ltr'><strong>petra,</strong></span> <span class='ocrx_word' id='word_1_185' title='bbox 1288 2366 1474 2451; x_wconf 73' lang='grc' dir='ltr'><em>πετροανῄρ.</em></span> 
     </span>
     <span class='ocr_line' id='line_1_19' title="bbox 89 2477 1476 2561; baseline -0.004 -17"><span class='ocrx_word' id='word_1_186' title='bbox 89 2480 176 2555; x_wconf 83' lang='lat' dir='ltr'><strong>Quae</strong></span> <span class='ocrx_word' id='word_1_187' title='bbox 195 2478 233 2541; x_wconf 89' lang='lat' dir='ltr'><strong>de</strong></span> <span class='ocrx_word' id='word_1_188' title='bbox 248 2479 340 2561; x_wconf 76' lang='lat' dir='ltr'><strong>digito</strong></span> <span class='ocrx_word' id='word_1_189' title='bbox 361 2478 519 2561; x_wconf 75' lang='lat' dir='ltr'><strong>linguntur,</strong></span> <span class='ocrx_word' id='word_1_190' title='bbox 542 2496 630 2560; x_wconf 89' lang='lat' dir='ltr'><strong>quem</strong></span> <span class='ocrx_word' id='word_1_191' title='bbox 644 2478 731 2542; x_wconf 87' lang='lat' dir='ltr'><strong>lesus</strong></span> <span class='ocrx_word' id='word_1_192' title='bbox 752 2478 781 2540; x_wconf 94' lang='lat' dir='ltr'><strong>in</strong></span> <span class='ocrx_word' id='word_1_193' title='bbox 803 2479 992 2559; x_wconf 91' lang='lat' dir='ltr'><strong>semetipsum</strong></span> <span class='ocrx_word' id='word_1_194' title='bbox 1013 2478 1202 2557; x_wconf 81' lang='lat' dir='ltr'><strong>converterit,</strong></span> <span class='ocrx_word' id='word_1_195' title='bbox 1224 2477 1370 2559; x_wconf 88' lang='lat' dir='ltr'><strong>polemico</strong></span> <span class='ocrx_word' id='word_1_196' title='bbox 1386 2479 1476 2541; x_wconf 88' lang='lat' dir='ltr'><strong>inter-</strong></span> 
     </span>
     <span class='ocr_line' id='line_1_20' title="bbox 89 2586 1475 2674; baseline -0.002 -22"><span class='ocrx_word' id='word_1_197' title='bbox 89 2590 168 2674; x_wconf 90' lang='lat' dir='ltr'><strong>preti</strong></span> <span class='ocrx_word' id='word_1_198' title='bbox 183 2588 309 2652; x_wconf 86' lang='lat' dir='ltr'><strong>adscribi</strong></span> <span class='ocrx_word' id='word_1_199' title='bbox 324 2587 442 2668; x_wconf 90' lang='lat' dir='ltr'><strong>debent,</strong></span> <span class='ocrx_word' id='word_1_200' title='bbox 465 2588 579 2651; x_wconf 90' lang='lat' dir='ltr'><strong>illinon</strong></span> <span class='ocrx_word' id='word_1_201' title='bbox 592 2595 722 2670; x_wconf 89' lang='lat' dir='ltr'><strong>possunt.</strong></span> <span class='ocrx_word' id='word_1_202' title='bbox 764 2586 856 2668; x_wconf 86' lang='lat' dir='ltr'><strong>Ecqui</strong></span> <span class='ocrx_word' id='word_1_203' title='bbox 871 2587 948 2649; x_wconf 88' lang='lat' dir='ltr'><strong>enim</strong></span> <span class='ocrx_word' id='word_1_204' title='bbox 963 2587 1040 2649; x_wconf 89' lang='lat' dir='ltr'><strong>loret</strong></span> <span class='ocrx_word' id='word_1_205' title='bbox 1050 2604 1145 2649; x_wconf 85' lang='lat' dir='ltr'><strong>nexus</strong></span> <span class='ocrx_word' id='word_1_206' title='bbox 1160 2588 1236 2649; x_wconf 88' lang='lat' dir='ltr'><strong>inter</strong></span> <span class='ocrx_word' id='word_1_207' title='bbox 1249 2589 1475 2669; x_wconf 86' lang='lat' dir='ltr'><strong>propositiones,</strong></span> 
     </span>
     <span class='ocr_line' id='line_1_21' title="bbox 90 2690 1477 2780; baseline -0.001 -19"><span class='ocrx_word' id='word_1_208' title='bbox 90 2692 133 2761; x_wconf 78' lang='grc' dir='ltr'><em>σύ</em></span> <span class='ocrx_word' id='word_1_209' title='bbox 155 2693 185 2762; x_wconf 81' lang='lat' dir='ltr'><strong>el</strong></span> <span class='ocrx_word' id='word_1_210' title='bbox 196 2696 330 2779; x_wconf 78' lang='grc' dir='ltr'><em>Πέτρος,</em></span> <span class='ocrx_word' id='word_1_211' title='bbox 352 2705 390 2777; x_wconf 91' lang='lat' dir='ltr'><strong>et,</strong></span> <span class='ocrx_word' id='word_1_212' title='bbox 411 2697 463 2761; x_wconf 76' lang='lat' dir='ltr'><strong>inl</strong></span> <span class='ocrx_word' id='word_1_213' title='bbox 476 2695 571 2780; x_wconf 78' lang='grc' dir='ltr'><strong><em>ταύτῃ</em></strong></span> <span class='ocrx_word' id='word_1_214' title='bbox 584 2699 622 2779; x_wconf 79' lang='grc' dir='ltr'><strong>τῇ</strong></span> <span class='ocrx_word' id='word_1_215' title='bbox 640 2702 737 2777; x_wconf 59' lang='grc' dir='ltr'><strong>πήρᾳ</strong></span> <span class='ocrx_word' id='word_1_216' title='bbox 754 2691 956 2777; x_wconf 77' lang='grc' dir='ltr'><em>οἰκοδομήσω</em></span> <span class='ocrx_word' id='word_1_217' title='bbox 970 2716 1033 2775; x_wconf 87' lang='grc' dir='ltr'><strong>μου</strong></span> <span class='ocrx_word' id='word_1_218' title='bbox 1055 2690 1110 2773; x_wconf 68' lang='grc' dir='ltr'><strong>τήν</strong></span> <span class='ocrx_word' id='word_1_219' title='bbox 1122 2694 1296 2776; x_wconf 74' lang='grc' dir='ltr'><strong>ἐκκλησίαν,</strong></span> <span class='ocrx_word' id='word_1_220' title='bbox 1317 2696 1343 2759; x_wconf 93' lang='lat' dir='ltr'><strong>si</strong></span> <span class='ocrx_word' id='word_1_221' title='bbox 1364 2700 1477 2777; x_wconf 67' lang='grc' dir='ltr'><em>πέτρας</em></span> 
     </span>
     <span class='ocr_line' id='line_1_22' title="bbox 89 2803 1477 2888; baseline -0.003 -16"><span class='ocrx_word' id='word_1_222' title='bbox 89 2809 212 2872; x_wconf 89' lang='lat' dir='ltr'><strong>nomine</strong></span> <span class='ocrx_word' id='word_1_223' title='bbox 235 2825 294 2871; x_wconf 93' lang='lat' dir='ltr'><strong>non</strong></span> <span class='ocrx_word' id='word_1_224' title='bbox 307 2807 420 2884; x_wconf 88' lang='lat' dir='ltr'><strong>Petrus,</strong></span> <span class='ocrx_word' id='word_1_225' title='bbox 442 2806 497 2869; x_wconf 92' lang='lat' dir='ltr'><strong>sed</strong></span> <span class='ocrx_word' id='word_1_226' title='bbox 511 2806 640 2869; x_wconf 79' lang='lat' dir='ltr'><strong>Christum</strong></span> <span class='ocrx_word' id='word_1_227' title='bbox 656 2803 891 2888; x_wconf 74' lang='lat' dir='ltr'><strong>exprimerent</strong></span> <span class='ocrx_word' id='word_1_228' title='bbox 912 2804 991 2887; x_wconf 91' lang='lat' dir='ltr'><strong>quod</strong></span> <span class='ocrx_word' id='word_1_229' title='bbox 1004 2807 1165 2887; x_wconf 89' lang='lat' dir='ltr'><strong>praemium</strong></span> <span class='ocrx_word' id='word_1_230' title='bbox 1186 2803 1335 2869; x_wconf 86' lang='lat' dir='ltr'><strong>retulisset</strong></span> <span class='ocrx_word' id='word_1_231' title='bbox 1348 2804 1477 2869; x_wconf 83' lang='lat' dir='ltr'><strong>Petrusl</strong></span> 
     </span>
     <span class='ocr_line' id='line_1_23' title="bbox 88 2913 1478 2998; baseline -0.003 -17"><span class='ocrx_word' id='word_1_232' title='bbox 88 2918 133 2981; x_wconf 89' lang='lat' dir='ltr'><strong>illi</strong></span> <span class='ocrx_word' id='word_1_233' title='bbox 155 2915 332 2981; x_wconf 88' lang='lat' dir='ltr'><strong>simillimum</strong></span> <span class='ocrx_word' id='word_1_234' title='bbox 355 2915 433 2998; x_wconf 91' lang='lat' dir='ltr'><strong>quod</strong></span> <span class='ocrx_word' id='word_1_235' title='bbox 455 2917 500 2980; x_wconf 86' lang='lat' dir='ltr'><strong>vir</strong></span> <span class='ocrx_word' id='word_1_236' title='bbox 526 2915 631 2980; x_wconf 86' lang='lat' dir='ltr'><strong>nobilis</strong></span> <span class='ocrx_word' id='word_1_237' title='bbox 652 2915 792 2996; x_wconf 80' lang='lat' dir='ltr'><strong>referret,</strong></span> <span class='ocrx_word' id='word_1_238' title='bbox 822 2935 910 2997; x_wconf 91' lang='lat' dir='ltr'><strong>quem</strong></span> <span class='ocrx_word' id='word_1_239' title='bbox 937 2916 974 2979; x_wconf 86' lang='lat' dir='ltr'><strong>ita</strong></span> <span class='ocrx_word' id='word_1_240' title='bbox 997 2916 1154 2998; x_wconf 87' lang='lat' dir='ltr'><strong>imperator</strong></span> <span class='ocrx_word' id='word_1_241' title='bbox 1180 2913 1393 2996; x_wconf 85' lang='lat' dir='ltr'><strong>alloqueretur:</strong></span> <span class='ocrx_word' id='word_1_242' title='bbox 1423 2935 1478 2997; x_wconf 73' lang='lat' dir='ltr'><strong>epo</strong></span> 
     </span>
     <span class='ocr_line' id='line_1_24' title="bbox 89 3023 1475 3106; baseline -0.004 -15"><span class='ocrx_word' id='word_1_243' title='bbox 89 3027 163 3091; x_wconf 78' lang='lat' dir='ltr'><strong>dico</strong></span> <span class='ocrx_word' id='word_1_244' title='bbox 182 3026 245 3103; x_wconf 80' lang='lat' dir='ltr'><strong>tibi,</strong></span> <span class='ocrx_word' id='word_1_245' title='bbox 268 3046 339 3090; x_wconf 80' lang='lat' dir='ltr'><strong>eoae</strong></span> <span class='ocrx_word' id='word_1_246' title='bbox 359 3034 390 3089; x_wconf 85' lang='lat' dir='ltr'><strong>te</strong></span> <span class='ocrx_word' id='word_1_247' title='bbox 403 3031 502 3087; x_wconf 81' lang='lat' dir='ltr'><strong>cirum</strong></span> <span class='ocrx_word' id='word_1_248' title='bbox 516 3023 653 3100; x_wconf 81' lang='lat' dir='ltr'><strong>nobilena,</strong></span> <span class='ocrx_word' id='word_1_249' title='bbox 679 3033 708 3087; x_wconf 89' lang='lat' dir='ltr'><strong>et</strong></span> <span class='ocrx_word' id='word_1_250' title='bbox 727 3025 809 3088; x_wconf 78' lang='lat' dir='ltr'><strong>burte</strong></span> <span class='ocrx_word' id='word_1_251' title='bbox 832 3025 943 3106; x_wconf 82' lang='lat' dir='ltr'><strong>(allum,</strong></span> <span class='ocrx_word' id='word_1_252' title='bbox 966 3025 1175 3106; x_wconf 57' lang='lat' dir='ltr'><strong>&amp;versumque</strong></span> <span class='ocrx_word' id='word_1_253' title='bbox 1190 3023 1281 3105; x_wconf 78' lang='lat' dir='ltr'><strong>digito</strong></span> <span class='ocrx_word' id='word_1_254' title='bbox 1296 3031 1475 3101; x_wconf 90' lang='lat' dir='ltr'><strong>monstrans)</strong></span> 
     </span>
     <span class='ocr_line' id='line_1_25' title="bbox 87 3132 1353 3219; baseline -0.003 -19"><span class='ocrx_word' id='word_1_255' title='bbox 87 3132 220 3200; x_wconf 79' lang='lat' dir='ltr'><strong>nobilem</strong></span> <span class='ocrx_word' id='word_1_256' title='bbox 232 3132 363 3219; x_wconf 83' lang='lat' dir='ltr'><strong>fariam,</strong></span> <span class='ocrx_word' id='word_1_257' title='bbox 383 3135 581 3215; x_wconf 83' lang='lat' dir='ltr'><strong>praediisque</strong></span> <span class='ocrx_word' id='word_1_258' title='bbox 601 3132 798 3214; x_wconf 80' lang='lat' dir='ltr'><strong>lorrrplctobo,</strong></span> <span class='ocrx_word' id='word_1_259' title='bbox 821 3133 931 3214; x_wconf 83' lang='lat' dir='ltr'><strong>quibua</strong></span> <span class='ocrx_word' id='word_1_260' title='bbox 953 3132 1125 3215; x_wconf 69' lang='lat' dir='ltr'><strong>exspoliari</strong></span> <span class='ocrx_word' id='word_1_261' title='bbox 1145 3155 1205 3197; x_wconf 85' lang='lat' dir='ltr'><strong>non</strong></span> <span class='ocrx_word' id='word_1_262' title='bbox 1224 3135 1353 3213; x_wconf 57' lang='grc' dir='ltr'><strong>ρνοονέέί</strong></span> 
     </span>
    </p>

    <p class='ocr_par' dir='ltr' id='par_1_6' title="bbox 86 3243 1479 4642">
     <span class='ocr_line' id='line_1_26' title="bbox 202 3243 1475 3325; baseline -0.002 -18"><span class='ocrx_word' id='word_1_263' title='bbox 202 3251 250 3307; x_wconf 81' lang='lat'><strong>68.</strong></span> <span class='ocrx_word' id='word_1_264' title='bbox 292 3243 434 3309; x_wconf 88' lang='lat' dir='ltr'><strong>Nimirum</strong></span> <span class='ocrx_word' id='word_1_265' title='bbox 455 3246 499 3307; x_wconf 87' lang='lat' dir='ltr'><strong>sic</strong></span> <span class='ocrx_word' id='word_1_266' title='bbox 527 3244 624 3306; x_wconf 86' lang='lat' dir='ltr'><strong>omnia</strong></span> <span class='ocrx_word' id='word_1_267' title='bbox 646 3250 811 3325; x_wconf 89' lang='lat' dir='ltr'><strong>comparata</strong></span> <span class='ocrx_word' id='word_1_268' title='bbox 832 3251 915 3324; x_wconf 91' lang='lat' dir='ltr'><strong>sunt,</strong></span> <span class='ocrx_word' id='word_1_269' title='bbox 943 3252 974 3308; x_wconf 92' lang='lat' dir='ltr'><strong>ut</strong></span> <span class='ocrx_word' id='word_1_270' title='bbox 998 3245 1054 3307; x_wconf 90' lang='lat' dir='ltr'><strong>nisi</strong></span> <span class='ocrx_word' id='word_1_271' title='bbox 1078 3244 1136 3307; x_wconf 91' lang='lat' dir='ltr'><strong>hoo</strong></span> <span class='ocrx_word' id='word_1_272' title='bbox 1163 3244 1201 3307; x_wconf 91' lang='lat' dir='ltr'><strong>sit</strong></span> <span class='ocrx_word' id='word_1_273' title='bbox 1229 3251 1357 3321; x_wconf 88' lang='lat' dir='ltr'><strong>certum,</strong></span> <span class='ocrx_word' id='word_1_274' title='bbox 1387 3261 1475 3305; x_wconf 90' lang='lat' dir='ltr'><strong>unum</strong></span> 
     </span>
     <span class='ocr_line' id='line_1_27' title="bbox 89 3350 1476 3437; baseline -0.001 -18"><span class='ocrx_word' id='word_1_275' title='bbox 89 3354 291 3437; x_wconf 88' lang='lat' dir='ltr'><strong>eurndemque</strong></span> <span class='ocrx_word' id='word_1_276' title='bbox 314 3354 371 3417; x_wconf 88' lang='lat' dir='ltr'><strong>dici</strong></span> <span class='ocrx_word' id='word_1_277' title='bbox 393 3361 423 3417; x_wconf 91' lang='lat' dir='ltr'><strong>et</strong></span> <span class='ocrx_word' id='word_1_278' title='bbox 443 3359 557 3434; x_wconf 74' lang='grc' dir='ltr'><em>πέτρον</em></span> <span class='ocrx_word' id='word_1_279' title='bbox 577 3361 607 3416; x_wconf 89' lang='lat' dir='ltr'><strong>et</strong></span> <span class='ocrx_word' id='word_1_280' title='bbox 629 3356 753 3435; x_wconf 76' lang='grc' dir='ltr'><em>πέτρον,</em></span> <span class='ocrx_word' id='word_1_281' title='bbox 775 3360 806 3416; x_wconf 91' lang='lat' dir='ltr'><strong>et</strong></span> <span class='ocrx_word' id='word_1_282' title='bbox 825 3374 918 3434; x_wconf 78' lang='lat' dir='ltr'><strong>super</strong></span> <span class='ocrx_word' id='word_1_283' title='bbox 932 3350 1064 3417; x_wconf 84' lang='lat' dir='ltr'><strong>Petrum</strong></span> <span class='ocrx_word' id='word_1_284' title='bbox 1086 3353 1295 3419; x_wconf 83' lang='lat' dir='ltr'><strong>aedificandam</strong></span> <span class='ocrx_word' id='word_1_285' title='bbox 1318 3353 1476 3417; x_wconf 88' lang='lat' dir='ltr'><strong>eeclesiam</strong></span> 
     </span>
     <span class='ocr_line' id='line_1_28' title="bbox 87 3462 1477 3551; baseline -0.004 -22"><span class='ocrx_word' id='word_1_286' title='bbox 87 3465 229 3548; x_wconf 87' lang='lat' dir='ltr'><strong>promitti,</strong></span> <span class='ocrx_word' id='word_1_287' title='bbox 251 3463 322 3527; x_wconf 90' lang='lat' dir='ltr'><strong>nihil</strong></span> <span class='ocrx_word' id='word_1_288' title='bbox 343 3463 422 3551; x_wconf 92' lang='lat' dir='ltr'><strong>quod</strong></span> <span class='ocrx_word' id='word_1_289' title='bbox 443 3464 481 3526; x_wconf 91' lang='lat' dir='ltr'><strong>sit</strong></span> <span class='ocrx_word' id='word_1_290' title='bbox 501 3471 623 3542; x_wconf 77' lang='lat' dir='ltr'><strong>oerum,</strong></span> <span class='ocrx_word' id='word_1_291' title='bbox 645 3462 772 3546; x_wconf 79' lang='lat' dir='ltr'><strong>proferri</strong></span> <span class='ocrx_word' id='word_1_292' title='bbox 790 3482 879 3546; x_wconf 90' lang='lat' dir='ltr'><strong>posse</strong></span> <span class='ocrx_word' id='word_1_293' title='bbox 899 3465 1040 3528; x_wconf 88' lang='lat' dir='ltr'><strong>videatur.</strong></span> <span class='ocrx_word' id='word_1_294' title='bbox 1082 3464 1272 3547; x_wconf 87' lang='lat' dir='ltr'><strong>inspiciantur</strong></span> <span class='ocrx_word' id='word_1_295' title='bbox 1293 3464 1371 3526; x_wconf 90' lang='lat' dir='ltr'><strong>enim</strong></span> <span class='ocrx_word' id='word_1_296' title='bbox 1393 3469 1477 3524; x_wconf 79' lang='lat' dir='ltr'><strong>ente·</strong></span> 
     </span>
     <span class='ocr_line' id='line_1_29' title="bbox 89 3567 1477 3655; baseline -0.003 -18"><span class='ocrx_word' id='word_1_297' title='bbox 89 3574 242 3652; x_wconf 82' lang='lat' dir='ltr'><strong>eedentia,</strong></span> <span class='ocrx_word' id='word_1_298' title='bbox 258 3580 288 3637; x_wconf 88' lang='lat' dir='ltr'><strong>et</strong></span> <span class='ocrx_word' id='word_1_299' title='bbox 301 3591 360 3655; x_wconf 93' lang='lat' dir='ltr'><strong>quo</strong></span> <span class='ocrx_word' id='word_1_300' title='bbox 375 3592 411 3635; x_wconf 89' lang='lat' dir='ltr'><strong>ea</strong></span> <span class='ocrx_word' id='word_1_301' title='bbox 425 3573 597 3654; x_wconf 88' lang='lat' dir='ltr'><strong>pertineant,</strong></span> <span class='ocrx_word' id='word_1_302' title='bbox 612 3573 783 3637; x_wconf 88' lang='lat' dir='ltr'><strong>attendatur.</strong></span> <span class='ocrx_word' id='word_1_303' title='bbox 826 3573 943 3637; x_wconf 87' lang='lat' dir='ltr'><strong>Orditur</strong></span> <span class='ocrx_word' id='word_1_304' title='bbox 954 3577 959 3606; x_wconf 88' lang='lat'>¹</span> <span class='ocrx_word' id='word_1_305' title='bbox 971 3578 996 3608; x_wconf 80' lang='lat'><strong>&#39;⁷</strong></span> <span class='ocrx_word' id='word_1_306' title='bbox 1013 3574 1110 3653; x_wconf 87' lang='lat' dir='ltr'><strong>lesus,</strong></span> <span class='ocrx_word' id='word_1_307' title='bbox 1135 3570 1289 3655; x_wconf 79' lang='grc' dir='ltr'><em>μακάριος</em></span> <span class='ocrx_word' id='word_1_308' title='bbox 1304 3567 1342 3651; x_wconf 81' lang='lat' dir='ltr'><strong>ei,</strong></span> <span class='ocrx_word' id='word_1_309' title='bbox 1357 3570 1477 3654; x_wconf 78' lang='grc' dir='ltr'><em>Σίμων</em></span> 
     </span>
     <span class='ocr_line' id='line_1_30' title="bbox 86 3676 1476 3767; baseline -0.003 -21"><span class='ocrx_word' id='word_1_310' title='bbox 86 3677 155 3767; x_wconf 75' lang='grc' dir='ltr'><em>βοὶρ</em></span> <span class='ocrx_word' id='word_1_311' title='bbox 174 3679 288 3762; x_wconf 86' lang='grc' dir='ltr'><em>Ἱωννῑ,</em></span> <span class='ocrx_word' id='word_1_312' title='bbox 318 3679 365 3746; x_wconf 79' lang='lat' dir='ltr'><strong>dir</strong></span> <span class='ocrx_word' id='word_1_313' title='bbox 387 3676 468 3762; x_wconf 76' lang='grc' dir='ltr'><em>σσὶρξ</em></span> <span class='ocrx_word' id='word_1_314' title='bbox 495 3682 548 3745; x_wconf 69' lang='grc' dir='ltr'><strong>καὶ</strong></span> <span class='ocrx_word' id='word_1_315' title='bbox 569 3678 650 3764; x_wconf 80' lang='grc' dir='ltr'><em>οἶμοι</em></span> <span class='ocrx_word' id='word_1_316' title='bbox 671 3682 730 3747; x_wconf 80' lang='grc' dir='ltr'><strong>οὐκ</strong></span> <span class='ocrx_word' id='word_1_317' title='bbox 753 3680 943 3767; x_wconf 64' lang='lat' dir='ltr'><strong>desuetum&amp;</strong></span> <span class='ocrx_word' id='word_1_318' title='bbox 961 3702 1031 3758; x_wconf 88' lang='grc' dir='ltr'><em>σοι,</em></span> <span class='ocrx_word' id='word_1_319' title='bbox 1055 3681 1126 3747; x_wconf 75' lang='lat' dir='ltr'><strong>ett’</strong></span> <span class='ocrx_word' id='word_1_320' title='bbox 1149 3684 1167 3745; x_wconf 88' lang='lat' dir='ltr'><strong>d</strong></span> <span class='ocrx_word' id='word_1_321' title='bbox 1189 3678 1289 3763; x_wconf 76' lang='grc' dir='ltr'><em>πατήρ</em></span> <span class='ocrx_word' id='word_1_322' title='bbox 1316 3682 1420 3763; x_wconf 80' lang='lat' dir='ltr'><strong>pond</strong></span> <span class='ocrx_word' id='word_1_323' title='bbox 1442 3686 1476 3743; x_wconf 79' lang='grc' dir='ltr'><strong>ἐν</strong></span> 
     </span>
     <span class='ocr_line' id='line_1_31' title="bbox 89 3785 1475 3875; baseline -0.004 -18"><span class='ocrx_word' id='word_1_324' title='bbox 89 3796 160 3868; x_wconf 83' lang='grc' dir='ltr'><em>τοῖς</em></span> <span class='ocrx_word' id='word_1_325' title='bbox 180 3788 347 3872; x_wconf 74' lang='grc' dir='ltr'><em>οὐρανοῑςε</em></span> <span class='ocrx_word' id='word_1_326' title='bbox 365 3798 426 3853; x_wconf 92' lang='lat' dir='ltr'><strong>tum</strong></span> <span class='ocrx_word' id='word_1_327' title='bbox 442 3793 486 3824; x_wconf 83' lang='lat'><strong>¹¹⁸</strong></span> <span class='ocrx_word' id='word_1_328' title='bbox 509 3790 619 3872; x_wconf 91' lang='lat' dir='ltr'><strong>subdit,</strong></span> <span class='ocrx_word' id='word_1_329' title='bbox 650 3785 741 3875; x_wconf 70' lang='grc' dir='ltr'><strong>κάγώ</strong></span> <span class='ocrx_word' id='word_1_330' title='bbox 764 3792 801 3856; x_wconf 80' lang='grc' dir='ltr'><strong>δὲ</strong></span> <span class='ocrx_word' id='word_1_331' title='bbox 821 3793 872 3856; x_wconf 79' lang='grc' dir='ltr'><strong>σοὶ</strong></span> <span class='ocrx_word' id='word_1_332' title='bbox 894 3793 984 3874; x_wconf 68' lang='grc' dir='ltr'><em>λέγω.</em></span> <span class='ocrx_word' id='word_1_333' title='bbox 1029 3792 1088 3856; x_wconf 91' lang='lat' dir='ltr'><strong>Sed</strong></span> <span class='ocrx_word' id='word_1_334' title='bbox 1118 3792 1186 3873; x_wconf 92' lang='lat' dir='ltr'><strong>quid</strong></span> <span class='ocrx_word' id='word_1_335' title='bbox 1214 3791 1290 3853; x_wconf 92' lang='lat' dir='ltr'><strong>haec</strong></span> <span class='ocrx_word' id='word_1_336' title='bbox 1311 3789 1475 3869; x_wconf 87' lang='lat' dir='ltr'><strong>ostendunt,</strong></span> 
     </span>
     <span class='ocr_line' id='line_1_32' title="bbox 92 3900 1477 3984; baseline -0.001 -21"><span class='ocrx_word' id='word_1_337' title='bbox 92 3900 165 3984; x_wconf 91' lang='lat' dir='ltr'><strong>quid</strong></span> <span class='ocrx_word' id='word_1_338' title='bbox 184 3907 284 3963; x_wconf 91' lang='lat' dir='ltr'><strong>mutuo</strong></span> <span class='ocrx_word' id='word_1_339' title='bbox 307 3918 365 3983; x_wconf 93' lang='lat' dir='ltr'><strong>quo</strong></span> <span class='ocrx_word' id='word_1_340' title='bbox 387 3901 551 3963; x_wconf 88' lang='lat' dir='ltr'><strong>vinciuntur</strong></span> <span class='ocrx_word' id='word_1_341' title='bbox 571 3919 652 3964; x_wconf 79' lang='lat' dir='ltr'><strong>nexu</strong></span> <span class='ocrx_word' id='word_1_342' title='bbox 671 3902 811 3984; x_wconf 91' lang='lat' dir='ltr'><strong>probant,</strong></span> <span class='ocrx_word' id='word_1_343' title='bbox 844 3903 900 3964; x_wconf 92' lang='lat' dir='ltr'><strong>nisi</strong></span> <span class='ocrx_word' id='word_1_344' title='bbox 918 3902 1019 3966; x_wconf 81' lang='lat' dir='ltr'><strong>lesum</strong></span> <span class='ocrx_word' id='word_1_345' title='bbox 1047 3902 1075 3963; x_wconf 91' lang='lat' dir='ltr'><strong>in</strong></span> <span class='ocrx_word' id='word_1_346' title='bbox 1098 3920 1135 3964; x_wconf 91' lang='lat' dir='ltr'><strong>eo</strong></span> <span class='ocrx_word' id='word_1_347' title='bbox 1159 3920 1242 3981; x_wconf 90' lang='lat' dir='ltr'><strong>esse,</strong></span> <span class='ocrx_word' id='word_1_348' title='bbox 1273 3907 1305 3963; x_wconf 90' lang='lat' dir='ltr'><strong>ut</strong></span> <span class='ocrx_word' id='word_1_349' title='bbox 1324 3901 1477 3982; x_wconf 89' lang='lat' dir='ltr'><strong>promissis</strong></span> 
     </span>
     <span class='ocr_line' id='line_1_33' title="bbox 90 4009 1476 4089; baseline -0.004 -14"><span class='ocrx_word' id='word_1_350' title='bbox 90 4009 248 4075; x_wconf 83' lang='lat' dir='ltr'><strong>collatisve</strong></span> <span class='ocrx_word' id='word_1_351' title='bbox 280 4009 365 4074; x_wconf 90' lang='lat' dir='ltr'><strong>donis</strong></span> <span class='ocrx_word' id='word_1_352' title='bbox 394 4009 510 4073; x_wconf 91' lang='lat' dir='ltr'><strong>Petrum</strong></span> <span class='ocrx_word' id='word_1_353' title='bbox 537 4009 697 4075; x_wconf 84' lang='lat' dir='ltr'><strong>honestetl</strong></span> <span class='ocrx_word' id='word_1_354' title='bbox 731 4011 842 4074; x_wconf 93' lang='lat' dir='ltr'><strong>nullum</strong></span> <span class='ocrx_word' id='word_1_355' title='bbox 868 4028 940 4074; x_wconf 89' lang='lat' dir='ltr'><strong>vero</strong></span> <span class='ocrx_word' id='word_1_356' title='bbox 970 4009 1010 4072; x_wconf 91' lang='lat' dir='ltr'><strong>illi</strong></span> <span class='ocrx_word' id='word_1_357' title='bbox 1034 4009 1183 4074; x_wconf 80' lang='lat' dir='ltr'><strong>conferret</strong></span> <span class='ocrx_word' id='word_1_358' title='bbox 1211 4010 1334 4089; x_wconf 92' lang='lat' dir='ltr'><strong>donum,</strong></span> <span class='ocrx_word' id='word_1_359' title='bbox 1367 4009 1476 4071; x_wconf 90' lang='lat' dir='ltr'><strong>nullum</strong></span> 
     </span>
     <span class='ocr_line' id='line_1_34' title="bbox 91 4113 1477 4205; baseline -0.002 -21"><span class='ocrx_word' id='word_1_360' title='bbox 91 4119 293 4204; x_wconf 88' lang='lat' dir='ltr'><strong>polliceretur,</strong></span> <span class='ocrx_word' id='word_1_361' title='bbox 315 4119 371 4183; x_wconf 92' lang='lat' dir='ltr'><strong>nisi</strong></span> <span class='ocrx_word' id='word_1_362' title='bbox 384 4118 484 4200; x_wconf 83' lang='lat' dir='ltr'><strong>verba,</strong></span> <span class='ocrx_word' id='word_1_363' title='bbox 508 4121 562 4183; x_wconf 81' lang='grc' dir='ltr'><strong>καὶ</strong></span> <span class='ocrx_word' id='word_1_364' title='bbox 579 4120 629 4184; x_wconf 73' lang='grc' dir='ltr'><strong>ἐπὶ</strong></span> <span class='ocrx_word' id='word_1_365' title='bbox 649 4119 743 4205; x_wconf 76' lang='grc' dir='ltr'><strong><em>ταύτῃ</em></strong></span> <span class='ocrx_word' id='word_1_366' title='bbox 763 4119 800 4203; x_wconf 79' lang='grc' dir='ltr'><strong>τῇ</strong></span> <span class='ocrx_word' id='word_1_367' title='bbox 813 4125 911 4201; x_wconf 77' lang='grc' dir='ltr'><em>πέτρᾳ</em></span> <span class='ocrx_word' id='word_1_368' title='bbox 931 4117 1132 4203; x_wconf 77' lang='grc' dir='ltr'><em>οἰκοδομήσω</em></span> <span class='ocrx_word' id='word_1_369' title='bbox 1146 4140 1210 4201; x_wconf 85' lang='grc' dir='ltr'><strong>μου</strong></span> <span class='ocrx_word' id='word_1_370' title='bbox 1230 4113 1285 4196; x_wconf 68' lang='grc' dir='ltr'><strong>τήν</strong></span> <span class='ocrx_word' id='word_1_371' title='bbox 1304 4117 1477 4200; x_wconf 78' lang='grc' dir='ltr'><em>ἐκκλησίαν,</em></span> 
     </span>
     <span class='ocr_line' id='line_1_35' title="bbox 90 4226 1479 4311; baseline -0.002 -17"><span class='ocrx_word' id='word_1_372' title='bbox 90 4230 130 4295; x_wconf 89' lang='lat' dir='ltr'><strong>ad</strong></span> <span class='ocrx_word' id='word_1_373' title='bbox 155 4246 222 4293; x_wconf 90' lang='lat' dir='ltr'><strong>eum</strong></span> <span class='ocrx_word' id='word_1_374' title='bbox 244 4230 434 4311; x_wconf 87' lang='lat' dir='ltr'><strong>pertinerent.</strong></span> <span class='ocrx_word' id='word_1_375' title='bbox 476 4227 599 4311; x_wconf 86' lang='lat' dir='ltr'><strong>quuod</strong></span> <span class='ocrx_word' id='word_1_376' title='bbox 622 4228 723 4293; x_wconf 81' lang='lat' dir='ltr'><strong>enimt</strong></span> <span class='ocrx_word' id='word_1_377' title='bbox 749 4249 786 4294; x_wconf 92' lang='lat' dir='ltr'><strong>an</strong></span> <span class='ocrx_word' id='word_1_378' title='bbox 807 4229 884 4293; x_wconf 90' lang='lat' dir='ltr'><strong>Petri</strong></span> <span class='ocrx_word' id='word_1_379' title='bbox 904 4226 1039 4292; x_wconf 83' lang='lat' dir='ltr'><strong>nomenl</strong></span> <span class='ocrx_word' id='word_1_380' title='bbox 1068 4228 1121 4292; x_wconf 92' lang='lat' dir='ltr'><strong>sed</strong></span> <span class='ocrx_word' id='word_1_381' title='bbox 1143 4228 1213 4292; x_wconf 93' lang='lat' dir='ltr'><strong>illud</strong></span> <span class='ocrx_word' id='word_1_382' title='bbox 1234 4228 1407 4310; x_wconf 86' lang='lat' dir='ltr'><strong>iampridem</strong></span> <span class='ocrx_word' id='word_1_383' title='bbox 1427 4248 1479 4291; x_wconf 89' lang='lat' dir='ltr'><strong>ac·</strong></span> 
     </span>
     <span class='ocr_line' id='line_1_36' title="bbox 90 4336 1478 4422; baseline -0.001 -19"><span class='ocrx_word' id='word_1_384' title='bbox 90 4345 222 4422; x_wconf 86' lang='lat' dir='ltr'><strong>ceperat</strong></span> <span class='ocrx_word' id='word_1_385' title='bbox 264 4336 422 4402; x_wconf 88' lang='lat' dir='ltr'><strong>Praeterea</strong></span> <span class='ocrx_word' id='word_1_386' title='bbox 451 4338 521 4420; x_wconf 92' lang='lat' dir='ltr'><strong>quid</strong></span> <span class='ocrx_word' id='word_1_387' title='bbox 550 4339 713 4421; x_wconf 79' lang='lat' dir='ltr'><strong>magnifici,</strong></span> <span class='ocrx_word' id='word_1_388' title='bbox 744 4338 813 4420; x_wconf 89' lang='lat' dir='ltr'><strong>quid</strong></span> <span class='ocrx_word' id='word_1_389' title='bbox 840 4339 997 4421; x_wconf 87' lang='lat' dir='ltr'><strong>praeclari,</strong></span> <span class='ocrx_word' id='word_1_390' title='bbox 1030 4346 1060 4402; x_wconf 91' lang='lat' dir='ltr'><strong>et</strong></span> <span class='ocrx_word' id='word_1_391' title='bbox 1087 4339 1124 4402; x_wconf 90' lang='lat' dir='ltr'><strong>ad</strong></span> <span class='ocrx_word' id='word_1_392' title='bbox 1153 4338 1356 4402; x_wconf 86' lang='lat' dir='ltr'><strong>cumulandam</strong></span> <span class='ocrx_word' id='word_1_393' title='bbox 1387 4339 1478 4402; x_wconf 89' lang='lat' dir='ltr'><strong>heati-</strong></span> 
     </span>
     <span class='ocr_line' id='line_1_37' title="bbox 89 4443 1478 4531; baseline -0.003 -18"><span class='ocrx_word' id='word_1_394' title='bbox 89 4449 223 4513; x_wconf 90' lang='lat' dir='ltr'><strong>tudinem</strong></span> <span class='ocrx_word' id='word_1_395' title='bbox 238 4447 337 4512; x_wconf 90' lang='lat' dir='ltr'><strong>idonei</strong></span> <span class='ocrx_word' id='word_1_396' title='bbox 358 4449 387 4510; x_wconf 90' lang='lat' dir='ltr'><strong>in</strong></span> <span class='ocrx_word' id='word_1_397' title='bbox 408 4447 487 4511; x_wconf 90' lang='lat' dir='ltr'><strong>nudo</strong></span> <span class='ocrx_word' id='word_1_398' title='bbox 502 4448 620 4511; x_wconf 90' lang='lat' dir='ltr'><strong>nomine</strong></span> <span class='ocrx_word' id='word_1_399' title='bbox 642 4466 678 4510; x_wconf 92' lang='lat' dir='ltr'><strong>ac</strong></span> <span class='ocrx_word' id='word_1_400' title='bbox 698 4467 741 4529; x_wconf 90' lang='lat' dir='ltr'><strong>re,</strong></span> <span class='ocrx_word' id='word_1_401' title='bbox 764 4466 851 4529; x_wconf 90' lang='lat' dir='ltr'><strong>quam</strong></span> <span class='ocrx_word' id='word_1_402' title='bbox 865 4447 1028 4531; x_wconf 80' lang='lat' dir='ltr'><strong>significat,</strong></span> <span class='ocrx_word' id='word_1_403' title='bbox 1052 4446 1209 4512; x_wconf 67' lang='lat' dir='ltr'><strong>destituto?</strong></span> <span class='ocrx_word' id='word_1_404' title='bbox 1252 4443 1478 4511; x_wconf 82' lang='lat' dir='ltr'><strong>Antecedentte</strong></span> 
     </span>
     <span class='ocr_line' id='line_1_38' title="bbox 90 4557 1380 4642; baseline -0.002 -20"><span class='ocrx_word' id='word_1_405' title='bbox 90 4560 182 4642; x_wconf 76' lang='lat' dir='ltr'><strong>igitur</strong></span> <span class='ocrx_word' id='word_1_406' title='bbox 197 4557 358 4639; x_wconf 89' lang='lat' dir='ltr'><strong>postulant,</strong></span> <span class='ocrx_word' id='word_1_407' title='bbox 380 4565 412 4620; x_wconf 93' lang='lat' dir='ltr'><strong>ut</strong></span> <span class='ocrx_word' id='word_1_408' title='bbox 433 4558 532 4638; x_wconf 87' lang='lat' dir='ltr'><strong>verba,</strong></span> <span class='ocrx_word' id='word_1_409' title='bbox 553 4559 602 4621; x_wconf 78' lang='grc' dir='ltr'><strong>ἐπὶ</strong></span> <span class='ocrx_word' id='word_1_410' title='bbox 623 4560 717 4642; x_wconf 76' lang='grc' dir='ltr'><em>ταύτῃ</em></span> <span class='ocrx_word' id='word_1_411' title='bbox 738 4560 774 4641; x_wconf 76' lang='grc' dir='ltr'><strong>τῇ</strong></span> <span class='ocrx_word' id='word_1_412' title='bbox 794 4561 900 4637; x_wconf 75' lang='grc' dir='ltr'><em>πέτρᾳ,</em></span> <span class='ocrx_word' id='word_1_413' title='bbox 924 4558 961 4622; x_wconf 91' lang='lat' dir='ltr'><strong>de</strong></span> <span class='ocrx_word' id='word_1_414' title='bbox 983 4558 1068 4622; x_wconf 88' lang='lat' dir='ltr'><strong>Petro</strong></span> <span class='ocrx_word' id='word_1_415' title='bbox 1090 4560 1154 4641; x_wconf 92' lang='lat' dir='ltr'><strong>ipso</strong></span> <span class='ocrx_word' id='word_1_416' title='bbox 1174 4557 1380 4641; x_wconf 79' lang='lat' dir='ltr'><strong>intelligantur.</strong></span> 
     </span>
    </p>

    <p class='ocr_par' dir='ltr' id='par_1_7' title="bbox 92 4666 1478 4860">
     <span class='ocr_line' id='line_1_39' title="bbox 201 4666 1478 4750; baseline 0.002 -21"><span class='ocrx_word' id='word_1_417' title='bbox 201 4666 287 4740; x_wconf 83' lang='lat' dir='ltr'><strong>Quod</strong></span> <span class='ocrx_word' id='word_1_418' title='bbox 308 4685 424 4730; x_wconf 89' lang='lat' dir='ltr'><strong>rursum</strong></span> <span class='ocrx_word' id='word_1_419' title='bbox 444 4672 551 4744; x_wconf 73' lang='grc' dir='ltr'><em>σχέσις</em></span> <span class='ocrx_word' id='word_1_420' title='bbox 572 4669 691 4746; x_wconf 87' lang='lat' dir='ltr'><strong>evincit,</strong></span> <span class='ocrx_word' id='word_1_421' title='bbox 713 4687 768 4750; x_wconf 86' lang='lat' dir='ltr'><strong>qua</strong></span> <span class='ocrx_word' id='word_1_422' title='bbox 791 4686 825 4730; x_wconf 91' lang='lat' dir='ltr'><strong>se</strong></span> <span class='ocrx_word' id='word_1_423' title='bbox 848 4675 947 4730; x_wconf 90' lang='lat' dir='ltr'><strong>mutuo</strong></span> <span class='ocrx_word' id='word_1_424' title='bbox 969 4667 1089 4748; x_wconf 86' lang='lat' dir='ltr'><strong>Christi,</strong></span> <span class='ocrx_word' id='word_1_425' title='bbox 1112 4667 1247 4749; x_wconf 85' lang='lat' dir='ltr'><strong>Petrique</strong></span> <span class='ocrx_word' id='word_1_426' title='bbox 1267 4668 1478 4749; x_wconf 89' lang='lat' dir='ltr'><strong>responsiones</strong></span> 
     </span>
     <span class='ocr_line' id='line_1_40' title="bbox 92 4774 986 4860; baseline -0.004 -17"><span class='ocrx_word' id='word_1_427' title='bbox 92 4778 251 4860; x_wconf 84' lang='lat' dir='ltr'><strong>excipiunt.</strong></span> <span class='ocrx_word' id='word_1_428' title='bbox 294 4774 371 4839; x_wconf 84' lang='lat' dir='ltr'><strong>Nihil</strong></span> <span class='ocrx_word' id='word_1_429' title='bbox 391 4778 470 4840; x_wconf 91' lang='lat' dir='ltr'><strong>enim</strong></span> <span class='ocrx_word' id='word_1_430' title='bbox 492 4776 548 4839; x_wconf 92' lang='lat' dir='ltr'><strong>hao</strong></span> <span class='ocrx_word' id='word_1_431' title='bbox 572 4778 786 4859; x_wconf 89' lang='lat' dir='ltr'><strong>conspiratione</strong></span> <span class='ocrx_word' id='word_1_432' title='bbox 807 4778 986 4842; x_wconf 83' lang='lat' dir='ltr'><strong>evidentius:</strong></span> 
     </span>
    </p>
   </div>
   <div class='ocr_carea' id='block_1_5' title="bbox 165 5030 1147 5117">
    <p class='ocr_par' dir='ltr' id='par_1_8' title="bbox 165 5030 1147 5117">
     <span class='ocr_line' id='line_1_41' title="bbox 165 5030 1147 5117; baseline 0.005 -30"><span class='ocrx_word' id='word_1_433' title='bbox 165 5035 227 5117; x_wconf 71' lang='grc' dir='ltr'><strong>ιν)</strong></span> <span class='ocrx_word' id='word_1_434' title='bbox 247 5032 341 5097; x_wconf 76' lang='grc' dir='ltr'><em>κων.</em></span> <span class='ocrx_word' id='word_1_435' title='bbox 362 5032 431 5097; x_wconf 83' lang='lat' dir='ltr'><strong>xvt</strong></span> <span class='ocrx_word' id='word_1_436' title='bbox 455 5032 501 5096; x_wconf 80' lang='lat' dir='ltr'><strong>m.</strong></span> <span class='ocrx_word' id='word_1_437' title='bbox 885 5036 945 5114; x_wconf 76' lang='lat'>¹¹¹)</span> <span class='ocrx_word' id='word_1_438' title='bbox 964 5030 1032 5096; x_wconf 78' lang='lat' dir='ltr'><strong>uto</strong></span> <span class='ocrx_word' id='word_1_439' title='bbox 1053 5050 1079 5094; x_wconf 76' lang='lat' dir='ltr'><strong>v.</strong></span> <span class='ocrx_word' id='word_1_440' title='bbox 1103 5031 1147 5094; x_wconf 86' lang='lat' dir='ltr'><strong>te.</strong></span> 
     </span>
    </p>
   </div>
   <div class='ocr_carea' id='block_1_6' title="bbox 0 0 1692 5388">
    <p class='ocr_par' dir='ltr' id='par_1_9' title="bbox 0 0 1692 5388">
     <span class='ocr_line' id='line_1_42' title="bbox 0 0 1692 5388; baseline 0 0"><span class='ocrx_word' id='word_1_441' title='bbox 0 0 1692 5388; x_wconf 95' lang='lat' dir='ltr'><strong> </strong></span> 
     </span>
    </p>
   </div>
   <div class='ocr_carea' id='block_1_7' title="bbox 1686 0 1687 2797">
    <p class='ocr_par' dir='ltr' id='par_1_10' title="bbox 1686 0 1687 2797">
     <span class='ocr_line' id='line_1_43' title="bbox 1686 0 1687 2797; baseline 0 0"><span class='ocrx_word' id='word_1_442' title='bbox 1686 0 1687 2797; x_wconf 95' lang='lat' dir='ltr'><strong> </strong></span> 
     </span>
    </p>
   </div>
  </div>
 </body>
</html>
