3358 5400
651 313 796 381 CAPUT
837 314 961 380 xxiv.
1431 316 1495 378 225

1 499 3 538 τ
119 483 252 566 qddmm
272 482 390 546 tandem
408 490 460 563 tot,
483 490 636 566 tantmque
651 490 768 548 valeres
782 485 941 565 scriptores
956 501 1144 546 commovere
1165 483 1265 564 potuit,
1283 490 1315 545 ut
1334 483 1372 546 de
1391 482 1491 547 huius·

1 639 2 684 3
120 593 195 655 modi
224 592 391 655 discrimine
418 594 582 675 cogitarent
610 597 749 675 primum,
781 594 1038 676 excogitatumque
1064 589 1279 655 defenderenti
1308 593 1492 658 manifestum

118 708 163 765 est
180 701 288 765 nullam
308 702 414 765 adduci
435 720 567 773 caussam
588 721 687 786 posse,
710 704 766 767 nisi
780 723 881 767 earam
896 720 1018 768 numero
1034 700 1286 783 comprehensam,
1309 722 1381 784 quas
1399 704 1489 786 vulgo

116 812 303 895 dopmatlcer
331 812 430 877 dicere
458 814 597 877 solemus.
640 813 725 888 Quod
753 814 790 878 de
818 815 869 894 iis,
899 815 949 895 qui
977 820 1044 895 post
1065 812 1159 875 editos
1181 832 1198 874 a
1217 810 1375 895 Porphyris
1401 814 1491 877 libros

114 930 214 986 annua
237 910 421 986 christianam
444 923 634 1006 religionem,
656 923 742 987 lum
763 926 793 987 in
815 942 849 987 se
870 922 1072 988 defensionem
1093 929 1294 1004 susceperunt,
1317 921 1432 985 disertis
1455 922 1491 986 ab

111 1031 332 1116 Hieronymo⁶⁶
357 1032 522 1096 conllrmari
539 1033 638 1097 verbis
660 1033 932 1096 demonstravimus.
977 1033 1036 1097 Sed
1059 1032 1126 1115 quid
1148 1032 1185 1095 de
1199 1032 1350 1095 Clemente
1371 1031 1491 1094 arbitra·

109 1141 223 1221 bimur,
252 1145 302 1224 qui
328 1151 414 1207 autea
442 1143 561 1222 claruit,
588 1159 720 1225 opusque
744 1138 978 1206 ὑποτυπώσεων
999 1142 1183 1222 conscripsit,
1206 1160 1293 1223 quam
1315 1142 1491 1205 sceleratum
1573 1148 1577 1158 '

108 1251 263 1337 Porphyrii
289 1270 398 1316 nomen
423 1249 601 1316 resonareti
631 1270 690 1316 non
718 1252 874 1315 admodum
900 1271 917 1314 a
944 1252 1066 1314 veritate
1097 1250 1335 1333 discesserimus,
1365 1253 1391 1315 si
1414 1251 1491 1314 illud

108 1364 206 1444 ipsum
221 1361 406 1443 arbitremur,
425 1362 507 1443 'quod
522 1360 746 1444 Chrysostomus
767 1362 804 1425 de
825 1362 860 1424 iis
881 1368 1004 1424 testatum
1016 1361 1057 1441 ⁶⁷,
1079 1362 1128 1441 qui
1145 1367 1247 1440 quarto
1270 1364 1356 1425 etiam
1371 1361 1491 1425 saeculo
1555 1356 1558 1361 '

109 1471 273 1536 Clementis
294 1473 461 1555 opinionem
481 1470 643 1535 tuebantur.
688 1470 736 1535 Sic
764 1472 842 1535 enim
865 1471 931 1534 illos
952 1471 1130 1534 disserentes
1151 1468 1277 1532 inducit:
1321 1472 1407 1553 „Non
1429 1481 1492 1536 orat
1555 1480 1566 1499 ⁴

107 1580 156 1644 hic
176 1581 298 1664 Petrus,
327 1583 475 1663 inquiunt,
501 1582 604 1644 dreia
624 1577 810 1644 ἀποστόλων
829 1583 971 1663 πρῶτος,
998 1581 1016 1643 ό
1037 1573 1125 1661 παρά
1146 1581 1203 1643 τοῦ
1224 1579 1334 1660 κυρίου
1355 1579 1395 1646 τά
1417 1584 1491 1664 πρό-

105 1690 193 1774 βατα
212 1690 413 1767 πιστευθείς,
440 1687 513 1755 ἀλλ’
533 1692 637 1770 ἕτερός
658 1711 704 1764 τις
725 1685 849 1767 εὐτελής
871 1692 924 1755 καὶ
944 1688 1189 1775 άπερῥιμμένος,
1210 1690 1263 1753 καὶ
1284 1692 1347 1754 τῶν
1366 1691 1492 1754 πολλῶν

106 1793 169 1879 εἷς,
203 1801 255 1865 ille
277 1803 388 1884 primns
414 1800 628 1882 apostolorum,
664 1802 711 1864 cui
737 1800 854 1864 inerunt
880 1817 953 1864 oves
980 1818 997 1863 a
1023 1799 1138 1863 Christo
1164 1799 1306 1881 creditae,
1337 1801 1392 1863 sed
1418 1801 1490 1864 alius

108 1912 255 1993 quispiam
276 1912 342 1975 uilis
363 1919 394 1976 et
413 1911 557 1992 abiectus,
582 1918 611 1974 et
631 1928 707 1974 unus
728 1929 746 1973 e
768 1910 872 1974 multis.
915 1909 997 1974 Unde
1018 1908 1048 1971 id
1068 1907 1203 1973 constati
1223 1928 1289 1972 aum
1311 1915 1427 1972 ceteros
1447 1912 1490 1972 iu-

107 2020 204 2086 daeos
224 2020 364 2085 abductos
385 2021 475 2085 lidsse
497 2040 563 2085 cum
584 2021 635 2085 illo
656 2021 778 2085 dixisset
797 2020 910 2099 Paulus,
933 2021 1052 2101 adiecit,
1074 2025 1118 2083 απ
1139 2026 1173 2081 ut
1196 2027 1226 2083 et
1245 2015 1414 2082 Barnabae
1437 2019 1491 2082 dn-

106 2139 238 2195 ceralur
259 2152 328 2194 cum
349 2137 394 2193 eia
415 2137 447 2194 in
468 2129 553 2195 illam
574 2130 807 2196 montionem.
856 2129 905 2196 Tb
927 2130 975 2195 δὲ’
988 2132 1103 2206 εἰπεῖν,
1133 2127 1210 2205 niqra
1231 2129 1284 2194 xci
1308 2126 1489 2210 Βαρνάβας,

109 2239 284 2319 όηλοῦντός
305 2245 403 2317 ἐστιν,
432 2240 479 2304 ota
506 2235 587 2305 noir)
613 2244 705 2305 τοῦτο
727 2240 987 2324 θαυμαστότερον
1007 2232 1047 2318 ἦν
1066 2242 1122 2303 τοῦ
1142 2238 1266 2322 Πέτρου
1286 2236 1489 2316 ἀπαχθῆναι.

107 2348 154 2424 οἱς
176 2345 241 2433 γάρ
262 2349 391 2433 μείζονα
411 2348 508 2419 αὐτὸν
526 2349 646 2426 τιθείς,
667 2346 768 2425 οὕτως
789 2346 890 2429 εἶπεν,
914 2349 960 2415 δ’τι
982 2348 1020 2414 od
1040 2353 1140 2432 μόνον
1161 2348 1306 2432 Πέτρος,
1328 2346 1413 2413 utto
1436 2350 1491 2412 καὶ

106 2457 300 2544 Βαρνάβας.
344 2460 473 2543 Πέτρου
494 2459 530 2524 dl
549 2461 671 2525 ἐκείνου
691 2460 811 2542 μείζων
825 2458 998 2544 Βαρνάβας
1019 2459 1078 2524 ουκ
1096 2451 1143 2538 ἦν.
1187 2458 1271 2533 Quod
1293 2466 1390 2527 autem
1411 2459 1493 2540 dont,-

104 2576 153 2634 ἕνα
176 2577 212 2634 ut
233 2578 326 2633 etiem
346 2567 528 2649 Barnabas,
557 2571 664 2635 indicat
684 2571 773 2635 multo
794 2571 884 2634 luisse
910 2570 1067 2634 mirabilius
1088 2570 1173 2651 illud,
1196 2588 1282 2651 quam
1302 2569 1418 2632 Petrum
1440 2570 1491 2632 ab·

108 2679 230 2745 ductum
252 2698 328 2745 esse.
372 2678 422 2745 Sic
441 2681 520 2743 emm
542 2680 677 2762 loquutus
698 2687 759 2762 est,
784 2688 817 2743 ut
843 2682 984 2744 maiorem
1006 2680 1086 2743 illum
1107 2697 1232 2742 censere
1255 2670 1404 2741 videatur:
1431 2696 1491 2740 non

109 2790 202 2853 modo
223 2770 334 2872 setim,
358 2790 459 2872 inquit,
479 2789 534 2853 sed
553 2796 583 2853 et
595 2790 751 2855 Bamabm.
781 2787 871 2873 Atqui
884 2790 1031 2853 Barnabas
1045 2790 1132 2852 Petro
1148 2789 1198 2851 illo
1213 2788 1305 2852 maior
1317 2806 1377 2851 non
1400 2788 1491 2852 erat“

219 2905 289 2963 293.
333 2900 479 2963 Hactenus
513 2899 572 2981 illi,
611 2917 735 2982 quornm
770 2899 982 2982 improbamus
1015 2900 1188 2964 sententiam
1223 2896 1446 2979 Cbrysostomns
1460 2899 1489 2928 ⁶⁸

108 3007 222 3070 subdit:
266 3009 496 3089 „Verumtamen
516 3029 576 3074 non
597 3010 635 3073 ita
654 3027 688 3072 se
710 3026 760 3072 res
781 3007 885 3090 babet,
907 3010 992 3092 plane
1015 3013 1053 3074 ita
1075 3030 1109 3074 se
1130 3026 1190 3072 nan
1211 3006 1306 3069 habel.
1350 2993 1400 3069 Od'
1416 3004 1490 3086 γάρ,

107 3110 216 3195 ἐπειδὴ
236 3118 355 3201 μείζων
373 3112 413 3198 ἦν
433 3123 451 3184 ό
468 3117 664 3202 Βαρνάβας,
686 3112 739 3183 διά
761 3123 853 3184 τοῦτο
873 3121 924 3184 ἐπὶ
944 3120 1044 3204 τούτῳ
1065 3115 1230 3199 θαυμάζει
1249 3113 1387 3196 μᾶλλον,
1409 3107 1490 3177 cillo?

0 3248 1 3251 ¹
107 3229 195 3303 τίνος
214 3232 336 3308 irenam
358 3247 454 3311 neque
476 3231 554 3293 enim
576 3247 614 3292 eo
635 3229 713 3315 quod
733 3228 880 3293 Barnabas
902 3232 995 3292 maior
1016 3236 1105 3309 esset,
1126 3227 1194 3291 ideo
1215 3224 1418 3289 vehementius
1439 3225 1491 3285 mi·

107 3345 205 3401 ratur:
236 3357 323 3421 ρυοπτ
350 3341 440 3423 igitur
469 3340 507 3403 ob
530 3336 686 3404 caussami
714 3340 792 3422 quod
813 3341 947 3403 nimirum
969 3339 1018 3402 ille
1040 3338 1157 3419 quidem
1186 3335 1489 3398 incircumcisionem

109 3449 218 3511 missus
239 3457 329 3531 esset,
351 3458 381 3513 at
401 3449 547 3514 Barnabas
569 3467 635 3512 cum
653 3448 740 3512 Paulo
763 3449 899 3531 gentibus
920 3449 1112 3533 praedicaret,
1135 3455 1166 3511 et
1185 3446 1293 3527 ubique
1316 3462 1381 3506 cum
1403 3443 1490 3506 Paulo

1 3639 2 3642 Ἴ
108 3557 304 3638 copularctur.
346 3557 597 3632 Quemadmodum
624 3560 713 3642 igilur
739 3559 847 3623 alibi⁶⁹
880 3559 964 3641 dicii,
993 3568 1048 3624 aul
1078 3579 1132 3642 epo
1157 3555 1244 3619 solua
1272 3562 1302 3617 el
1322 3551 1490 3617 Barnabae

3 3650 7 3663 ¹
107 3686 171 3728 ποπ
196 3664 346 3730 babemus
372 3676 555 3748 potestatem
582 3668 639 3735 boc
669 3671 839 3751 operandi?
866 3675 935 3734 at⁷⁰
966 3687 1082 3750 rursus,
1110 3667 1236 3733 oaemdt
1263 3662 1491 3746 derosoiymum

1 3777 2 3788 ’
109 3796 181 3839 nnn
202 3772 368 3842 Bernaba.-
390 3786 420 3842 et
441 3778 548 3862 ubique
569 3780 653 3845 vides
673 3779 752 3843 illum
773 3800 840 3843 cum
854 3779 941 3844 Paulo
963 3780 1082 3843 docere.
1124 3777 1190 3841 Non
1208 3794 1282 3859 ergo
1305 3774 1383 3856 quod
1404 3774 1491 3837 Petro

109 3887 205 3949 maior
228 3895 317 3967 esset,
340 3888 450 3951 idcirco
465 3907 533 3952 eum
550 3908 668 3972 quoque
682 3890 838 3953 abductum
852 3907 920 3952 esse
942 3871 1076 3972 miratur,
1095 3889 1150 3953 sed
1172 3887 1250 3970 quod
1271 3888 1296 3948 is
1319 3886 1368 3965 qui
1388 3901 1490 3946 secum

110 4013 230 4078 semper
247 3998 449 4080 praedicabat,
472 4001 577 4081 cuique
598 3998 669 4061 nibil
691 4007 754 4062 erat
770 4017 926 4063 commune
947 4019 1013 4063 curn
1034 3999 1164 4078 iudaeis,
1194 4014 1298 4060 aerum
1321 3995 1397 4055 inter
1418 4010 1491 4072 gen-

1 4087 3 4108 ’
110 4112 157 4168 tes
179 4105 318 4189 docebat,
341 4109 404 4190 ipse
427 4127 545 4191 quoque
566 4117 647 4173 esset
666 4109 815 4174 abductus.
858 4112 994 4174 Ceterum
1013 4110 1129 4173 Petrum
1151 4108 1232 4171 illum
1254 4118 1340 4185 esse,
1372 4103 1409 4166 de
1432 4119 1491 4182 quo

110 4213 187 4278 baec
209 4218 306 4279 omnia
327 4217 411 4299 dicit,
433 4236 499 4282 cum
522 4230 561 4283 ex
587 4221 622 4285 iis
644 4237 719 4301 quae
739 4228 974 4303 praecesserant,
1000 4227 1060 4284 tum
1091 4239 1129 4282 ex
1159 4219 1194 4281 iis
1224 4233 1299 4299 quae
1321 4217 1491 4294 sequuntur,

110 4325 296 4391 manifestum
317 4335 370 4392 est
416 4325 466 4392 Tb
493 4323 555 4411 γάρ
585 4325 690 4405 εἶπεν,
717 4325 764 4391 ὅτι
785 4323 865 4393 κατά
885 4331 1052 4407 πρόςωπον
1074 4328 1164 4409 αὐτῷ
1184 4326 1344 4401 ἀντέστην,
1372 4322 1426 4385 καὶ
1446 4316 1492 4392 οἱς

110 4439 191 4519 μέγα
219 4434 329 4503 θεῖναι
353 4438 461 4515 τοῦτο,
488 4435 583 4502 οὐδὲν
612 4443 719 4520 ἕτερον
746 4438 913 4515 δηλοῦντος
937 4433 989 4516 ἦν,
1019 4436 1090 4504 dtt’
1118 4432 1138 4514 τ’]
1158 4434 1205 4499 ότι
1229 4434 1286 4499 οὐκ
1308 4432 1408 4517 ponda
1435 4431 1493 4492 τοῦ

112 4545 283 4628 προςοόπου
304 4546 340 4611 τὸ
360 4544 501 4629 ἀξίωμα
523 4546 582 4612 οὐκ
601 4541 644 4613 άν
664 4546 700 4611 δὲ
722 4549 792 4629 περὶ
812 4552 919 4631 ἑτέρου
932 4548 1042 4632 λόγων,
1062 4545 1109 4612 δ’τι
1123 4542 1205 4612 κατά
1224 4548 1392 4629 πρόςωπον
1408 4536 1493 4620 αότῴ

173 4823 219 4900 ⁶⁶)
239 4843 266 4880 ν·
288 4825 356 4886 29⁰·
736 4890 739 4896 ,
885 4824 929 4901 ⁶³)
950 4826 1061 4883 saraam.

172 4929 218 5005 ⁸²)
238 4931 316 4987 llom.
344 4932 370 4988 in
397 4930 475 5005 illud,
508 4931 541 4989 ln
564 4932 669 5003 [adem
694 4931 773 4990 Petro
886 4932 930 5007 ¹³⁹)
952 4932 972 4988 l.
987 4933 1049 4988 Cor.
1070 4930 1115 4987 lll.
1137 4930 1165 4985 o.

109 5039 212 5112 “Ma
232 5055 259 5095 ¹¹·
283 5036 328 5095 ¹5·
886 5036 930 5113 ⁷⁰)
953 5036 1037 5095 Galat.
1058 5037 1090 5093 ll.
1115 5035 1139 5091 l.

157 5161 283 5218 Pauaqiia,
299 5159 473 5203 commentarius.
1227 5130 1270 5205 15
