3266 5416
222 291 262 354 84
745 285 878 350 hlauts
918 285 1084 353 PRIMUS

222 460 343 522 bitatum
363 461 518 538 propterea
540 472 608 518 esse
631 453 727 535 debet,
749 454 858 535 habitu,
879 463 1075 538 respectuque
1097 455 1203 539 duplici
1224 457 1260 519 ad
1278 456 1437 555 ecclesiam
1458 456 1600 520 censum

221 567 343 647 referri,
365 569 567 641 institutoris,
589 582 647 644 quo
670 563 747 628 iilam
769 564 941 646 condidit⁸,
967 566 1155 647 supremique
1173 569 1354 646 portorir’‚
1375 586 1436 651 quo
1457 567 1540 631 illam
1563 570 1602 630 ui

223 676 344 741 sibiliter
366 674 443 737 rexit
463 681 550 755 atque
570 672 753 755 gubernavit

330 817 378 873 ⁷5.
421 808 558 875 Succedit
585 828 624 872 cx
650 810 685 872 iis
713 807 859 886 aiterum,
892 828 967 892 quae
996 810 1081 874 nobis
1098 813 1123 844 ¹⁰
1154 811 1352 876 confirmanda
1378 814 1597 895 proposuimus,

223 912 359 1004 quodque
385 939 482 1001 neque
505 927 617 982 certum
638 922 748 1001 minus,
780 938 878 1001 neque
900 920 994 985 minuas
1016 920 1197 1003 exploratum
1218 921 1322 984 haberi
1347 922 1506 984 masenii:
1536 919 1599 982 cira

221 1039 366 1097 racterem
396 1049 480 1113 esse,
509 1030 666 1112 dotemque
694 1030 839 1095 ecciesiae
852 1030 1027 1112 propriam,
1062 1038 1094 1093 ut
1121 1048 1157 1093 ea
1185 1031 1240 1095 sibi
1268 1049 1387 1113 semper
1416 1030 1524 1095 simiis
1552 1032 1597 1111 sit,

223 1143 416 1223 eamdemque
437 1147 604 1204 constanter
626 1141 745 1221 iaciem,
766 1141 955 1222 speciemque
976 1139 1130 1221 praeierat,
1152 1158 1250 1221 neque
1271 1139 1328 1204 alia
1345 1143 1374 1203 in
1395 1142 1458 1205 suis
1481 1143 1600 1223 primor-

222 1253 293 1334 diis,
321 1259 407 1332 atque
435 1249 489 1312 alia
517 1251 547 1312 in
575 1252 763 1332 consequutis
792 1250 979 1314 incrementis
1008 1248 1149 1312 videatur.
1190 1249 1253 1313 Una
1272 1253 1350 1313 enim
1373 1250 1543 1331 eademque
1561 1256 1601 1311 est

222 1362 427 1427 christianismi
448 1367 478 1423 et
499 1358 644 1422 ecclesiae
665 1363 750 1442 ratio,
773 1368 859 1442 atque
882 1361 920 1422 ita
941 1378 975 1422 se
996 1359 1034 1423 ad
1051 1361 1176 1423 invicem
1191 1359 1310 1441 habent,
1331 1368 1364 1423 ut
1383 1359 1517 1423 ecclesia
1537 1380 1601 1439 χρι-

221 1470 401 1559 στιανισμός
422 1469 590 1550 αἰσθητός,
615 1469 845 1534 christianismus
866 1487 939 1533 vero
960 1468 1105 1546 ἐκκλησία
1127 1462 1219 1546 νοητή
1249 1488 1309 1533 non
1331 1470 1522 1533 incommode
1544 1470 1601 1531 eui·

220 1586 359 1648 stimetur.
403 1580 500 1654 Quare
533 1583 693 1644 constantia
718 1588 747 1644 et
772 1581 918 1657 ταυτότης
949 1597 1024 1660 quae
1046 1576 1085 1641 ilii
1107 1586 1291 1662 competunt,
1320 1581 1427 1643 deesse
1456 1578 1602 1641 ecclesiae

219 1698 383 1774 nequeunt:
412 1697 441 1753 et
461 1691 537 1754 sicut
556 1690 605 1752 ille
628 1710 644 1752 a
666 1691 825 1772 semetipso
847 1690 1031 1770 desciscere,
1061 1689 1099 1753 ita
1121 1689 1197 1753 haec
1219 1689 1304 1753 aliam
1327 1696 1482 1769 namram,
1506 1687 1602 1753 uliam

221 1822 278 1885 que
298 1805 442 1866 rationem
458 1803 481 1834 ¹¹
508 1800 630 1863 induere
652 1819 711 1864 non
733 1808 838 1883 potest.

326 1944 374 2001 76.
417 1937 572 2017 iamvero,
595 1936 673 2019 quod
694 1943 819 2001 tertium
843 1944 904 2018 est,
933 1936 995 2017 ipsa
1016 1934 1071 1998 sihi
1093 1934 1221 1999 ecclesia
1242 1932 1390 1997 dissimilis
1410 1932 1508 2012 foret,
1537 1942 1604 1995 eta

219 2049 376 2129 semetipsa
403 2065 590 2129 summopere
620 2045 791 2128 dissideret,
821 2047 881 2110 sia
903 2047 963 2109 suis
986 2044 1114 2107 exordiis
1143 2064 1178 2109 ac
1198 2062 1290 2127 prope
1311 2042 1497 2106 incunabulis
1517 2045 1602 2105 unitus

220 2166 305 2239 nutu,
335 2158 517 2239 imperioque
544 2154 694 2219 visibiliter
715 2156 927 2239 administrata,
958 2154 1061 2217 cadem
1089 2154 1228 2236 deinceps
1259 2153 1306 2217 vei
1335 2153 1441 2216 nuliius
1463 2126 1602 2235 supremo

219 2269 298 2347 iure,
327 2264 405 2347 quod
426 2264 695 2344 independeotidue
715 2266 827 2347 piacet,
855 2264 904 2328 vei
924 2283 1038 2327 summo
1059 2265 1123 2325 iure
1145 2272 1194 2328 aut
1215 2263 1418 2341 multitudiniS,
1450 2264 1531 2346 quod
1550 2264 1598 2327 de·

106 2365 112 2377 ’
219 2381 378 2439 matter·
396 2383 527 2457 tuentur,
550 2383 599 2439 aut
618 2373 799 2456 praesulum,
830 2374 908 2457 quod
930 2379 1154 2437 ariatccrcticis
1174 2373 1303 2455 videtur,
1328 2376 1489 2455 conspicue
1511 2393 1597 2456 rege

166 2544 173 2565 ,
219 2494 310 2549 retur.
352 2484 442 2547 Cuius
462 2486 667 2566 propositionis
695 2487 846 2548 veritatem
876 2503 935 2547 non
959 2481 1163 2565 pervulgatum
1184 2483 1271 2545 modo
1293 2482 1460 2546 Aristotelis
1481 2481 1598 2546 effatum

220 2595 362 2659 ostendit:
385 2597 533 2658 immutata
553 2595 704 2676 regiminis
726 2594 828 2675 forma,
849 2596 941 2676 ipsam
964 2611 1081 2675 quoque
1103 2594 1248 2657 civitatem
1268 2594 1447 2656 immutatam
1467 2597 1597 2673 censeri3

219 2706 273 2770 sed
294 2704 449 2769 ostendunt
476 2711 631 2785 praeterea
656 2722 744 2786 quum
765 2702 854 2767 indita
878 2705 1007 2767 omnium
1027 2702 1177 2765 hominum
1199 2704 1302 2765 animis
1323 2705 1412 2783 ratio,
1441 2710 1505 2765 turn
1525 2722 1597 2785 quae

219 2819 259 2880 ita
281 2815 427 2879 ecciesiae
449 2821 516 2877 sunt
535 2815 664 2897 propria,
687 2820 719 2878 ut
740 2813 777 2876 ab
799 2834 835 2877 ea
856 2812 954 2876 divelli
975 2811 1139 2875 nullatenus
1160 2815 1280 2895 possint.

325 2959 373 3016 it.
417 2951 462 3015 Ac
486 2970 535 3013 me
561 2969 633 3014 sane
661 2951 750 3035 fugit,
777 2951 961 3033 reperiantur
981 2967 1038 3012 nec
1058 2968 1097 3012 ne
1119 2950 1169 3030 qui
1189 2948 1482 3030 sihi-persuaserint,
1511 2968 1598 3043 unam

218 3064 411 3145 eamdemque
432 3057 597 3137 edormisce
617 3068 792 3126 societatem
811 3078 1002 3144 permanere,
1022 3058 1296 3157 quamquamliiiius
1315 3059 1465 3155 regimen,
1494 3068 1524 3122 et
1544 3078 1599 3141 gu-

217 3175 396 3237 bernationis
416 3173 490 3234 ratio
512 3171 566 3235 alia
582 3190 711 3254 prorsus,
734 3171 910 3253 diversaque
933 3172 1046 3234 evadat.
1089 3167 1223 3233 Proiecto
1245 3167 1502 3232 administrationis
1523 3170 1597 3230 ratio

217 3303 277 3348 non
299 3305 334 3349 ea
356 3291 417 3365 est,
445 3300 520 3363 quae
542 3283 675 3346 societati
697 3284 882 3346 extrinsecus
903 3280 1031 3358 accidat,
1060 3279 1114 3343 sed
1134 3278 1214 3340 illam
1235 3284 1337 3341 contra
1359 3279 1535 3341 intrinsecus
1558 3278 1599 3339 ai-

216 3395 291 3473 ficit,
312 3401 399 3473 atque
420 3393 459 3454 ita
479 3392 626 3474 pervadit,
656 3400 687 3455 ut
710 3399 880 3473 propterea,
906 3409 966 3453 non
986 3391 1058 3453 citra
1080 3388 1208 3452 habitum
1230 3387 1266 3450 ad
1286 3388 1448 3469 compositu
1468 3387 1598 3471 physica,

218 3501 350 3566 eiusdem
377 3495 486 3588 μορφή
514 3510 704 3583 nuncupetur.
746 3501 894 3564 immutari
921 3508 1018 3565 autem
1047 3496 1083 3562 τὸ
1113 3494 1337 3580 ὑποκείμενον,
1370 3505 1400 3560 et
1429 3495 1598 3572 οὐσιώδως

217 3614 375 3692 immutari,
398 3611 466 3674 dum
489 3630 564 3693 quae
586 3611 625 3674 illi
646 3613 780 3676 intestina
805 3618 885 3692 munt,
907 3610 1034 3691 illudque
1057 3607 1219 3691 pervadunt
1239 3628 1274 3671 ac
1295 3609 1507 3690 determinant,
1534 3627 1597 3671 mn-

217 3725 356 3786 tationem
385 3721 526 3805 subeunt3
553 3742 592 3785 ex
618 3725 703 3805 ipsis,
730 3723 834 3806 quibus
860 3720 982 3784 edentur
1010 3719 1123 3800 uerbis,
1152 3727 1333 3801 compertum
1361 3738 1430 3782 esse
1452 3720 1596 3782 existimo

217 3832 372 3896 Praeterea
394 3850 482 3914 quum
504 3836 650 3897 communi
671 3835 848 3898 eruditorum
870 3830 1011 3913 suffragio
1033 3831 1071 3892 ita
1092 3831 1249 3894 societates
1271 3830 1486 3911 distinguuntur
1501 3830 1539 3907 ¹¹,
1567 3836 1599 3889 ut

217 3942 292 4007 aliae
311 3940 530 4020 moucrcdr'cce,
555 3942 629 4007 aliae
643 3946 710 4026 sint,
732 3945 921 4025 dicanturque
942 3945 1176 4004 auctoratam
1194 3939 1242 4004 vei
1264 3940 1501 4014 democratiam
1519 3938 1598 4001 unde

277 4177 305 4252 ⁸)
332 4178 372 4234 ct.
396 4178 507 4235 Bertieri
535 4180 664 4252 theolog.
692 4180 812 4254 dogmat
837 4196 882 4253 sy·
930 4176 1048 4234 eiusdem
1073 4177 1137 4232 item
1163 4191 1276 4249 eorpus,
1304 4174 1376 4249 quod
1402 4179 1445 4232 est
1469 4175 1597 4251 ecciesia,

218 4289 322 4340 sumat
345 4284 390 4357 33.
406 4284 455 4340 84.
469 4302 544 4359 seqq.
929 4282 1024 4339 reterri
1044 4271 1187 4356 ἀναλόγως
1210 4283 1298 4338 debet.

279 4423 307 4500 ⁹)
321 4423 360 4479 Ci.
374 4424 510 4482 Benedicti
521 4425 774 4497 ZimmerTheoiog.
789 4425 879 4481 christ.
994 4387 1038 4463 ra)
1063 4386 1104 4444 ⁹⁶
1123 4387 1174 4507 Ψ
1193 4385 1366 4506 dminctiffm
1391 4388 1454 4459 ¹⁰80
1478 4387 1596 4508 RQ*

220 4544 292 4602 ψῃ,
314 4531 399 4587 pleon
419 4531 487 4588 pm
501 4532 546 4589 ΠΙ.
566 4532 612 4605 33·
628 4531 762 4589 ¹942·
827 4514 831 4519 ·
929 4492 1092 4550 disserentes
1109 4493 1247 4551 Nicolaum
1266 4494 1375 4550 lienam
1395 4492 1596 4550 Paliurrcrnrum

283 4670 308 4701 Μ
929 4599 956 4656 in
976 4616 1073 4676 opera,
1094 4598 1195 4672 Diserta
1214 4600 1261 4659 dei
1278 4599 1441 4671 Pootificoto
1461 4598 1597 4669 dicaam,

311 4670 325 4744 )
345 4687 371 4726 ¹¹·
393 4670 440 4727 ⁷2·
928 4705 1083 4763 iiichaeiem
1103 4706 1278 4782 nauclerum,
1300 4706 1343 4765 De
1362 4706 1528 4763 diremtio
1546 4706 1595 4763 di·

283 4809 325 4886 ¹¹)
359 4810 436 4877 Quod
465 4810 535 4867 enim
566 4809 599 4866 de
630 4809 736 4867 Christo
764 4809 879 4881 legimus
927 4815 1008 4885 cino,
1034 4813 1228 4872 ecclesiastico
1249 4823 1276 4872 et
1294 4814 1451 4886 soeculari,
1479 4812 1596 4871 iimin-

216 4916 296 4972 Hebr.
316 4916 385 4972 xiil.
405 4917 442 4972 8>
471 4907 576 4991 Ἰησοῦς
594 4907 718 4992 Χριστὸς
743 4913 813 4992 χθὲς
832 4914 878 4972 καὶ
927 4920 1001 4991 mum
1012 4919 1178 4996 Arnisaeum,
1195 4920 1408 4995 Deiiepubiic‘o,
1428 4919 1596 4979 ctCurdiut·

214 5013 334 5102 σήμερον
353 5013 369 5081 ὁ
391 5013 482 5095 αὐτός,
506 5021 552 5081 nui
572 5021 609 5090 aie
627 5016 691 5090 roric
711 5017 823 5093 αἰῶνας,
844 5023 878 5079 ad
926 5026 978 5083 iem
992 5024 1113 5104 onium,
1133 5026 1426 5101 vermescente,
1446 5025 1494 5084 tit.
1513 5026 1573 5087 tn.
