3358 5400
643 366 790 435 CAPUT
829 368 956 437 xxiv.
1427 371 1491 434 m

104 532 309 623 φοβούμενος
327 532 403 612 τούς
422 540 458 601 ἐκ
478 539 665 622 περιτομῆς.
693 540 746 605 καὶ
767 538 1043 622 συνυπεκρίθησαν
1067 533 1154 622 αὐτῷ
1176 536 1405 604 minitaret
1426 542 1491 604 ἰου-

105 645 207 711 δαῖοε·
237 641 354 721 οἵςτεὶ·
380 643 560 731 Βαρνάβας
587 647 784 728 συναπήχθη
811 647 917 714 αὐτῶν
938 652 975 734 τῇ
999 646 1168 732 ὑποκρίσειῚ
1211 646 1295 713 Ἀλλ’
1316 647 1367 714 bia
1394 645 1490 725 εἶδον,

106 756 154 821 b‘rr
168 753 229 821 oria
243 752 466 838 σρθοποδοῠσι
481 756 561 838 πρὸς
574 750 631 834 τήν
643 755 805 834 άλήθεεαυ
817 764 873 823 τοῦ
886 756 1080 841 εὐαγγελίου,
1100 755 1191 823 εἶκον
1202 762 1231 793 ²²
1250 760 1297 842 cpi
1309 757 1428 843 Πέτρῴ
1440 761 1493 841 ἔμ-

106 866 257 949 προσθεν
276 864 420 930 πάντων·
449 869 478 928 sl
496 860 537 929 σθ
559 863 703 943 loedorice
723 865 897 950 ὑπάρχων,
919 867 1059 943 ἐθνικῶς
1081 867 1136 951 ζῇς
1157 867 1211 932 καὶ
1231 865 1290 932 οὐκ
1311 866 1491 945 teudelasio,

104 977 136 1040 ri
154 969 194 1040 τά
216 974 299 1053 ἔθνη
320 971 513 1057 ἀναγκάζεις
537 974 727 1056 teodotion,-

212 1091 282 1149 est.
324 1083 483 1149 Enimvero
506 1087 634 1167 gnostici
654 1090 780 1169 primam
801 1105 837 1150 ao
857 1086 965 1151 deinde
987 1089 1191 1170 marcionitae,
1220 1086 1325 1171 quibus
1347 1086 1418 1152 nihil
1439 1087 1492 1152 brit

103 1195 182 1261 adeo
209 1201 343 1259 sendum
372 1193 451 1276 quod
479 1211 540 1258 non
567 1194 737 1277 polluerint,
766 1195 838 1260 nihil
865 1196 940 1261 adeo
965 1197 1055 1261 farum
1075 1197 1155 1278 quod
1181 1214 1240 1260 non
1263 1199 1491 1280 commoverint3

103 1306 185 1371 Pauli
204 1305 323 1385 verbis,
346 1304 472 1393 quodam
495 1304 585 1368 veluti
606 1304 711 1388 clypeo
732 1304 816 1369 abusi
838 1313 921 1386 sunt,
950 1314 982 1369 ut
1001 1325 1077 1389 quae
1098 1309 1136 1372 de
1156 1309 1352 1391 apostolorum
1373 1308 1491 1388 imperi·

102 1416 143 1479 tia
172 1434 208 1479 ac
234 1431 308 1477 vero
337 1416 425 1478 etiam
450 1400 630 1497 ignorantia,
658 1413 755 1495 deque
785 1414 919 1496 pleniore
944 1417 1073 1480 veritatis
1101 1417 1182 1499 luce,
1212 1421 1294 1482 cuius
1315 1420 1370 1501 ipsi
1391 1419 1491 1481 nuncii

104 1531 207 1590 essent
226 1531 314 1607 atque
337 1525 477 1606 maginni,
500 1523 804 1604 comminiscebantur,
825 1525 860 1587 si·
873 1540 932 1606 quo
946 1524 1064 1588 tandem
1082 1526 1171 1591 modo
1191 1537 1322 1610 possent,
1344 1544 1405 1590 non
1425 1529 1490 1591 sine

102 1634 318 1716 scripturarum
345 1635 559 1697 auctoritates
586 1651 620 1695 se
646 1632 738 1714 tradi,
765 1631 942 1714 defendique
963 1636 1183 1715 persuaderent.
1225 1636 1287 1717 En,
1313 1637 1490 1719 inquiebant,

105 1744 208 1807 Pctms
223 1749 287 1806 erat
308 1748 574 1824 κατεγνωσμένος,
596 1741 703 1825 dignus
717 1742 766 1824 qui
780 1740 1057 1824 reprehenderetur,
1076 1745 1231 1827 viamque,
1254 1763 1412 1827 moresque
1432 1763 1492 1809 non

103 1852 144 1943 ad
160 1870 263 1934 puram
285 1851 432 1935 evangelii
462 1853 630 1933 veritatem,
660 1850 715 1914 sed
743 1852 929 1915 commixtam
957 1860 987 1916 et
1012 1852 1127 1917 iudaice
1154 1853 1298 1919 fermento
1326 1838 1490 1937 corruptam

1 1951 2 1960 ’
105 1961 253 2045 exigebat
296 1961 367 2036 Quis
388 1978 463 2044 ergo
486 1979 541 2024 nos
562 1959 674 2024 idcirco
698 1960 912 2044 reprehendat,
933 1961 1014 2043 quod
1034 1964 1233 2045 apostolorum
1254 1967 1414 2047 sapientiae
1437 1964 1491 2028 dil-

103 2067 248 2136 hdamusl
269 2072 335 2154 qiua
357 2070 442 2133 ndbis
464 2070 575 2134 idcirco
596 2079 780 2151 succenseat,
803 2070 882 2152 quod
901 2054 1079 2155 uberiorem,
1102 2074 1353 2157 sincerioremque
1375 2077 1492 2157 γνῶσιν

103 2176 313 2264 polioeammt
355 2177 399 2243 De
428 2197 485 2262 qua
514 2179 631 2243 illorum
659 2181 723 2244 sive
755 2180 933 2260 temeritate,
962 2181 1027 2244 sive
1047 2182 1160 2247 insania
1180 2185 1263 2248 testis
1279 2192 1332 2275 est
1359 2185 1490 2267 locuples

103 2288 297 2355 Tertullianus
320 2306 409 2370 quum
438 2290 468 2351 in
490 2307 581 2372 opere
595 2293 623 2324 ²⁸
646 2298 748 2354 conos
768 2289 965 2372 Marcionem,
993 2297 1054 2354 tum
1076 2293 1106 2356 in
1127 2292 1203 2356 libro
1224 2294 1262 2358 de
1283 2294 1490 2378 Praescriptio-

103 2399 189 2463 aibrrs
202 2401 243 2480 ²⁴,
265 2399 414 2479 mquiens:
458 2396 646 2480 „Pr0ponunt
664 2417 739 2482 ergo
762 2398 801 2462 ad
820 2400 1037 2484 suggillandam
1058 2402 1252 2484 ignorantiam
1274 2405 1401 2487 aliquam
1420 2423 1491 2489 apo-

104 2508 263 2587 stolorum,
288 2506 368 2590 quod
389 2506 491 2570 Petrus
513 2515 542 2570 et
565 2510 616 2590 qui
636 2527 703 2572 cum
725 2527 779 2591 eo,
810 2510 984 2592 reprehensi
1004 2518 1107 2575 emta
1128 2512 1225 2576 Paulo.
1267 2514 1367 2595 Adeo,
1396 2516 1489 2598 inqui·

104 2624 171 2698 unt,
198 2615 306 2698 aliquid
326 2617 370 2679 eis
391 2615 491 2679 defuit.
535 2616 572 2680 Ut
592 2637 632 2681 ex
651 2617 709 2682 hoc
732 2621 820 2684 etiam
840 2619 911 2683 illud
933 2629 1062 2702 struem,
1092 2625 1222 2704 potuisse
1249 2632 1352 2706 postea
1377 2625 1489 2707 plenio-

1 2721 2 2738 ’
102 2745 168 2792 reru
189 2728 342 2791 scientiam
363 2727 571 2808 supervenire,
601 2727 695 2810 qimlis
720 2728 877 2794 obvenerit
896 2729 986 2793 Paulo
1006 2729 1234 2812 reprehendenti
1255 2737 1490 2797 mtecessores.“

102 2836 182 2902 132²*
206 2834 296 2899 inira:
340 2833 426 2916 ,Νοο
447 2834 519 2898 mibi
539 2843 597 2899 tam
618 2837 696 2900 bene
719 2845 780 2919 est,
811 2839 901 2902 immo
921 2855 981 2902 non
1002 2838 1072 2901 mihi
1098 2846 1156 2903 tam
1178 2841 1254 2904 male
1279 2850 1339 2921 est,
1369 2852 1401 2907 ut
1420 2862 1489 2926 apo-

101 2930 200 3010 'stolos
221 2946 410 3009 committam.
453 2944 514 3011 Sed
536 2947 674 3028 quoniam
687 2947 905 3029 perversissimi
925 2944 973 3010 isti
995 2947 1072 3010 illam
1090 2948 1352 3030 reprehensionem
1373 2951 1410 3014 ad
1431 2951 1490 3015 hoc

1 3071 2 3080 ¹
103 3054 285 3136 obtendunt,
320 3062 352 3118 ut
382 3061 548 3138 suspectam
578 3055 684 3119 iaciant
715 3056 877 3145 doctrinam
890 3058 919 3091 ²³
951 3057 1153 3139 superiorem,
1185 3059 1373 3140 respondebo
1406 3061 1489 3141 quasi

103 3183 158 3248 pro
179 3164 298 3229 Petro.“

211 3274 292 3338 285:
324 3274 391 3338 Aba
413 3275 532 3357 quidem
556 3282 669 3357 mente,
691 3293 790 3357 neque
812 3283 911 3339 minen
932 3274 1056 3339 meliore
1070 3279 1097 3310 ‘²²
1122 3276 1307 3359 Porphyrius,
1330 3297 1418 3361 quem
1438 3298 1490 3342 ro·

102 3381 208 3449 bidan
230 3383 382 3448 σάεοεεοε
398 3382 558 3449 Christum
575 3406 684 3449 canem
698 3385 893 3468 hieronymus
907 3387 936 3417 ²⁸
959 3393 1053 3465 vocat,
1074 3385 1307 3468 reprehensione
1323 3387 1399 3451 Petri
1420 3406 1490 3451 usus

1068 3534 1088 3581 Ι

166 3611 212 3687 ²¹)
233 3611 380 3685 vulgatus,
400 3613 443 3668 ito
460 3619 492 3669 st
510 3620 551 3683 et,
571 3601 640 3679 dms
657 3611 713 3670 nel.
784 3680 790 3690 ⁵
822 3627 856 3668 sa
882 3612 1004 3669 docmina
1031 3612 1118 3686 accipi
1144 3612 1257 3688 debers,
1288 3631 1339 3688 qua
1364 3615 1490 3673 dicabant

166 3718 213 3794 ²²)
233 3717 312 3791 Apud
332 3717 494 3792 vulgatum,
515 3719 579 3775 dici
600 3718 717 3793 ceptae.
823 3717 970 3791 pleniorem
991 3725 1086 3790 postea
1107 3720 1280 3792 supervenire
1299 3719 1411 3794 possc.“
1441 3722 1490 3779 ht·

167 3823 214 3898 ²⁸)
228 3823 367 3880 Adversus
378 3824 771 3900 llarciunem,lib.l.cap.ltll,
823 3826 868 3895 qui
889 3830 1030 3880 contextus
1058 3826 1190 3881 communi
1218 3826 1431 3900 interpretationi
1450 3829 1490 3884 lu·

102 3929 153 3987 lib.
168 3929 215 3987 tv.
236 3946 294 4003 cap.
309 3929 354 4004 ttl,
375 3936 403 3985 et
419 3929 468 3985 lib.
482 3929 516 3985 V.
537 3947 595 4004 cap.
612 3931 656 3988 lll.
823 3929 940 3986 cillenlet·
959 3930 1129 4005 suffragatur,
1154 3947 1231 4019 quam
1253 3939 1281 3988 et
1300 3933 1364 3989 illud
1383 3951 1490 4005 germa-

63 4102 68 4109 .
166 4036 462 4111 ²⁴)1tel’raascriptt.
483 4036 651 4110 caplllllll.
822 4052 883 4092 nam
918 4052 980 4093 csse
1010 4038 1194 4110 demonstrat,
1229 4039 1301 4109 quod
1329 4038 1489 4097 Tertulliano
1607 4070 1609 4077 v

168 4140 214 4215 ²⁵)
233 4140 301 4196 ibid.
323 4157 382 4215 cap.
403 4140 498 4198 XXIV.
823 4159 881 4198 eum
903 4143 937 4197 iis
957 4142 1101 4200 haereticis
1121 4159 1165 4200 res
1185 4144 1236 4218 sit,
1257 4146 1302 4217 qui
1323 4146 1395 4202 solas
1416 4147 1487 4204 Pauli

1 4313 2 4324 γ
167 4245 214 4320 ²⁶)
233 4244 262 4301 ln
283 4245 413 4303 subiectis
432 4247 651 4305 adnotationibus
676 4232 772 4304 scribit
822 4248 951 4322 epistolas
972 4249 1141 4306 verebantur.
1263 4282 1267 4287 -

1 4355 2 4378 ¹
102 4350 318 4424 Albasplnaeus:
338 4353 481 4427 „Plerique
501 4370 561 4410 cum
582 4355 771 4427 interpretibus
884 4355 930 4430 Η)
954 4355 1120 4428 Nicephorus
1141 4357 1296 4413 testimonio
1317 4357 1427 4415 Eruebii
1449 4361 1489 4417 in·

101 4458 275 4532 existimant,
295 4458 371 4515 hisce
390 4459 491 4535 uerbis,
511 4461 667 4518 doctrinam
685 4478 770 4534 νυγε-
822 4461 900 4517 nixos
927 4462 1008 4518 tradit
1028 4460 1075 4518 lib.
1091 4462 1125 4518 x.
1147 4478 1204 4536 cap.
1218 4460 1345 4538 xxxii,
1370 4465 1489 4539 Porphy-

101 4565 224 4635 n'orem,
245 4580 276 4621 aa
298 4565 411 4638 intelligi
432 4566 545 4634 dobere,
565 4583 634 4640 quaa
655 4567 772 4640 apostoli
822 4567 890 4622 rium
911 4574 988 4623 antea
1010 4567 1094 4623 luisse
1115 4568 1302 4645 christianum,
1329 4588 1407 4643 quarn
1431 4575 1488 4630 eiu·

98 4676 167 4749 pate
189 4669 262 4726 Pauli
284 4670 425 4728 adventum
445 4673 648 4751 praedicarant,
674 4673 771 4729 Verum
822 4678 881 4727 rato
907 4680 1074 4729 armamento
1102 4674 1199 4731 bellurn
1227 4676 1350 4749 Christo,
1378 4679 1488 4753 εἰοεροε

101 4776 129 4831 si
147 4774 390 4857 animaduerterent
406 4780 539 4837 eiusmodi
554 4781 704 4838 haereticos
718 4795 772 4836 non
821 4777 947 4849 religioni
969 4779 1108 4836 indiceret.

63 4892 73 4911 ·
101 4881 193 4939 solum
213 4882 300 4955 rani,
327 4860 418 4939 verum
444 4888 525 4942 etiam
550 4886 638 4961 Pauli,
668 4892 772 4942 cetero·
885 4883 930 4958 ²⁸)
952 4884 1120 4944 &mist-ad
1139 4887 1187 4944 lib.
1209 4890 1243 4945 de
1263 4888 1374 4961 tieriptt
1395 4888 1487 4946 Eccle-

102 5003 217 5060 rtunqne
238 4987 420 5061 apostolorum
445 4992 592 5050 doctrinam
618 4998 770 5065 suspectam
819 4990 948 5047 siasticis.
996 4991 1102 5047 Similia
1126 4993 1209 5050 habet
1232 4993 1380 5064 Eusebius,
1407 4995 1486 5049 Prae·

103 5093 245 5170 babuisse,
267 5096 444 5153 wncsderent
462 5098 537 5173 mihi,
557 5099 624 5155 haec
643 5098 678 5154 de
697 5097 769 5153 ormi
819 5101 904 5168 parat.
924 5094 1081 5166 Braugdle.
1106 5096 1154 5152 lib.
1170 5096 1204 5152 x.
1229 5112 1287 5169 cap.
1304 5095 1350 5151 lX.
1391 5096 1484 5152 Ouala
