3258 5400
581 266 727 334 CAPUT
768 269 826 334 lx.
1136 264 1139 267 ⁵
1353 276 1395 337 97

48 435 149 518 mmeri,
166 434 314 518 eidemque
328 453 500 518 supremum
515 433 623 518 locum,
645 454 871 519 supremamque
895 417 1097 500 auctoritatem
1118 435 1243 502 deferri:
1267 443 1298 517 ο)
1321 458 1392 503 cen-

49 548 97 609 seri
113 551 285 625 nostratim,
319 564 407 628 mum
435 546 540 627 reliqui
567 547 685 611 nonnisi
710 552 879 609 universim
906 554 1189 612 commemorentur:
1217 567 1253 612 ac
1274 549 1392 613 tandem

48 656 127 735 thtn
144 658 227 720 miuus
248 657 366 720 disertis
388 655 503 738 verbis,
524 658 613 720 tacite
634 655 738 720 saltem
759 654 965 736 apostolorum
986 665 1160 722 ntostmmn
1180 661 1349 741 nuncupari.

131 766 172 831 Sic
190 768 266 830 euim
287 766 449 830 orationem
467 765 606 830 tribuisse
619 765 724 829 Paulus
746 764 868 847 videtur,
890 775 921 829 ut
944 787 983 830 ex
1003 768 1106 831 ordino
1128 767 1392 832 manifestationum

42 879 231 957 pnsstautiem,
258 876 490 959 dignitatemque
519 893 622 939 eorum
650 875 820 957 collegerit,
849 876 954 957 quibus
976 876 1106 941 Christus
1128 880 1266 961 apparuit
1309 880 1392 944 Unde

43 993 168 1068 postqum
182 988 207 1020 ⁸¹
232 986 317 1050 dixit:
341 988 478 1064 ἔσχατον
500 982 535 1049 δὲ
556 982 694 1061 πάντων,
718 982 849 1068 deneget
870 988 915 1068 τῷ
936 984 1130 1068 ἐκτρώματι,
1153 985 1256 1077 ὤφθη
1277 987 1393 1073 scinci.-

42 1098 167 1178 continuo,
198 1097 339 1179 particulo
368 1094 432 1178 yolq
460 1094 602 1177 adbibita,
635 1094 848 1177 inserendoque
861 1099 890 1130 ⁸²
924 1096 1060 1160 subiecit:
1099 1091 1163 1180 tyci
1192 1096 1257 1182 γάρ
1285 1100 1392 1182 οὶμοό

40 1196 178 1284 ἐλάχιστος
203 1209 270 1272 τῶν
296 1204 490 1272 ἀποστόλων.
533 1205 566 1283 Si
595 1223 670 1288 ergo
698 1203 802 1269 Paulus
839 1205 907 1269 inde
935 1225 969 1270 se
998 1207 1196 1289 apostolorum
1225 1207 1393 1289 ἐλάχιστον

38 1314 173 1397 ρσοῐλοιιν,
201 1318 281 1399 quod
309 1319 439 1381 omnium
466 1316 582 1379 ultimus
610 1314 754 1379 Christum
779 1316 901 1398 viderit3
930 1316 1012 1399 quid,
1042 1336 1169 1400 quaeso,
1198 1319 1235 1383 ad
1262 1322 1392 1383 veriatis

36 1425 142 1505 neclan
164 1431 282 1509 propius
307 1426 470 1508 accedens,
498 1444 586 1508 mam
608 1424 736 1507 Cepham
764 1432 920 1507 propterea
947 1427 1145 1508 apostolorum
1171 1434 1317 1511 μέγιστον
1337 1430 1393 1495 dici

36 1544 160 1617 oponere,
182 1536 262 1621 quod
282 1538 345 1618 ipse
366 1537 496 1599 omniurn
516 1538 627 1618 primus
649 1535 793 1599 Christum
815 1534 1024 1618 conspexeritl

121 1653 164 1709 99.
206 1648 303 1723 Quem
324 1664 383 1730 ego
398 1647 660 1728 consequutionem
674 1663 734 1709 non
749 1645 905 1709 admodum
919 1664 1069 1729 urgerem,
1092 1649 1148 1711 nisi
1168 1648 1390 1734 Scripturarum,

37 1750 181 1839 latrumque
202 1759 375 1821 auctoritate
397 1763 586 1820 sustentarer.
630 1756 783 1821 Sustentor
804 1762 902 1819 autem
924 1757 1079 1821 bibliorum
1108 1760 1296 1840 auctoritate,
1329 1761 1391 1823 sive

43 1879 109 1941 quun
128 1867 328 1950 propheticum
354 1866 512 1948 Cephac³³
543 1884 667 1947 nomen,
699 1864 778 1948 quod
805 1883 915 1929 nomen
944 1875 989 1930 est
1015 1887 1170 1950 supremae
1199 1869 1390 1949 auctoritatis,

40 1988 128 2037 mecon
144 1985 266 2060 reputo:
288 1977 353 2039 sive
368 1993 456 2057 quum
471 1976 681 2056 animadverto,
703 1976 793 2057 ipsius
816 1974 921 2039 Christi
940 1993 993 2040 ore
1007 1979 1035 2010 ³⁴
1057 1977 1172 2041 Petrum
1194 1978 1392 2061 apostolorum

37 2084 151 2163 andros,
176 2083 373 2170 ἡγούμενον,
401 2086 455 2151 καὶ
473 2084 620 2169 μείζονα,
647 2084 738 2166 idest,
765 2090 911 2167 μέγιστον
931 2084 1021 2150 bdsse
1046 2090 1295 2170 praenunciatum.
1338 2088 1391 2152 Pa·

32 2198 92 2256 lrun
108 2214 174 2261 vero
195 2205 326 2279 certam,
354 2204 507 2278 ratamque
528 2197 703 2261 sententiam
731 2196 826 2259 exiis
847 2197 924 2260 duco
945 2195 1099 2262 luculentis
1120 2201 1239 2263 omnino
1260 2200 1391 2264 testimo-

33 2303 88 2384 nis,
114 2325 184 2388 quae
210 2311 241 2371 in
273 2306 458 2390 Euchologio
471 2308 512 2387 ³⁸,
538 2305 569 2368 in
595 2304 799 2369 Arcbieratico
812 2308 853 2387 ³⁸,
884 2315 913 2369 et
939 2307 969 2369 in
999 2306 1141 2390 'l'ropario
1155 2312 1183 2344 ³²
1214 2328 1391 2393 graecorum

32 2417 206 2501 continentur,
228 2436 365 2500 quaeque
388 2416 586 2496 alexandrina,
609 2434 697 2497 quam
718 2415 817 2479 dieunt
835 2416 933 2480 Basilii
947 2419 975 2451 ³⁸
997 2417 1128 2501 liturgia,
1150 2420 1321 2502 similesque
1342 2439 1391 2504 sy·

31 2536 111 2586 mrum
130 2524 193 2589 libri
205 2529 234 2563 ¹⁸
259 2535 490 2610 repraesentant
532 2527 565 2589 ln
577 2525 624 2588 bis
639 2527 717 2589 enim
731 2528 926 2607 monimentis,
945 2528 1117 2592 incredibile
1133 2529 1210 2594 dictu
1225 2539 1279 2613 est,
1304 2549 1392 2611 quum

30 2632 134 2716 crebris,
195 2640 382 2720 rspicuisque
408 2637 560 2703 sententiis
588 2636 689 2700 Petrus
717 2644 914 2720 nuncupetur,
953 2638 1041 2700 modo
1074 2640 1092 2701 d
1120 2642 1300 2725 anonomaston
1328 2640 1392 2703 taio

29 2737 112 2821 ἁγίων
134 2748 295 2830 μαθητῶν
319 2748 372 2811 κοιλ
409 2744 611 2824 ἀποστόλων,
643 2747 731 2811 modo
764 2744 894 2826 ἔνδοξος
926 2746 980 2811 κοιλ
1005 2752 1295 2834 πρωτοκορνφοιῖος
1327 2751 1392 2812 τοῖν

30 2847 208 2936 ἀποστόλων,
236 2858 306 2923 inde
327 2858 472 2922 eiusmodi
492 2857 609 2922 laudum
629 2860 743 2922 ratione
764 2857 931 2940 desumpta,
961 2858 1040 2939 quod
1060 2859 1139 2940 ipse,
1161 2860 1203 2921 uti
1223 2866 1325 2922 aucmr
1346 2866 1393 2921 est

29 2959 209 3033 Nazianzenus
237 2971 269 3033 in
293 2969 412 3033 bomilia
425 2973 453 3004 ⁴⁰
481 2968 684 3032 Archieratico
712 2970 836 3048 inserta,
866 2968 904 3031 sit
924 2963 1057 3048 ὕστερον
1086 2968 1202 3044 τὸτῆς
1229 2965 1391 3043 ἐκκλησίας

30 3072 153 3159 ἔρεισμα,
174 3079 338 3144 alterumn
359 3079 474 3144 Christo
495 3078 642 3143 ecclesiae
664 3078 892 3143 fundamentum.

788 3338 834 3415 ⁸⁷)
855 3338 895 3395 cl.
910 3337 1008 3395 boonis
1023 3337 1115 3394 Allatii
1134 3337 1242 3395 dissert.
1263 3337 1297 3392 dc
1316 3336 1391 3394 libris

725 3445 919 3502 ecclesiasticis
941 3444 1110 3501 Graecorum.

786 3578 832 3652 ³⁸)
848 3576 916 3651 Opp.
927 3575 1021 3633 basilii
1035 3576 1064 3634 T.
1075 3576 1108 3635 ll.
1122 3577 1243 3651 Append.
1254 3593 1317 3650 pag.
1324 3575 1391 3633 683.

727 3685 793 3741 edit.
812 3683 941 3740 demetii.

76 3828 118 3904 ν)
137 3830 288 3904 semoing.
311 3847 394 3905 pagg.
416 3827 674 3887 sss-ssu-ssr
786 3816 832 3890 ³⁹)
869 3814 981 3872 muns.
1015 3813 1142 3871 orreum.
1175 3812 1276 3885 litura·
1309 3812 1338 3870 T·
1359 3813 1392 3871 11·

26 3933 123 3991 -oae
144 3938 209 3994 esre
233 3937 340 4011 maru,
364 3935 451 3992 urso.
725 3938 808 3995 ress·
827 3920 893 3977 ¹⁴⁵·
913 3937 988 3994 wau·

77 4064 118 4140 ¹¹)
148 4067 273 4124 Poetilio.
300 4067 393 4124 Graec.
424 4083 488 4140 μσς.
510 4066 577 4123 378.
610 4064 675 4122 edit.
786 4059 832 4136 ⁴⁰)
859 4060 933 4117 lianc
958 4061 1086 4118 describit
1106 4065 1134 4116 ot
1154 4060 1270 4117 illustrat
1293 4059 1394 4115 liaber-

28 4167 96 4227 Μ’·
114 4171 199 4230 Ῑῦἵθ·
725 4174 768 4225 tus
784 4168 811 4223 in
825 4182 875 4240 eo,
896 4183 974 4240 quem
988 4167 1120 4223 innuimus
1137 4165 1300 4222 Pootldcolis
1320 4164 1391 4221 loco.

75 5119 197 5178 Milo,
211 5112 384 5167 minumus.
