3374 5388
678 274 824 342 caelin
865 276 909 342 V·
1426 278 1489 338 488

95 446 195 508 omnia
218 451 303 509 erant
321 442 446 525 singnis
467 443 554 506 etiam
576 443 731 523 ecclesiis,
752 460 805 526 pro
830 443 906 507 illius
927 443 1029 506 aetatis
1051 442 1192 522 moribus,
1214 443 1388 506 communia.
1432 443 1487 506 Uni

94 553 136 616 illi
161 553 310 617 sacerdoti
331 551 529 635 respondebat
550 550 675 632 politici
695 560 873 633 episcopan,
896 571 914 616 e
934 553 1080 616 sententia
1094 554 1122 586 ⁴⁸
1146 552 1302 635 Cypriaui3
1332 555 1383 616 uni
1405 552 1487 617 altari

94 663 280 746 singolorum
302 664 508 745 episcoporum
531 668 718 745 memento,
739 664 789 727 uni
811 662 852 725 illi
875 662 938 725 urbi
963 660 1240 744 hierosolymitanae
1262 660 1412 743 quaelibet
1432 677 1487 743 per

97 773 202 838 orbem
225 771 302 835 orda
324 774 354 835 ln
374 790 432 854 qua
453 773 549 835 nisum
571 780 653 837 esset
673 773 810 835 constitui
830 778 1021 853 episcopam,
1043 773 1108 833 unis
1131 770 1188 834 illis
1210 772 1307 854 gentis
1329 772 1486 835 universae

97 882 294 946 conventibus
321 882 412 946 tribus
438 882 495 946 illis
524 882 733 946 anniversariis
754 881 836 947 lestis
859 877 1012 958 Paschae,
1035 878 1234 945 Penteeoatea
1257 888 1345 964 atquo
1371 879 1487 946 Tader-

96 991 278 1056 aoeaiornm
300 992 497 1073 celebrandis,
519 991 713 1055 ecclesiarum
735 990 916 1073 singularum
931 998 1097 1054 concentor
1112 991 1216 1054 iisdem
1238 991 1295 1054 illis
1315 990 1398 1055 lestis
1419 1010 1487 1054 oum

98 1120 155 1166 suo
178 1104 320 1185 omnaque
341 1103 516 1185 cpiscopo.“

206 1211 308 1275 Paucis
329 1211 436 1275 deinde
458 1212 636 1293 interiectis,
664 1212 743 1275 addit
755 1214 805 1273 ⁴¹:
839 1211 932 1291 „Cum
953 1210 1150 1296 singularum
1171 1213 1270 1293 itaque
1291 1212 1486 1276 ecclesiarum

98 1328 198 1405 typum
220 1322 351 1404 gesserit
371 1321 419 1384 illa
443 1322 608 1386 servatoris
630 1322 749 1400 mmor,
773 1321 907 1384 videmus
927 1323 1015 1384 etiam
1039 1340 1125 1404 mam
1142 1329 1208 1404 apte
1229 1328 1323 1384 anian
1340 1322 1489 1386 dumtaxat

97 1433 323 1512 dispensatoria
345 1429 420 1495 lacta
435 1432 473 1494 sit
494 1432 613 1511 mentio,
636 1433 684 1514 qui
699 1430 778 1494 idem
798 1429 895 1493 fuerat
915 1436 1009 1493 anina
1023 1438 1108 1514 typus
1129 1438 1268 1512 episcopt.
1312 1430 1348 1493 Et
1368 1432 1487 1514 quidem

98 1562 135 1605 ea
160 1541 208 1605 vel
229 1544 293 1624 ipsa
315 1543 389 1606 ratio
411 1541 449 1605 dc
468 1538 600 1625 rapoto
622 1540 680 1604 hoc
702 1539 839 1604 ecclesiia
861 1538 1083 1623 intelligendum
1104 1540 1224 1620 suadet,
1247 1541 1409 1623 quodcum
1430 1540 1488 1604 hoc

95 1652 125 1715 in
147 1652 236 1731 looo,
270 1652 300 1714 in
322 1668 381 1733 quo
402 1652 567 1714 sententiaa
601 1651 658 1714 iam
692 1650 782 1733 uulgo
812 1649 967 1723 obtinenti,
998 1649 1036 1712 de
1065 1657 1159 1713 amieo
1179 1650 1325 1715 dumtaxat
1357 1650 1488 1717 ecclesio

92 1760 193 1824 futura
223 1762 433 1843 οἰκονομικῶς
467 1759 645 1843 gratificatus
675 1768 722 1823 est
749 1758 906 1840 Dominus,
939 1766 1034 1822 anius
1062 1759 1210 1824 dumtaxat
1231 1763 1358 1825 occurrit
1378 1764 1488 1825 montio

95 1870 340 1951 dimaeaaatoria3
363 1878 465 1953 postea
487 1888 554 1933 oum
576 1870 614 1935 do
629 1870 786 1954 evangelio
806 1888 862 1952 per
883 1868 986 1933 orbem
1001 1869 1221 1933 disseminando
1243 1872 1371 1951 apertius
1385 1872 1488 1953 loque·

98 1988 193 2059 retur,
214 1989 245 2044 nt
264 1980 388 2063 proinde
404 1978 510 2060 piures
533 1982 591 2044 iam
614 1990 714 2045 essent
736 1980 843 2043 mmor
865 1980 928 2042 sive
952 1976 1101 2043 ecelesiae
1120 1979 1350 2061 constituendae,
1372 1981 1489 2044 undem

94 2088 205 2170 piures
230 2089 266 2152 ab
294 2107 332 2153 eo
360 2090 509 2153 constituti
538 2099 604 2153 sunt
632 2090 878 2171 dispensatores,
905 2106 971 2152 cum
992 2089 1070 2152 nulla
1091 2090 1140 2153 vel
1163 2091 1280 2154 minima
1302 2097 1490 2170 imparitatis

98 2206 177 2262 nota.
210 2198 336 2263 Omnino
350 2200 448 2262 omnia
463 2199 500 2263 ad
515 2207 645 2263 mentem
660 2199 835 2283 Cypriaai⁴'
851 2198 1167 2262 accommodatissime.
1212 2200 1395 2282 Sequebatur
1409 2202 1488 2264 enim

97 2306 295 2392 impuleram
323 2307 517 2371 eeclesiarum
540 2315 741 2373 concresse
768 2328 807 2372 ex
826 2308 943 2372 Domini
967 2310 1144 2372 institutione
1178 2310 1398 2393 dispensatores
1427 2312 1490 2393 epi-

96 2401 217 2501 scopos.
232 2417 417 2500 Sequebatur
428 2420 515 2481 etiam
527 2416 677 2482 ecciesiae
690 2415 861 2482 catholicae
872 2417 1052 2499 praelectum
1063 2426 1271 2499 episcopcrum
1279 2423 1308 2455 ⁴⁹
1321 2418 1490 2504 eoiieqtam.

100 2529 144 2592 llli
175 2547 281 2611 nempe
311 2535 434 2608 parium
466 2528 522 2591 sibl
553 2530 680 2592 invicem
709 2529 910 2610 apostolorum
939 2528 1068 2610 collegio
1102 2529 1254 2610 respondit
1286 2532 1437 2613 antitppon
1461 2532 1491 2593 in

98 2638 257 2702 ocdtnomo
278 2637 424 2702 ecclesiae
449 2639 596 2721 regimine
618 2637 776 2720 collegium
801 2640 1026 2721 episcoporum,
1059 2640 1190 2721 ipsorum
1212 2658 1330 2723 quoque
1358 2642 1435 2703 inter
1456 2658 1490 2703 se

94 2756 244 2831 partam,
278 2749 329 2830 qui
362 2747 559 2831 eloquiorum
588 2755 691 2812 essent
719 2749 913 2812 eeclesiarum
941 2748 1161 2830 dispensatores
1192 2758 1324 2832 rammi,
1361 2757 1391 2813 et
1422 2749 1492 2811 nulli

98 2859 246 2922 hnmanae
274 2858 409 2939 potestati
436 2855 566 2921 obnoxii.
609 2858 681 2921 unm
702 2867 799 2923 autem
821 2880 916 2926 anam
937 2858 1084 2922 dumtaxat
1103 2857 1261 2942 scandiam
1281 2860 1494 2922 constituerent

97 2968 248 3052 apostoli,
282 2968 403 3050 reliqui,
433 2977 559 3051 excepto
580 2969 800 3051 dispensatore,
832 2987 886 3050 pro
905 2975 1036 3047 privatin
1063 2966 1190 3031 habendi
1214 2977 1314 3048 erant,
1346 2976 1378 3031 ut
1405 2968 1492 3049 plane

99 3077 172 3142 nihil
194 3077 279 3141 iaciat
309 3078 379 3142 illud
399 3079 563 3163 symbolum
595 3079 633 3142 ad
661 3100 757 3142 anum
778 3086 949 3160 episcopum
970 3079 1090 3161 reliquis
1120 3098 1174 3161 per
1204 3078 1306 3141 orbem
1337 3085 1492 3140 automata

101 3187 367 3271 praeficiendum.“

213 3297 310 3370 Ouare
332 3297 503 3380 allegoriam
521 3297 702 3362 lirndamenti
723 3298 769 3361 his
784 3297 883 3362 verbis
897 3301 924 3332 ⁵⁰
949 3316 1089 3363 enomere
1104 3300 1215 3382 pergit:
1238 3298 1491 3380 „Observandum

92 3426 164 3471 non
179 3408 301 3471 ionem
320 3407 369 3470 hic
390 3408 513 3491 intelligi
529 3426 753 3491 quamcumque,
777 3408 829 3471 sed
842 3405 996 3488 pardiieam
1011 3409 1159 3472 dumuxat
1174 3416 1204 3472 et
1224 3415 1375 3485 ranetam,
1401 3426 1493 3490 qnae·

101 3535 163 3600 qne
186 3515 261 3581 adeo
283 3517 303 3579 Ι.
325 3535 379 3599 pro
402 3516 513 3597 umpio
533 3525 613 3581 esset
633 3517 776 3581 habenda.
819 3517 883 3581 Neo
912 3519 990 3581 enim
1013 3516 1080 3581 alibi
1109 3518 1244 3581 solebant
1272 3518 1375 3581 haberi
1395 3502 1493 3601 populi

101 3635 287 3708 conamina,
320 3645 395 3710 quos
424 3625 589 3703 ἐκκλησίας
614 3635 729 3690 venunt
757 3627 869 3690 LXXll.
892 3627 1086 3710 interpretes,
1116 3646 1190 3709 quos
1213 3628 1422 3691 vocabulorum
1443 3646 1493 3690 ee

100 3737 215 3801 elesiae
243 3736 449 3800 technicorum
475 3744 612 3801 auctores
639 3737 730 3801 luisse
764 3738 900 3800 diximus.
950 3736 993 3799 Eo
1022 3738 1155 3800 nimirum
1182 3740 1353 3821 respexisse
1381 3738 1496 3800 videtur

101 3848 256 3922 Dominus,
277 3848 356 3930 quod
371 3847 408 3911 de
422 3847 532 3912 ilessia
546 3828 763 3928 praediolum³¹
779 3837 883 3930 esset,
902 3846 967 3911 lore
981 3855 1012 3910 ut
1027 3846 1244 3929 reaedificaret
1258 3846 1494 3912 tabernac-aiam

104 3956 210 4022 Danti
230 3957 310 4037 quod
330 3958 449 4035 decidii,
473 3965 503 4021 ei
524 3957 630 4021 diruta
651 3964 717 4019 eina
739 3955 963 4038 reaedificaret,
986 3966 1015 4020 ei
1036 3963 1167 4042 erigeret
1188 3956 1274 4021 ettad
1320 3958 1398 4022 Haeo
1414 3967 1495 4021 certe

102 4160 212 4231 ierunt,
246 4174 325 4230 mam
358 4158 430 4230 quod
466 4157 594 4214 catholici
628 4158 776 4230 affirmant,
827 4159 864 4214 sit
884 4158 1010 4231 Cypriani
1031 4158 1167 4232 doctrina,
1189 4160 1373 4231 praehabitum
1395 4161 1496 4218 ideireo

102 4264 226 4335 regimen
252 4263 384 4320 ecelesiae
404 4263 503 4320 Christi
523 4264 557 4320 ad
579 4281 656 4321 annm
685 4279 777 4336 cupre·
827 4264 910 4321 luisse
935 4264 1055 4337 Petram,
1087 4271 1117 4320 nt
1144 4265 1203 4321 lons
1231 4272 1304 4322 esset
1331 4284 1363 4324 ae
1389 4268 1498 4324 visibile

103 4384 176 4426 annm
195 4368 408 4442 dispensatorem
429 4358 576 4427 rovocari?
828 4371 984 4444 principium
1004 4370 1155 4427 catholicae
1176 4372 1295 4429 uniatis.

170 4475 216 4550 ⁴⁶)
235 4476 275 4534 lle
295 4476 428 4533 sectanti!
448 4476 575 4550 cypriani
596 4476 649 4532 5⁸¹³
670 4476 776 4547 ‘W’
893 4511 938 4586 ⁸⁹)
957 4511 1006 4567 llis
1026 4511 1184 4584 exprimitur
1205 4514 1371 4585 anglicanum
1381 4513 1498 4586 dogma,

103 4580 164 4655 ΡΜ
178 4580 271 4656 ‘ml‘
292 4582 378 4655 dm
399 4599 430 4639 θ’
450 4582 538 4640 *idm
557 4588 694 4656 'mmm
713 4598 778 4656 Μ’
829 4633 883 4692 quo
904 4617 1036 4675 acclesiae
1062 4618 1259 4677 administratio
1285 4621 1325 4677 od
1344 4621 1500 4676 micoru-

102 4695 167 4745 snnt
186 4703 255 4760 quaa
276 4688 304 4744 in
324 4688 492 4762 praelatione
506 4690 542 4747 ad
556 4689 674 4746 eiusdem
694 4703 777 4762 opera

102 4794 240 4851 mannans
254 4794 345 4851 aditor
357 4793 515 4852 Prudentius
529 4796 652 4853 llaraans
672 4793 777 4852 scribit.

169 4899 214 4974 aa)
235 4899 304 4955 Μ
326 4899 354 4971 ς.
376 4899 441 4957 m
897 4868 942 4941 θ’)
963 4865 1031 4923 tuin.
1055 4864 1082 4936 s.
1103 4863 1180 4921 xtlt.

830 4728 899 4783 nam
918 4730 1069 4782 revocatur.

171 5005 216 5080 ⁴⁸)
243 5006 436 5081 Praeposiare,
462 5024 540 5080 quum
562 5006 777 5080 exploratissima
898 5006 943 5075 ⁵¹)
963 5006 1024 5063 Aoi·
1045 5004 1102 5060 XV.
1124 5003 1169 5060 ld.

154 5128 472 5182 ena-aaa.eaanmaaa·.
1234 5106 1283 5181 28
