3324 5382
205 254 267 317 aad
694 252 826 323 mesu
867 252 1101 323 amaneus

204 441 271 486 cum
292 424 372 485 omni
390 424 569 504 competenti
588 422 746 487 devotione
768 425 944 506 defendere,
971 435 1000 490 et
1022 427 1203 510 mpetum
1221 436 1366 510 propriae
1384 436 1596 495 commotionis
1641 416 1642 431 .

204 531 292 595 beato
314 531 400 595 Petro
419 532 551 614 apostole
575 534 794 616 intemeratam,
832 543 863 599 et
889 537 918 598 in
947 538 1055 599 nostris
1085 538 1172 599 etiam
1195 538 1374 619 temporibus
1392 556 1596 603 conservatae

205 647 357 719 quatenns
389 641 576 705 beatissimus
607 660 748 707 romanae
776 645 899 708 civitatis
926 647 1084 728 episeopus
1121 650 1235 727 (utpote
1260 645 1336 710 Petri
1363 649 1394 711 in
1422 651 1597 712 auctoritate
1641 694 1642 725 ,

205 756 393 831 successor),
416 753 464 813 cui
482 757 690 831 principatum
711 753 878 816 sacerdotii
898 775 993 833 saper
1013 775 1124 819 omnes.
1141 756 1296 837 antiquatas
1322 757 1460 838 contulit,
1498 758 1596 821 lecum

204 859 311 924 babeat
332 869 362 924 et
383 860 548 924 iacultmem
573 862 610 924 de
626 860 693 943 fide
714 870 744 925 et
765 861 978 927 sacerdotibus
1019 864 1183 928 iudicare.“

310 969 484 1035 Posterioris
505 990 578 1034 vero
600 980 703 1034 auctor
723 980 769 1034 est
789 970 947 1053 Damasus,
983 974 1034 1054 qui
1061 974 1219 1037 orientales
1248 975 1403 1055 episcopos
1431 975 1462 1037 in
1492 975 1596 1039 litteris

205 1079 242 1143 ad
257 1097 311 1143 ees
326 1080 408 1161 datis,
432 1082 525 1144 ita¹¹⁷
549 1083 674 1162 primum
692 1080 810 1144 ellatur:
832 1082 938 1164 „Quod
960 1080 1087 1146 debitam
1109 1082 1289 1164 apostolicae
1310 1083 1375 1146 sedi
1395 1087 1598 1147 reverentiam

205 1188 323 1252 exhibet
344 1193 449 1253 carius
470 1198 582 1269 vestre,
618 1192 648 1253 in
678 1209 716 1253 ee
745 1191 829 1254 vebis
856 1193 926 1273 ipsis
953 1190 1108 1272 plurimum
1130 1194 1301 1273 praestatis,
1332 1191 1397 1274 fitia·
1418 1196 1598 1258 carissimi.“

205 1298 278 1361 'lum
301 1317 360 1362 nen
382 1301 447 1363 sine
468 1299 555 1362 laude
577 1299 738 1362 modestiae
760 1300 873 1364 subdit:
907 1300 989 1381 „Etsi
1009 1303 1088 1364 enim
1110 1303 1140 1364 in
1168 1284 1268 1365 sandta
1296 1302 1442 1385 ecclesia,
1478 1306 1512 1367 in
1541 1323 1599 1385 qus

175 1402 323 1472 'moetus
354 1408 504 1491 apostolus
535 1410 648 1472 sedens
674 1410 788 1489 docuit,
824 1411 911 1474 decet
949 1429 1004 1475 nes
1033 1418 1199 1490 praecipue
1228 1411 1447 1490 qnmommodo
1473 1412 1598 1477 atem

204 1526 322 1598 tenere,
359 1536 448 1600 quem
469 1519 635 1601 regendam
662 1521 861 1602 suscepimus,
897 1528 996 1584 amen
1025 1520 1083 1584 bec
1111 1520 1225 1584 benere
1253 1521 1410 1586 interiores
1437 1541 1496 1586 nos
1528 1541 1599 1586 esse
1641 1560 1642 1567 ι

203 1627 402 1709 profitemur.“
432 1627 504 1691 Puto
517 1637 615 1693 autem
630 1631 778 1693 neminem
794 1628 869 1692 adeo
883 1647 1057 1710 perversum
1071 1630 1198 1693 interam
1213 1631 1403 1713 interpretem
1418 1634 1469 1713 qui
1483 1632 1598 1695 indicias

203 1740 247 1800 ire
268 1739 356 1818 euasit,
392 1737 440 1801 vel
460 1739 578 1820 plenam
605 1739 689 1802 hisee
710 1739 789 1802 Petri
818 1742 1019 1804 auctoritatem
1047 1740 1182 1821 ostendi,
1218 1740 1266 1803 vel
1293 1760 1360 1804 eam
1389 1749 1421 1804 ιιι
1453 1743 1598 1805 consortii

204 1855 366 1928 expertem,
388 1866 424 1913 ac
445 1846 515 1911 nulli
536 1857 690 1929 praeterea
712 1867 885 1913 concessam
908 1850 1046 1915 describi.

314 1963 381 2020 ide:
424 1958 509 2030 Quod
531 1959 650 2040 quidem
671 1966 702 2022 ut
723 1959 928 2023 vehementius
950 1959 1112 2035 inculcent,
1145 1965 1174 2021 et
1196 1958 1293 2040 quoad
1316 1961 1379 2023 eius
1400 1958 1465 2023 beri
1488 1968 1598 2041 potest,

203 2068 367 2131 evidentius
383 2068 548 2150 explanent,
571 2068 626 2130 alia
648 2076 745 2150 patres
768 2067 873 2132 simiba
894 2069 1051 2149 cumulant,
1072 2087 1108 2130 ae
1130 2067 1218 2130 mode
1236 2066 1313 2131 Petri
1334 2067 1508 2131 cathedram
1531 2087 1597 2131 eum

203 2179 347 2260 Cypriane
360 2183 364 2210 ¹
377 2183 402 2213 ¹⁸
437 2187 543 2242 vocant
574 2180 709 2243 radicem
741 2186 829 2260 atque
860 2184 1037 2254 matricem,
1073 2184 1103 2240 et
1130 2176 1218 2239 medo
1248 2196 1316 2240 eum
1347 2177 1522 2241 Innocentio
1542 2178 1595 2245 ¹¹⁹.

202 2287 424 2365 Bonilacie¹²⁰‚
460 2288 559 2351 Felice
583 2288 620 2351 lll
636 2292 698 2367 ¹²¹,
734 2288 887 2370 gallicanis
921 2288 1136 2369 episcopis¹²²,
1174 2285 1371 2367 africanisque
1402 2285 1539 2349 conciliis
1553 2289 1595 2320 ¹²⁸
1641 2278 1642 2323 l

205 2396 283 2460 illam
304 2397 385 2460 titulo
399 2396 563 2481 fontisque
589 2399 783 2481 appellatione
809 2396 1011 2461 cohonestent
1053 2397 1185 2479 Egregia
1205 2403 1272 2458 sunt
1291 2414 1366 2476 quae
1387 2394 1539 2461 habentur
1553 2400 1594 2430 ¹²⁴

204 2509 233 2568 in
255 2507 377 2588 epistola
397 2510 483 2571 trium
505 2507 705 2582 conciliorum,
728 2507 896 2586 Numidiae,
919 2506 1092 2589 Byzacenae
1115 2514 1145 2570 et
1163 2504 1352 2569 Mandmmse
1373 2504 1450 2568 lecta
1470 2505 1502 2567 in
1525 2506 1598 2569 latev

202 2619 323 2679 ranensi
343 2618 457 2699 spnode
480 2617 535 2681 sub
556 2617 680 2680 blentina
697 2618 724 2697 l,
748 2635 895 2699 quamque
915 2625 1014 2697 patres
1032 2616 1078 2681 bis
1101 2614 1199 2678 sorbis
1221 2616 1422 2697 auspicantur:
1445 2613 1596 2695 „Domine

203 2725 383 2809 beatissimo,
406 2728 567 2808 apostolico
590 2725 908 2803 colmanesnbtimme,
931 2733 1035 2789 saneto
1053 2732 1140 2804 patra·
1158 2733 1285 2804 patrum
1306 2723 1465 2787 'lbeedere
1492 2743 1597 2807 papae,
1641 2720 1642 2737 ¹

204 2845 234 2899 et
255 2859 373 2900 summo
395 2839 524 2901 omnium
545 2837 713 2920 praesulum
734 2835 892 2918 pontifici.“
928 2834 991 2899 lieo
1013 2836 1090 2898 enim
1109 2835 1278 2917 praestituto
1297 2835 1429 2914 exordio,
1451 2833 1597 2897 subdunt:

203 2947 360 3029 „Antiquis
381 2947 494 3029 regulis
515 2948 657 3011 sancitum
682 2953 743 3027 est,
781 2954 811 3009 ut
839 2946 988 3026 quidquid
1007 2946 1141 3028 quamvis
1161 2945 1192 3007 in
1210 2945 1331 3007 remotis
1353 2944 1402 3006 vel
1423 2944 1596 3027 longinquis

202 3059 304 3138 positis
326 3064 467 3138 ageretur
487 3058 659 3138 provinciis,
696 3074 755 3118 non
782 3055 863 3136 prius
892 3056 1072 3119 tractandum
1093 3054 1144 3117 ael
1164 3054 1366 3135 accipiendum
1387 3055 1438 3134 sit,
1478 3056 1539 3117 nisi
1559 3055 1595 3118 ad

203 3169 333 3229 notitiam
355 3166 450 3229 almae
473 3167 553 3229 sedis
575 3174 692 3231 vestrae
714 3165 818 3229 suisset
835 3163 1006 3243 deductum,
1042 3173 1076 3228 at
1098 3162 1191 3233 butas
1212 3171 1398 3228 auctoritate
1418 3165 1496 3227 iusta
1519 3183 1595 3246 qnare

203 3275 307 3338 luisset
326 3277 529 3356 pronunciatio
547 3274 750 3357 firmaretur,
785 3275 913 3355 indeque
941 3281 1092 3339 sumerent
1120 3282 1242 3337 ceterae
1269 3273 1417 3338 ccclesiae
1444 3272 1532 3336 aetat
1557 3274 1595 3335 dc

202 3383 303 3446 anteit
321 3407 379 3447 aaa
394 3385 485 3468 fonte
505 3387 731 3467 praedicationis
752 3384 915 3463 exordium,
937 3390 968 3446 et
990 3402 1044 3464 per
1065 3384 1197 3449 diuersas
1218 3385 1304 3447 muas
1326 3383 1427 3446 mundi
1447 3384 1594 3465 regiones

203 3495 334 3574 puritatis
354 3497 542 3576 incorruptae
564 3502 700 3558 maneant
720 3493 789 3557 fidei
806 3500 991 3557 sacramenta
1011 3492 1142 3554 salutis.“

313 3610 380 3666 rol.
424 3604 460 3666 Ut
475 3622 545 3667 vero
560 3605 636 3669 bano
649 3603 756 3688 sontis
770 3604 943 3686 allegoriam
959 3602 1122 3684 expoliant,
1145 3601 1366 3683 subiectomque
1382 3602 1480 3665 eidem
1496 3603 1595 3685 signi-
1641 3614 1642 3617 ’

201 3713 365 3777 bontionem
389 3714 569 3777 enucleatius
590 3723 687 3795 patres
706 3716 885 3793 edisserant,
908 3714 990 3776 initio
1010 3712 1257 3776 animadvertunt:
1295 3708 1389 3777 Petri
1409 3708 1594 3775 catdedrn

201 3847 271 3886 cane
291 3822 458 3888 catholicae
484 3831 617 3903 requiem
643 3830 876 3897 commentante,
910 3843 948 3884 aa
976 3821 1113 3887 eamdem
1143 3826 1333 3883 tutissimum
1356 3828 1492 3899 portum
1539 3822 1590 3885 llis

202 3952 328 4016 namque
352 3935 450 3998 verbis
472 3935 510 3998 dc
530 3935 692 3999 Athanasio
715 3933 953 3998 Caelestinus¹²⁶
977 3932 1093 3996 scribit:
1130 3930 1279 4013 „Eugatus
1300 3929 1394 4010 illinc,
1429 3931 1461 3993 in
1481 3933 1594 3995 nostris
1641 3984 1642 3997 .

267 4146 326 4219 ¹¹⁷)
347 4146 523 4205 Praetermitti
541 4162 594 4203 nou
609 4146 703 4220 debet,
725 4144 869 4202 orientales
984 4143 1043 4217 ΙΝ)
1065 4141 1150 4216 Epist
1171 4142 1302 4216 spaodica
1323 4142 1357 4198 ad
1380 4140 1495 4199 Leonem
1520 4142 1542 4198 b

202 4252 508 4324 epiecopoaabamaso
526 4254 649 4325 filioram
668 4253 776 4311 nomine
795 4267 869 4308 corn·
984 4248 1045 4323 ¹²³)
1073 4248 1112 4304 Gi.
1133 4248 1210 4305 datas
1235 4248 1269 4306 ad
1295 4247 1521 4305 InnocentinmL
1546 4249 1591 4306 lit·

201 4357 303 4430 pellari.
920 4360 1004 4429 teras,
1031 4355 1147 4428 itemque
1168 4370 1228 4429 cas,
1256 4370 1321 4427 quas
1341 4370 1357 4410 e
1377 4353 1521 4411 Sardiniae
1542 4372 1590 4412 ex·

918 4460 980 4518 silio
1002 4461 1036 4518 ad
1055 4460 1203 4518 Jobaueem
1224 4466 1251 4517 et
1267 4460 1410 4518 Veneriam
1431 4461 1575 4533 scripsere

982 4567 1043 4641 ¹²⁴)
1063 4567 1184 4647 Epistola
1204 4582 1301 4625 nomas
1318 4567 1437 4641 praefert
1449 4566 1586 4623 Theodod

917 4672 1067 4748 l’outitlcia,
1088 4673 1138 4730 scd
1151 4689 1184 4730 eo
1198 4675 1254 4731 aits
1268 4674 1373 4749 unam,
1394 4673 1431 4733 at
1442 4674 1587 4731 monn

918 4794 1102 4841 successorem
1123 4780 1242 4837 dotauit.

266 4490 325 4563 ¹¹⁸)
347 4488 420 4556 Quae
441 4490 492 4545 lino
512 4491 612 4547 iaciunt
632 4490 793 4565 testimonia,
815 4504 868 4545 uon

201 4594 284 4651 semel
304 4594 472 4668 protulimus.

265 4729 324 4805 ¹¹⁹)
345 4728 430 4803 Epist.
452 4728 485 4785 nd
507 4726 676 4784 milevitanos
697 4735 796 4802 patrea.

264 4864 323 4937 ¹³⁰)
345 4862 430 4935 Epist.
452 4861 521 4918 xlv.
981 4886 1040 4957 ¹²³)
1061 4884 1147 4959 Epist
1166 4888 1200 4944 ed
1218 4886 1322 4944 clemen
1335 4893 1363 4942 at
1377 4886 1504 4960 Populum
1520 4902 1582 4942 Μ·
1641 4938 1642 4957 1

264 4996 324 5069 ιι’)
344 4995 429 5068 Epist.
449 4995 507 5052 xtl.
913 4993 1059 5069 mimi·
1078 5011 1106 5052 ¹¹
1122 4995 1148 5051 ⁷·
