3358 5400
207 308 271 373 ²⁰8
728 305 861 376 ulnus
901 306 1068 376 burnus

207 473 337 537 Credidit
364 491 438 556 ergo
467 473 584 537 Petrum
611 475 808 556 antecellere,
835 495 871 541 ac
895 478 973 541 inter
999 476 1149 558 apostolos
1174 477 1306 559 reliquos
1332 478 1436 541 eximin
1460 476 1575 560 medam

214 583 355 666 dignitate
376 584 518 647 eminere.
1656 564 1659 687 i

314 698 383 755 2⁷2.
425 691 470 755 De
492 711 549 774 qua
563 693 643 757 Pauli
662 697 857 777 persuasione
879 694 968 758 multo
989 704 1056 760 suut
1069 694 1122 786 ⁸his
1136 696 1293 760 illustriora
1314 715 1389 778 quae
1410 699 1440 760 in
1460 695 1575 777 epistola

206 801 243 865 ad
267 801 382 865 Galatas
403 803 512 865 scribit
554 801 710 885 Postquam
731 806 810 871 enim
830 806 951 887 negant
966 807 1003 885 ¹¹,
1030 808 1168 869 continuo
1189 826 1206 870 a
1228 806 1323 870 divina
1349 806 1525 869 revelatione
1545 821 1575 866 se

205 909 441 994 Hierosolymam
467 914 607 995 venisse,
636 922 669 977 ut
695 913 808 977 electos
834 922 902 977 ante
931 933 966 977 se
993 914 1142 995 apostolos
1171 917 1308 980 conscios
1334 916 1410 979 illius
1436 914 1574 991 redderet,

206 1021 302 1084 subdit
317 1024 361 1083 ¹¹:
397 1013 528 1087 Ἔπειτα
554 1017 632 1104 perci
654 1025 703 1101 έτη
724 1024 796 1105 apios
818 1019 964 1100 ἀνῆλθον
990 1026 1036 1098 εἱς
1057 1023 1277 1107 Ἱεροσόλυμα,
1303 1026 1459 1106 ἱστορῆσαι
1475 1027 1499 1057 ¹¹
1520 1020 1577 1088 ils

205 1149 298 1210 τρον,
327 1129 381 1194 καὶ
399 1134 544 1214 ἐπέμεινα
565 1131 644 1213 πρὸς
665 1131 761 1196 αὑτὸν
781 1129 899 1214 ἡμέρας
921 1133 1106 1197 δεκαπέντε·
1134 1138 1240 1213 ἕτερον
1259 1132 1295 1197 δὲ
1318 1136 1383 1199 τοῖν
1403 1131 1577 1198 ἀποστόλων

207 1237 266 1303 otis
293 1235 380 1303 εἶδον
387 1285 397 1316 ,
427 1243 456 1302 εἱ
476 1235 519 1322 μὴ
538 1244 563 1275 ¹¹
592 1241 746 1328 Ἰάκωβον
771 1241 826 1307 τὸν
854 1241 997 1329 ἀδελφὸν
1015 1247 1039 1278 ¹¹
1069 1245 1126 1308 τοῦ
1149 1243 1269 1323 κυρὶον.
1311 1243 1425 1321 Deinde
1450 1243 1538 1307 tribus
1551 1245 1574 1277 ¹¹

208 1348 317 1432 elapsis
338 1351 423 1413 annis
439 1349 674 1436 Hierosolymam
689 1354 758 1416 veni
771 1352 888 1416 Petrum
907 1353 1054 1417 invisendi
1072 1356 1097 1387 ¹¹
1121 1355 1223 1435 gralia
1247 1361 1277 1417 et
1297 1354 1374 1436 apud
1396 1372 1463 1416 eum
1482 1351 1576 1415 diebus

272 1531 315 1608 ¹¹)
335 1531 392 1588 Gal.
412 1532 433 1589 1.
455 1531 502 1591 ll.
921 1535 975 1591 llec
995 1535 1088 1592 videre
1107 1551 1233 1610 possum,
1259 1551 1306 1591 cur
1326 1537 1423 1593 minori
1443 1537 1519 1592 horit
1537 1550 1577 1589 au·

274 1637 316 1712 ¹¹)
337 1636 406 1694 lhid.
426 1655 471 1695 vv.
494 1637 632 1696 18-20.
921 1642 1047 1697 ctoritate
1059 1641 1149 1698 l'etms
1164 1641 1222 1715 (qui
1233 1648 1321 1698 sutem
1332 1644 1375 1697 vir
1386 1631 1577 1716 quantusqucl),

271 1743 314 1819 ¹¹)
335 1744 460 1800 Heinsius
480 1745 507 1800 in
527 1744 656 1801 Exercitt
677 1746 768 1804 Sacris
791 1760 872 1802 occa·
920 1753 950 1801 ut
976 1763 1035 1802 cum
1062 1762 1097 1802 eo
1124 1763 1206 1818 apere
1231 1753 1259 1804 et
1286 1750 1454 1820 interrogare
1473 1748 1506 1804 ds
1525 1746 1577 1819 qui·

207 1849 286 1906 sione
306 1849 383 1905 huius
403 1851 536 1923 phraseos,
553 1851 662 1907 scribit:
703 1851 806 1925 „Nemo
826 1869 873 1908 ne·
922 1851 1033 1908 busdam
1071 1852 1207 1909 erubuerit
1239 1854 1462 1927 Apostolus....
1511 1852 1579 1923 Ergo

206 1956 258 2011 scit
270 1970 329 2030 eos,
344 1958 388 2029 qui
402 1955 508 2013 videndi
520 1957 609 2013 studio
622 1957 666 2014 vet
679 1959 870 2033 cognoscendi,
920 1952 1064 2032 ἱστορῆσαι
1093 1956 1217 2035 Πέτρον,
1253 1969 1285 2017 ut
1317 1961 1517 2035 interropurem
1547 1959 1579 2015 da

201 2056 269 2118 ioca
289 2061 387 2117 adeunt
404 2062 580 2138 lustrantque,
607 2063 724 2139 ἱστορεῖν
741 2056 806 2130 τούς
824 2055 871 2123 τό·
920 2062 1081 2137 ρνὶἱιιιιὶοτι
1100 2064 1225 2121 Pelorus:
1253 2072 1312 2149 aut,
1339 2074 1371 2123 ιιῖ
1394 2084 1504 2142 sperem
1522 2082 1578 2122 αισι

206 2183 290 2233 soor:
318 2174 396 2239 atque
423 2168 462 2223 ita
488 2184 602 2240 graecos
621 2170 705 2243 loqui.
746 2171 780 2227 Ut
805 2186 870 2228 vero
919 2168 1009 2228 Petro.
1050 2170 1155 2244 Optime
1174 2170 1337 2247 Hesychius,
1365 2172 1494 2248 iosopsb·
1520 2178 1581 2227 ιινν·

205 2266 322 2347 ἱστορεῖν
347 2263 437 2347 dopo
463 2274 566 2330 dicatur
591 2276 651 2350 qui,
683 2277 786 2333 visendi
813 2279 870 2336 eius
920 2265 1033 2346 θοίναν,
1054 2271 1169 2353 ἐρωτᾷν,
1189 2266 1351 2350 α’νακρὶνειν,
1372 2279 1490 2351 exponit.
1520 2276 1580 2333 Nan

206 2394 286 2434 musa
308 2384 354 2435 aut
372 2378 495 2454 videndi,
523 2397 582 2436 eum
603 2380 675 2456 adit,
701 2386 807 2453 graecis
827 2401 873 2440 au-
920 2396 969 2454 pro
989 2372 1061 2460 ὁρᾷν
1081 2396 1115 2437 eo
1130 2382 1212 2438 modo
1227 2389 1368 2456 usurpatur
1382 2401 1435 2456 quo
1450 2385 1501 2439 iam
1519 2382 1581 2453 dixi,

206 2483 289 2539 ribus
310 2492 337 2543 et
367 2501 469 2541 ιιοοινιι
497 2492 537 2542 est
567 2494 594 2544 et
618 2485 758 2544 οἱιοσιινι.
798 2488 873 2547 hicet
920 2503 999 2559 quum
1014 2488 1047 2542 de
1061 2487 1170 2543 urbibus
1185 2490 1274 2560 agitur
1287 2489 1415 2546 videlicet
1433 2484 1580 2547 autlocis.“

205 2605 317 2662 maguus
339 2590 559 2667 chrysostomus,
580 2609 660 2667 quum
681 2591 771 2650 ldeta
791 2597 872 2651 iuter·
978 2592 1104 2648 lamvero
1125 2593 1167 2648 sin
1189 2594 1274 2648 miuus
1294 2595 1409 2669 reliqua,
1431 2596 1495 2652 illud
1514 2599 1581 2651 certe

204 2703 323 2770 pretatus
344 2702 431 2771 esset,
461 2699 617 2755 satisfacere
637 2700 690 2756 sibi
711 2716 764 2757 non
785 2704 872 2774 potuit
920 2697 1170 2773 quadruplicari,
1198 2696 1343 2776 ἱστορῆσαι
1362 2700 1488 2779 Πέτρον,
1508 2700 1581 2757 licin-

206 2805 267 2876 quiu
295 2804 420 2878 adderet,
445 2800 589 2881 ἱστορῆσαι
608 2796 677 2881 γάρ,
705 2806 787 2882 φησί,
812 2806 871 2863 Πέ-
920 2805 974 2859 sius
995 2803 1143 2878 adnotavit,
1164 2805 1280 2878 probant
1299 2807 1580 2881 laudantqnellossue-
1658 2830 1659 2835 ν

202 2900 283 2984 spo's·
309 2907 357 2966 sul
383 2900 433 2966 οιὶκ
458 2904 546 2979 εἶπεν,
573 2908 638 2967 ideis
657 2909 783 2987 Πέτρον,
808 2903 869 2970 ἀλλ’
919 2915 962 2966 tus
981 2911 1008 2966 iu
1029 2910 1247 2967 meditationibus
1276 2915 1457 2989 evangelicis,
1483 2920 1509 2970 et
1526 2910 1581 2968 hal·
1658 2966 1659 2971 ,

202 3011 346 3092 ἱστορῆσαι
372 3015 496 3092 Πέτρον,
529 3005 649 3092 ὅπερόἱ
673 3009 726 3083 τοὶς
748 3009 871 3094 μεγάλας
918 3015 1037 3090 lucinius,
1050 3014 1091 3071 lle
1104 3017 1132 3071 vi
1147 3023 1174 3072 et
1188 3018 1443 3093 ratiouePrinatus,
1458 3016 1581 3100 capilli
1658 3068 1659 3099 ,

202 3112 295 3188 πόλεις
320 3119 367 3178 καὶ
391 3115 524 3196 λαμπρᾶς
543 3115 808 3197 καταμανθάνοντες
827 3122 870 3181 λέ·
919 3121 946 3194 i.
968 3121 989 3178 1.
1018 3139 1043 3177 u.
1067 3123 1114 3179 50.
1154 3123 1209 3179 Sed
1236 3140 1270 3179 ue
1290 3140 1343 3194 ego
1363 3127 1494 3200 accipiam
1513 3122 1582 3199 quud
1658 3198 1659 3211 ρ

202 3242 287 3302 γουσι
327 3227 388 3301 sis,
409 3224 554 3305 ἱστορῆσαι
573 3228 685 3304 Petrum,
706 3246 761 3287 uon
782 3239 869 3288 autem
908 3227 966 3284 >ille
986 3227 1076 3299 docet,
1098 3228 1167 3301 apud
1188 3244 1230 3284 me
1251 3229 1374 3287 obtinent
1393 3249 1462 3306 quas
1482 3231 1583 3289 Fische-
1658 3218 1659 3223 ¹

202 3334 304 3389 vidisse
323 3349 354 3389 se
375 3333 494 3409 Petrum,
521 3335 659 3408 quomodo
685 3338 729 3410 qni
758 3353 869 3409 magnas
919 3349 964 3388 rus
985 3334 1019 3391 de
1032 3333 1117 3390 verbu
1138 3333 1254 3410 ἱστορεῖν
1275 3336 1356 3392 multo
1377 3338 1525 3393 accuratius
1544 3334 1583 3390 di·

204 3437 409 3513 splendidasque
429 3441 541 3496 lustrant
561 3439 654 3515 urbes,
680 3441 752 3516 loqui
773 3443 868 3500 solent
918 3440 1051 3514 sputuvit,
1079 3446 1106 3495 et
1131 3439 1243 3514 losephi
1271 3444 1417 3499 auctoritas
1448 3442 1583 3500 scribentis

203 3543 255 3600 Ubi
289 3543 486 3601 distinctionem
513 3545 595 3601 habes
627 3564 705 3620 quam
727 3548 792 3605 dixi.
839 3550 869 3606 Si
918 3545 1099 3616 Archaeolop.
1120 3546 1168 3601 lib.
1187 3546 1257 3603 vlit.
1279 3564 1337 3621 cap.
1358 3547 1391 3604 11.
1412 3566 1440 3605 n.
1463 3552 1496 3606 5:
1516 3534 1583 3603 ἱστό-

201 3652 350 3705 noo·ventt
370 3656 457 3706 autem
478 3651 578 3725 aliquid
598 3659 627 3707 ut
647 3652 776 3729 disceret,
797 3661 869 3711 certe
919 3667 992 3727 ρησοι
1011 3642 1066 3726 γάρ
1089 3669 1150 3708 τινα
1170 3642 1337 3728 Ἐλεάζαρον
1355 3650 1411 3712 τῶν
1431 3644 1583 3730 ὁμοφύλων.
1658 3710 1659 3717 ,

202 3762 232 3812 ut
251 3756 285 3812 de
299 3754 456 3829 quibusdam
478 3773 536 3812 eum
551 3759 700 3815 consuleret
720 3759 762 3831 (id
782 3767 869 3816 autern
983 3757 1026 3831 ¹³)
1045 3758 1076 3813 Si
1096 3754 1125 3812 εἱ
1145 3750 1190 3833 μή
1211 3774 1259 3831 pru
1280 3762 1367 3816 nodva
1388 3760 1584 3832 significatione

203 3861 319 3936 ἱστορεῖν
345 3862 472 3936 dicitur),
503 3867 532 3918 ut
558 3862 592 3919 de
618 3865 739 3937 proiectu
766 3881 816 3922 suo
843 3867 869 3921 iu
919 3864 1071 3935 eceeptise,
1092 3877 1146 3920 uon
1160 3865 1336 3923 σέσινιοῖὶοο
1349 3874 1477 3943 sumatur,
1498 3865 1582 3939 palam
1658 3836 1659 3863 ¹

204 3968 326 4024 ecclesiis
347 3970 481 4025 conterret
500 3983 559 4024 cum
579 3984 613 4025 eo
633 3978 793 4045 speretque,
823 3988 870 4027 ve-
919 3974 976 4041 cst,
1004 3968 1135 4025 iacobum
1155 3970 1264 4027 fratrem
1283 3970 1390 4029 bomini
1417 3980 1445 4029 et
1465 3974 1584 4029 uiuum-

203 4074 260 4130 uire
289 4077 384 4147 potuit.
425 4074 504 4143 Quod
535 4079 563 4129 et
593 4073 680 4149 idem,
711 4093 788 4148 quern
817 4078 870 4132 iam
918 4074 1073 4145 lymitunum
1100 4077 1243 4133 antistitem
1270 4078 1339 4134 inter
1367 4078 1507 4151 apostolos
1526 4091 1585 4131 can-
1658 4076 1659 4095 ¹

203 4179 278 4254 disi,
300 4187 393 4236 auctor
412 4180 546 4253 praeclare
566 4180 713 4255 confirmat,
735 4199 813 4255 quum
836 4183 870 4238 ad
920 4180 1031 4237 seudum
1052 4196 1125 4237 esse.

203 4285 308 4343 Petrum
328 4288 436 4343 venisse
456 4303 516 4343 eum
536 4287 584 4360 ait,
604 4286 708 4343 uthct.
729 4287 800 4346 xxi
823 4288 868 4345 ts.
983 4286 1026 4360 ¹¹)
1044 4285 1085 4344 lle
1108 4287 1214 4342 lacobo
1243 4286 1325 4343 fratre
1349 4287 1458 4344 Domini
1485 4287 1584 4358 legesis

204 4392 274 4448 idem
302 4392 395 4448 Paulus
421 4392 455 4448 ad
474 4391 606 4448 iacobum
633 4392 752 4467 aliosque
779 4395 869 4450 venit:
919 4392 1043 4449 Coustitt.
1065 4393 1215 4466 Apostolic.
1236 4394 1282 4449 lib.
1302 4374 1429 4466 Vlscap.
1450 4392 1521 4448 xlv.

204 4497 250 4553 ubi
271 4498 375 4570 singula
395 4515 463 4571 quae
483 4498 552 4571 apud
573 4504 681 4573 pentes,
702 4506 731 4555 ut
750 4501 870 4556 minister
983 4500 1026 4575 ¹¹)
1046 4500 1162 4557 Detinire
1182 4498 1278 4573 nolim,
1307 4498 1376 4553 uude
1404 4498 1482 4553 trium
1504 4510 1586 4553 ιιιοο-

202 4602 268 4676 Ilei,
298 4603 411 4660 feliciter
436 4611 464 4660 et
489 4620 549 4661 cum
575 4620 704 4661 successu
730 4610 868 4679 gesserat,
917 4621 975 4660 rum
1001 4606 1104 4662 desumi
1135 4605 1238 4662 initium
1267 4604 1378 4679 debeat,
1414 4620 1445 4660 sn
1473 4619 1489 4659 e
1515 4601 1586 4658 Pauli

204 4709 323 4782 exponit
364 4708 454 4782 Neque
479 4710 532 4765 hoc
553 4711 650 4784 modo,
679 4710 728 4766 sed
749 4718 777 4767 ut
796 4717 869 4767 recte
918 4710 952 4766 ah
974 4711 1159 4783 hierosolyma
1183 4711 1318 4785 discessu,
1345 4709 1387 4765 vel
1408 4709 1532 4765 eredita
1552 4724 1585 4764 ex

202 4817 273 4875 idem
301 4817 507 4890 chrysostomus
534 4818 673 4893 observat,
702 4807 868 4894 σνμβοοὶειὶ-
917 4816 1019 4873 Arabia
1038 4816 1228 4875 Damascum..

203 4940 282 4991 oscor
310 4914 434 5001 α’νέχιτοιι
464 4914 566 4994 αντοῦ,
598 4923 740 4981 consilium
771 4923 868 4980 lacobi
983 4921 1331 4998 ¹¹)Benisminuslloppe
1352 4925 1476 4980 adhunc
1499 4920 1585 4978 locum

202 5032 310 5090 minime
324 5038 489 5111 asperuatur,
509 5034 565 5090 imo
584 5038 661 5108 paret
679 5039 707 5090 et
721 5031 867 5105 exequitur.
916 5036 1006 5087 nont:
1060 5029 1183 5104 „Petmur
1217 5032 1401 5106 apostolorum
1438 5029 1584 5104 principem
1657 4990 1659 5085 l
