3300 5402
625 232 771 301 carun
813 234 955 301 xxvu.
1415 235 1478 296 Sil

118 403 178 469 illos
195 404 229 468 ud
245 405 380 469 mitatem
399 404 587 488 redigerunt,
615 403 825 487 efficerentque
846 411 877 468 ut
905 404 1064 487 descriptio
1085 403 1228 485 cuiusqrre
1246 399 1394 465 eccleshe
1415 416 1478 465 om-

119 516 189 579 niun
207 517 305 597 optimu
325 515 401 579 haec
423 516 498 579 loret
511 518 552 595 ⁷⁸,
570 513 657 594 pleds
677 515 831 578 recaduti
850 515 1034 590 coadunato,
1056 520 1085 577 et
1104 519 1225 595 puatort
1242 533 1301 576 roo
1318 531 1403 596 pree
1423 513 1477 576 ud

116 621 247 701 tam
270 643 357 707 quarn
378 625 574 689 universalem
595 628 721 707 ipsemet
742 627 849 689 crearit
871 628 1036 706 primatem,
1063 626 1113 707 qui
1136 622 1332 686 universalem
1354 630 1476 705 regeret

115 733 263 813 eoelesirm,
284 734 423 816 illamque
443 741 574 798 οιιιιοιιι
582 733 693 820 sorno
714 735 802 798 veluti
822 735 974 815 imbueret,
998 735 1170 816 cunctisque
1185 740 1243 796 tam
1261 733 1366 796 odbus
1387 750 1475 813 οιιιιιι

111 843 259 923 pastoribus
287 846 495 908 necessitatem
522 863 589 908 eum
615 844 795 933 Hieronymo
811 849 837 879 ⁷⁷
868 845 1050 908 exclamandi
1068 845 1246 926 imponeret,
1273 862 1328 925 epo
1355 839 1475 904 nullum

103 958 225 1030 primm
253 959 316 1016 nisi
347 950 505 1016 cnutum
532 974 674 1033 separetis,
704 952 882 1017 beattiudini
911 963 998 1031 tuoe,
1026 955 1118 1029 idest,
1147 951 1352 1016 cotdedroe⁷⁸
1384 948 1476 1015 Patri

106 1068 488 1126 mememoratur.
523 1060 627 1142 Super
649 1060 735 1126 illuns
752 1066 873 1144 petram
894 1061 1090 1145 aedificatum
1111 1060 1271 1126 scelestum
1291 1068 1364 1124 aeto.
1398 1057 1472 1135 Qus·

105 1190 225 1251 rumpas
244 1180 340 1235 eastre
359 1169 439 1235 Ιιοιισ
459 1173 582 1236 domun
602 1193 717 1257 equum
738 1174 914 1249 consederit,
932 1172 1085 1257 musanus
1105 1181 1160 1236 est.
1204 1170 1243 1235 St
1261 1177 1331 1251 proto
1351 1178 1384 1233 to
1404 1167 1474 1233 Noe

102 1300 173 1343 eres
191 1302 250 1344 non
265 1279 370 1364 feerit
385 1284 423 1357 ⁷⁹,
443 1280 553 1362 pertlrtt
570 1326 649 1345 .....
693 1281 765 1345 Νοιι
779 1291 855 1345 ucat
882 1280 1022 1359 vitatem,
1046 1279 1205 1345 Malettrrnu
1226 1302 1346 1361 respuo,
1368 1288 1473 1365 lpum

102 1387 275 1454 Porolissum.
320 1388 510 1472 Quamque
532 1400 628 1456 tecum
655 1412 714 1456 ιιοιι
741 1390 866 1477 οοὶίιοιι,
894 1399 1031 1476 sporptt5
1059 1389 1113 1453 doc
1134 1400 1181 1454 eat
1201 1398 1255 1471 put
1277 1388 1393 1453 cnoro
1412 1411 1473 1453 non

100 1507 157 1575 est,
177 1498 365 1564 Anticdrlrtl
384 1512 439 1568 ert.

198 1616 269 1672 ³02.
311 1610 359 1674 Ad
379 1610 454 1674 lmec
477 1619 574 1674 autem
589 1613 732 1691 accessio,
755 1613 796 1674 uti
818 1611 951 1691 arbitror,
973 1610 1138 1674 evidentiae
1157 1609 1243 1692 plane
1265 1609 1390 1673 ιιιοιιίιιιο
1411 1609 1469 1690 liet,

98 1719 122 1780 ai
139 1723 267 1783 rationes
288 1739 328 1783 ex
348 1721 383 1783 iis
404 1720 527 1784 eductae
547 1723 722 1784 testimoniis
745 1720 850 1802 quibus
870 1722 1008 1784 institutio
1031 1723 1169 1802 primatus
1184 1718 1312 1799 effertur,
1334 1727 1395 1783 tuur
1415 1740 1473 1785 eae

97 1846 168 1908 puae
189 1846 229 1892 ex
250 1829 343 1903 insitis
365 1829 512 1893 ecclesiae
534 1829 649 1893 dotibus
670 1829 907 1912 proficiscuntur,
936 1848 995 1892 non
1017 1833 1136 1894 omnino
1155 1830 1352 1912 perfunctorie
1372 1832 1471 1893 consi-

95 1937 239 2002 derentur.
282 1937 318 2000 Ut
338 1939 417 2001 enim
439 1937 476 2002 de
497 1940 673 2003 testimoniis
692 1943 816 2021 primum
836 1940 940 2017 dicam,
962 1940 1009 2003 vel
1030 1940 1107 2004 nulla
1127 1939 1183 2003 illis
1205 1939 1379 2022 significatio
1400 1941 1469 2003 sub·

153 2109 197 2183 ⁷⁸)
220 2108 368 2182 Cyprianus
389 2111 466 2183 epist
486 2108 576 2165 LXIX.
597 2109 630 2165 sd
650 2110 758 2165 Floren-
806 2109 861 2167 buli
882 2110 1080 2167 attenderimus.
1120 2110 1224 2166 Etenim
1244 2110 1343 2166 usitata
1362 2110 1468 2182 graecis
1583 2096 1589 2103 ’

95 2216 156 2271 tium
177 2215 339 2289 lupianum,
365 2214 411 2269 ubi
434 2216 582 2291 concludit,
610 2216 757 2273 ecclesium
805 2216 947 2288 latinisque
968 2215 1087 2288 patribus
1112 2217 1237 2289 loquendi
1263 2217 1364 2291 lorma,
1392 2218 1468 2274 cuius

82 2338 150 2378 ¹esse
176 2324 206 2377 io
232 2323 378 2394 episeopo,
412 2321 454 2376 vel
481 2327 511 2376 nt
537 2322 653 2395 loquitur
677 2324 755 2396 epist
806 2329 888 2378 testes
909 2330 970 2378 sunt
990 2323 1095 2379 llnllnus
1109 2324 1136 2379 iu
1150 2323 1229 2396 epist.
1245 2322 1278 2378 ad
1293 2322 1465 2381 Gaudentium

94 2426 202 2501 llllVll,
227 2444 311 2500 super
331 2429 488 2502 episcopam
509 2430 646 2484 comtitui.
688 2428 756 2484 Con·
804 2431 921 2503 praefixo
943 2428 1086 2485 Clementis
1106 2429 1352 2503 Recoguitionibus,
1374 2428 1469 2489 Hiero·

99 2540 171 2589 sonat
184 2534 362 2605 Hieronymus
376 2533 465 2590 adver.
480 2532 659 2590 luciferianos
673 2533 754 2591 nal.
805 2552 898 2609 aymus
919 2535 953 2591 ad
967 2536 1056 2591 llattlt.
1071 2534 1164 2591 xxiii.
1179 2534 1207 2608 2,
1229 2541 1257 2591 et
1269 2535 1348 2607 epist.
1363 2534 1466 2593 xcvss.

97 2639 231 2711 iuquiens:
259 2639 378 2696 ecclesia
404 2646 495 2697 cutem
521 2658 577 2697 ποιι
603 2648 657 2710 ert,
685 2659 756 2715 puae
805 2643 839 2697 al.
857 2640 996 2698 LXlllllll.
1018 2640 1051 2697 sd
1070 2639 1280 2714 Pammachium,
1301 2640 1466 2714 Augustinus

94 2762 146 2802 ιιοο
166 2746 248 2802 ludet
267 2746 457 2815 sacerdotem,
479 2754 608 2803 consonat
628 2754 656 2804 et
672 2747 755 2818 Chry-
805 2744 1066 2821 epist.cv.n.16,
1094 2745 1248 2801 Bechiarius
1275 2746 1301 2802 in
1330 2746 1465 2820 Apologia

94 2859 229 2908 sostomus
259 2853 337 2924 epist.
358 2851 403 2908 lll.
437 2853 471 2908 ad
498 2852 679 2926 Olympiadem
712 2854 755 2909 his
805 2854 984 2909 alluratorio
1004 2852 1075 2908 editu
1102 2851 1176 2907 Toni.
1197 2850 1229 2906 ll.
1255 2851 1464 2928 dnecdotorum,

94 2959 199 3015 verbis:
224 2975 282 3015 ποιι
301 2961 379 3017 cuim
395 2976 454 3016 esre
474 2961 592 3017 ecclesie
611 2961 671 3017 rios
691 2962 754 3034 epi·
779 2956 784 2965 ”
804 2959 956 3031 Fulgentius
985 2959 1011 3014 ln
1037 2957 1084 3014 lil).
1110 2957 1143 3013 de
1170 2956 1262 3013 Trinit.
1292 2957 1325 3011 ad
1352 2958 1465 3014 Felicem

91 3081 173 3140 acopo
189 3073 288 3140 potest.
320 3065 398 3133 Quod
415 3067 601 3138 gravissimum
618 3066 754 3122 doctrinae
804 3066 936 3139 nolanum,
958 3064 1102 3135 Gregorius
1116 3063 1267 3120 turonensis
1281 3062 1349 3119 illst
1364 3064 1409 3120 tib.
1421 3064 1465 3120 lll.

91 3179 168 3246 caput
181 3171 337 3245 iampridem
351 3171 495 3227 tradiderat
505 3172 624 3243 lgnrtlns
638 3172 665 3227 ln
675 3173 753 3243 epist.
805 3188 862 3243 cap.
877 3171 897 3243 l,
919 3171 1046 3227 Sidonius
1060 3168 1157 3242 Epistt.
1178 3168 1224 3224 llb.
1239 3168 1284 3224 lx.
1304 3169 1383 3242 eplst.
1395 3169 1465 3244 llVl,

90 3277 123 3333 ad
133 3278 322 3349 llrgnesirnos
337 3278 471 3334 scribens:
492 3269 671 3347 Σποοοοίζπι
684 3271 754 3333 ποίν-
804 3278 894 3350 graeci
906 3278 1065 3349 interpretes
1077 3275 1110 3330 ad
1120 3274 1347 3349 llatth.lllllll.2,
1358 3275 1464 3332 nomina

89 3402 126 3440 ror
144 3374 293 3457 πράσσειν,
312 3384 530 3459 προκαθημένου
541 3376 592 3441 τοῦ
604 3374 755 3441 ἐπισκόπου
803 3380 945 3457 aodddpo,
964 3374 1082 3457 θρόνος,
1103 3382 1251 3453 ectdedru,
1272 3381 1398 3453 ιΙιποιισι,
1419 3400 1465 3441 re·

87 3488 125 3555 alr
143 3482 233 3546 τόποι
251 3484 337 3558 θεοῦ,
363 3487 410 3545 καὶ
429 3486 485 3547 reia
511 3488 699 3566 προσβιπέρωο
718 3488 755 3555 alc
804 3491 868 3561 des,
892 3471 1052 3561 potestatem
1074 3488 1214 3559 designant
1234 3490 1395 3562 magisterii,
1416 3491 1467 3547 do·

87 3593 179 3652 sinor
194 3592 333 3669 medulco
345 3589 401 3651 τοῖο
414 3585 586 3664 ἀποστόλων,
606 3594 653 3652 καὶ
668 3595 754 3669 (qood
804 3596 965 3667 ctrinamque
985 3585 1156 3658 oddmrsoic
1174 3593 1306 3650 traditam.
1343 3594 1399 3650 llec
1419 3596 1469 3650 ml·

90 3702 205 3757 incisum
217 3700 463 3758 deestineditione
473 3703 587 3776 syriaca,
601 3702 756 3776 quamWil·
804 3719 877 3775 rum,
905 3718 983 3774 quum
1011 3701 1078 3756 llaec
1104 3702 1141 3755 sit
1168 3701 1303 3773 ipsissima
1330 3706 1464 3772 potestas,

88 3807 152 3862 liam
168 3805 283 3863 Cureton
303 3806 451 3880 publicavit
468 3806 588 3884 Londini,
611 3826 651 3865 an.
670 3807 754 3866 1845.
803 3807 894 3863 llatth.
906 3806 999 3863 xxllt.
1012 3807 1040 3880 2,
1061 3800 1305 3879 interpellemur
1324 3802 1467 3881 καθέδρας

89 3912 213 3969 Ceterum
234 3912 267 3969 de
288 3912 338 3967 luae
358 3913 474 3969 editione
500 3915 592 3970 couier
618 3930 688 3987 qnae
707 3915 755 3970 lra-
804 3904 941 3969 ἐκάθισαν
967 3912 993 3969 οἱ
1016 3919 1201 3987 γραμματεῖς,
1234 3929 1285 3984 qua
1316 3910 1467 3969 cutltedrue

89 4019 136 4074 bet
167 4017 200 4072 cl.
231 4018 360 4074 llenricus
392 4018 557 4094 Denzinger,
593 4018 680 4077 dieder
709 4022 755 4078 ds'e
803 4033 899 4075 nomen
924 4018 1074 4091 'accipitur,
1106 4023 1134 4073 et
1160 4033 1176 4073 e
1202 4034 1251 4090 qua
1284 4016 1464 4074 ecclesiastica

88 4121 234 4180 Aecdtder't
253 4124 302 4181 des
321 4123 477 4200 disderipert
493 4124 587 4183 Teutas
604 4128 654 4184 der
667 4126 755 4203 lprru·
803 4126 965 4197 signlllcrtio
986 4123 1104 4180 deduxit

88 4230 246 4287 tianisclreo
275 4230 387 4302 liciole,
425 4230 610 4308 Wneruburg,
654 4232 755 4308 leta.)
866 4232 912 4305 ⁷⁹)
946 4230 1075 4286 Crederes
1103 4229 1292 4300 llieronymum
1323 4230 1375 4284 ista
1402 4228 1469 4284 scri-

87 4329 146 4392 tofis
164 4326 310 4405 διακόσιοι,
339 4332 395 4394 τῶν
415 4336 475 4412 ἐμοὶ
494 4331 680 4414 γλυκυτάτων,
707 4355 754 4396 πι-
804 4336 909 4392 luentem
931 4337 967 4392 ob
984 4337 1078 4393 oeulos
1098 4335 1225 4391 habuisse
1238 4334 1363 4407 Cypriani
1384 4333 1466 4389 verba

88 4438 272 4513 πιστουμέιωο
291 4439 430 4500 decimius
451 4435 538 4518 Ἰησοῦ
558 4439 693 4519 Χριστοῦ.
804 4460 837 4498 οι
869 4443 938 4499 libro
967 4444 1000 4500 de
1027 4443 1172 4498 Trinitate:
1213 4438 1306 4515 „lianc
1335 4439 1467 4496 eeclesiae

804 4550 930 4605 unitatem
958 4551 1002 4621 qui
1029 4562 1083 4605 non
1108 4553 1195 4621 tenet,
1223 4553 1315 4602 tenere
1337 4560 1369 4602 se
1388 4545 1466 4601 fldem

154 4598 200 4672 Π)
219 4597 306 4672 Epm'
328 4598 406 4655 ΠΗ·
432 4600 465 4656 ⁸¹⁸
486 4601 545 4657 xv‘
570 4610 573 4619 .
804 4645 914 4711 crediti
944 4656 989 4728 qni
1015 4654 1145 4710 ecclesiae
1165 4654 1288 4709 renititur
1308 4652 1337 4707 el
1354 4652 1467 4723 resistit,

154 4756 200 4829 ⁷³)
233 4756 302 4824 Quid
333 4758 482 4815 cutdedrce
511 4727 618 4815 nonline
648 4759 753 4833 veniat,
805 4763 852 4833 poi
871 4760 1030 4818 cathedram
1045 4760 1129 4833 Petri,
1148 4776 1231 4834 super
1250 4776 1329 4834 parem
1347 4757 1468 4829 lundata

89 4860 233 4917 obscurum
259 4878 312 4918 uon
340 4865 405 4935 erit,
434 4864 457 4918 si
479 4865 513 4920 ad
532 4880 608 4921 usum
629 4864 754 4939 loquendi
804 4876 844 4924 ert
869 4868 1003 4939 eeclesia,
1030 4864 1144 4939 deme,
1170 4869 1201 4922 ιιι
1220 4865 1340 4925 eeclesia
1360 4878 1390 4919 re
1410 4874 1468 4918 eure

91 4967 311 5044 ecclesirsticum,
333 4971 515 5045 unginemqoe
532 4973 654 5031 translati
672 4987 754 5030 voco·
804 4972 962 5045 empsim
