<?xml version="1.0" encoding="UTF-8"?>
<!DOCTYPE html PUBLIC "-//W3C//DTD XHTML 1.0 Transitional//EN"
    "http://www.w3.org/TR/xhtml1/DTD/xhtml1-transitional.dtd">
<html xmlns="http://www.w3.org/1999/xhtml" xml:lang="en" lang="en">
 <head>
  <title>
</title>
<meta http-equiv="Content-Type" content="text/html;charset=utf-8" />
  <meta name='ocr-system' content='tesseract 3.04.00' />
  <meta name='ocr-capabilities' content='ocr_page ocr_carea ocr_par ocr_line ocrx_word'/>
</head>
<body>
  <div class='ocr_page' id='page_1' title='image "./commentariusdep00passgoog_0076.png"; bbox 0 0 3266 5416; ppageno 0'>
   <div class='ocr_carea' id='block_1_1' title="bbox 181 313 1041 383">
    <p class='ocr_par' dir='ltr' id='par_1_1' title="bbox 181 313 1041 383">
     <span class='ocr_line' id='line_1_1' title="bbox 181 313 1041 383; baseline 0.001 -3"><span class='ocrx_word' id='word_1_1' title='bbox 181 320 221 380; x_wconf 79' lang='lat' dir='ltr'>bt</span> <span class='ocrx_word' id='word_1_2' title='bbox 704 315 834 381; x_wconf 75' lang='lat' dir='ltr'>utbtttt</span> <span class='ocrx_word' id='word_1_3' title='bbox 873 313 1041 383; x_wconf 73' lang='lat' dir='ltr'>mribus</span> 
     </span>
    </p>
   </div>
   <div class='ocr_carea' id='block_1_2' title="bbox 181 481 1571 787">
    <p class='ocr_par' dir='ltr' id='par_1_2' title="bbox 181 481 1571 787">
     <span class='ocr_line' id='line_1_2' title="bbox 181 481 1571 567; baseline -0.002 -18"><span class='ocrx_word' id='word_1_4' title='bbox 181 484 407 550; x_wconf 89' lang='lat' dir='ltr'>incumbendum</span> <span class='ocrx_word' id='word_1_5' title='bbox 431 490 493 565; x_wconf 91' lang='lat' dir='ltr'>est,</span> <span class='ocrx_word' id='word_1_6' title='bbox 514 490 547 546; x_wconf 94' lang='lat' dir='ltr'>ut</span> <span class='ocrx_word' id='word_1_7' title='bbox 565 485 640 547; x_wconf 91' lang='lat' dir='ltr'>ratio</span> <span class='ocrx_word' id='word_1_8' title='bbox 661 484 856 565; x_wconf 75' lang='lat' dir='ltr'>comperiatur</span> <span class='ocrx_word' id='word_1_9' title='bbox 877 486 983 566; x_wconf 89' lang='lat' dir='ltr'>aliqua,</span> <span class='ocrx_word' id='word_1_10' title='bbox 1006 503 1063 567; x_wconf 90' lang='lat' dir='ltr'>qua</span> <span class='ocrx_word' id='word_1_11' title='bbox 1083 485 1159 548; x_wconf 89' lang='lat' dir='ltr'>inter</span> <span class='ocrx_word' id='word_1_12' title='bbox 1180 484 1311 547; x_wconf 79' lang='lat' dir='ltr'>dver&#39;sas</span> <span class='ocrx_word' id='word_1_13' title='bbox 1332 481 1571 566; x_wconf 80' lang='lat' dir='ltr'>significationes</span> 
     </span>
     <span class='ocr_line' id='line_1_3' title="bbox 181 591 1570 675; baseline -0.001 -16"><span class='ocrx_word' id='word_1_14' title='bbox 181 591 336 675; x_wconf 78' lang='lat' dir='ltr'>riuuloylc</span> <span class='ocrx_word' id='word_1_15' title='bbox 362 600 545 657; x_wconf 90' lang='lat' dir='ltr'>tamennon</span> <span class='ocrx_word' id='word_1_16' title='bbox 571 595 687 675; x_wconf 89' lang='lat' dir='ltr'>penitus</span> <span class='ocrx_word' id='word_1_17' title='bbox 714 595 860 658; x_wconf 86' lang='lat' dir='ltr'>interiissc</span> <span class='ocrx_word' id='word_1_18' title='bbox 888 594 1064 661; x_wconf 76' lang='lat' dir='ltr'><strong>declaretur.</strong></span> <span class='ocrx_word' id='word_1_19' title='bbox 1107 594 1189 669; x_wconf 82' lang='lat' dir='ltr'>Quae</span> <span class='ocrx_word' id='word_1_20' title='bbox 1217 593 1334 674; x_wconf 89' lang='lat' dir='ltr'>quidem</span> <span class='ocrx_word' id='word_1_21' title='bbox 1361 594 1570 675; x_wconf 88' lang='lat' dir='ltr'>rationeque</span> 
     </span>
     <span class='ocr_line' id='line_1_4' title="bbox 182 701 1571 787; baseline 0.001 -21"><span class='ocrx_word' id='word_1_22' title='bbox 182 702 338 767; x_wconf 77' lang='lat' dir='ltr'><strong>admodum</strong></span> <span class='ocrx_word' id='word_1_23' title='bbox 366 704 583 786; x_wconf 85' lang='lat' dir='ltr'>inpraesentia</span> <span class='ocrx_word' id='word_1_24' title='bbox 604 703 729 766; x_wconf 90' lang='lat' dir='ltr'>obscura</span> <span class='ocrx_word' id='word_1_25' title='bbox 751 710 812 783; x_wconf 90' lang='lat' dir='ltr'>est,</span> <span class='ocrx_word' id='word_1_26' title='bbox 841 722 939 786; x_wconf 88' lang='lat' dir='ltr'>neque</span> <span class='ocrx_word' id='word_1_27' title='bbox 960 704 1078 787; x_wconf 85' lang='lat' dir='ltr'>longius</span> <span class='ocrx_word' id='word_1_28' title='bbox 1098 701 1285 766; x_wconf 86' lang='lat' dir='ltr'>arcessenda.</span> <span class='ocrx_word' id='word_1_29' title='bbox 1327 703 1410 777; x_wconf 76' lang='lat' dir='ltr'>Quae</span> <span class='ocrx_word' id='word_1_30' title='bbox 1431 723 1513 767; x_wconf 73' lang='lat' dir='ltr'>en·</span> <span class='ocrx_word' id='word_1_31' title='bbox 1536 705 1571 767; x_wconf 86' lang='lat' dir='ltr'>ib</span> 
     </span>
    </p>
   </div>
   <div class='ocr_carea' id='block_1_3' title="bbox 64 812 1571 896">
    <p class='ocr_par' dir='ltr' id='par_1_3' title="bbox 64 812 1571 896">
     <span class='ocr_line' id='line_1_5' title="bbox 64 812 1571 896; baseline -0.001 -19"><span class='ocrx_word' id='word_1_32' title='bbox 64 888 69 895; x_wconf 43' lang='grc'><em>,</em></span> <span class='ocrx_word' id='word_1_33' title='bbox 185 834 220 877; x_wconf 90' lang='lat' dir='ltr'>re</span> <span class='ocrx_word' id='word_1_34' title='bbox 242 813 469 877; x_wconf 70' lang='lat' dir='ltr'>architectonica</span> <span class='ocrx_word' id='word_1_35' title='bbox 491 822 537 878; x_wconf 90' lang='lat' dir='ltr'>est</span> <span class='ocrx_word' id='word_1_36' title='bbox 558 819 663 891; x_wconf 80' lang='grc' dir='ltr'>σχέσις</span> <span class='ocrx_word' id='word_1_37' title='bbox 680 812 879 895; x_wconf 78' lang='lat' dir='ltr'>fundamenti</span> <span class='ocrx_word' id='word_1_38' title='bbox 898 833 969 896; x_wconf 89' lang='lat' dir='ltr'>prae</span> <span class='ocrx_word' id='word_1_39' title='bbox 985 812 1127 895; x_wconf 89' lang='lat' dir='ltr'>aedilicio,</span> <span class='ocrx_word' id='word_1_40' title='bbox 1150 812 1254 877; x_wconf 90' lang='lat' dir='ltr'>eadem</span> <span class='ocrx_word' id='word_1_41' title='bbox 1275 813 1498 877; x_wconf 83' lang='lat' dir='ltr'>inanimalibus</span> <span class='ocrx_word' id='word_1_42' title='bbox 1520 822 1571 876; x_wconf 87' lang='lat' dir='ltr'>est</span> 
     </span>
    </p>
   </div>
   <div class='ocr_carea' id='block_1_4' title="bbox 181 922 1570 1117">
    <p class='ocr_par' dir='ltr' id='par_1_4' title="bbox 181 922 1570 1117">
     <span class='ocr_line' id='line_1_6' title="bbox 183 922 1570 1007; baseline 0 -20"><span class='ocrx_word' id='word_1_43' title='bbox 183 924 286 987; x_wconf 90' lang='lat' dir='ltr'>relatio</span> <span class='ocrx_word' id='word_1_44' title='bbox 308 930 416 1002; x_wconf 78' lang='lat' dir='ltr'>capitis</span> <span class='ocrx_word' id='word_1_45' title='bbox 438 941 510 1005; x_wconf 89' lang='lat' dir='ltr'>pme</span> <span class='ocrx_word' id='word_1_46' title='bbox 531 922 685 1002; x_wconf 88' lang='lat' dir='ltr'>membris,</span> <span class='ocrx_word' id='word_1_47' title='bbox 714 930 745 986; x_wconf 90' lang='lat' dir='ltr'>et</span> <span class='ocrx_word' id='word_1_48' title='bbox 765 923 795 985; x_wconf 92' lang='lat' dir='ltr'>in</span> <span class='ocrx_word' id='word_1_49' title='bbox 815 924 956 986; x_wconf 87' lang='lat' dir='ltr'>societate</span> <span class='ocrx_word' id='word_1_50' title='bbox 977 922 1080 987; x_wconf 89' lang='lat' dir='ltr'>relatio</span> <span class='ocrx_word' id='word_1_51' title='bbox 1098 929 1246 1002; x_wconf 78' lang='lat' dir='ltr'>principis</span> <span class='ocrx_word' id='word_1_52' title='bbox 1266 941 1337 1005; x_wconf 87' lang='lat' dir='ltr'>pme</span> <span class='ocrx_word' id='word_1_53' title='bbox 1357 925 1407 1005; x_wconf 90' lang='lat' dir='ltr'>iis,</span> <span class='ocrx_word' id='word_1_54' title='bbox 1436 925 1490 1007; x_wconf 92' lang='lat' dir='ltr'>qui</span> <span class='ocrx_word' id='word_1_55' title='bbox 1510 925 1570 987; x_wconf 86' lang='lat' dir='ltr'>iur-</span> 
     </span>
     <span class='ocr_line' id='line_1_7' title="bbox 181 1032 1570 1117; baseline -0.001 -20"><span class='ocrx_word' id='word_1_56' title='bbox 181 1035 264 1115; x_wconf 89' lang='lat' dir='ltr'>perio</span> <span class='ocrx_word' id='word_1_57' title='bbox 294 1040 447 1117; x_wconf 88' lang='lat' dir='ltr'>reguntur.</span> <span class='ocrx_word' id='word_1_58' title='bbox 491 1033 634 1096; x_wconf 87' lang='lat' dir='ltr'>Convenit</span> <span class='ocrx_word' id='word_1_59' title='bbox 658 1049 733 1115; x_wconf 89' lang='lat' dir='ltr'>ergo</span> <span class='ocrx_word' id='word_1_60' title='bbox 754 1032 830 1095; x_wconf 88' lang='lat' dir='ltr'>inter</span> <span class='ocrx_word' id='word_1_61' title='bbox 856 1041 1010 1113; x_wconf 89' lang='lat' dir='ltr'>utramque</span> <span class='ocrx_word' id='word_1_62' title='bbox 1031 1049 1151 1113; x_wconf 85' lang='lat' dir='ltr'>uocem,</span> <span class='ocrx_word' id='word_1_63' title='bbox 1181 1039 1267 1113; x_wconf 90' lang='lat' dir='ltr'>atque</span> <span class='ocrx_word' id='word_1_64' title='bbox 1288 1032 1326 1095; x_wconf 86' lang='lat' dir='ltr'>ita</span> <span class='ocrx_word' id='word_1_65' title='bbox 1348 1033 1505 1111; x_wconf 85' lang='lat' dir='ltr'>convenit,</span> <span class='ocrx_word' id='word_1_66' title='bbox 1533 1040 1570 1095; x_wconf 91' lang='lat' dir='ltr'>ut</span> 
     </span>
    </p>
   </div>
   <div class='ocr_carea' id='block_1_5' title="bbox 183 1137 1569 3566">
    <p class='ocr_par' dir='ltr' id='par_1_5' title="bbox 183 1137 1569 1366">
     <span class='ocr_line' id='line_1_8' title="bbox 183 1137 1569 1250; baseline -0.001 -18"><span class='ocrx_word' id='word_1_67' title='bbox 183 1169 354 1233; x_wconf 90' lang='lat' dir='ltr'>orthodoxis</span> <span class='ocrx_word' id='word_1_68' title='bbox 373 1168 537 1231; x_wconf 71' lang='lat' dir='ltr'>nullamnus</span> <span class='ocrx_word' id='word_1_69' title='bbox 560 1185 663 1230; x_wconf 85' lang='lat' dir='ltr'>caussa</span> <span class='ocrx_word' id='word_1_70' title='bbox 686 1166 827 1246; x_wconf 86' lang='lat' dir='ltr'>deluerit,</span> <span class='ocrx_word' id='word_1_71' title='bbox 856 1185 914 1248; x_wconf 89' lang='lat' dir='ltr'>qua</span> <span class='ocrx_word' id='word_1_72' title='bbox 933 1175 1086 1250; x_wconf 88' lang='lat' dir='ltr'>utramque</span> <span class='ocrx_word' id='word_1_73' title='bbox 1108 1168 1194 1231; x_wconf 88' lang='lat' dir='ltr'>simul</span> <span class='ocrx_word' id='word_1_74' title='bbox 1215 1186 1320 1232; x_wconf 84' lang='lat' dir='ltr'>vocem</span> <span class='ocrx_word' id='word_1_75' title='bbox 1347 1137 1432 1246; x_wconf 56' lang='lat' dir='ltr'>laha</span> <span class='ocrx_word' id='word_1_76' title='bbox 1460 1174 1494 1229; x_wconf 89' lang='lat' dir='ltr'>et</span> <span class='ocrx_word' id='word_1_77' title='bbox 1514 1188 1569 1230; x_wconf 77' lang='lat' dir='ltr'>xe·</span> 
     </span>
     <span class='ocr_line' id='line_1_9' title="bbox 183 1255 1438 1366; baseline -0.004 -23"><span class='ocrx_word' id='word_1_78' title='bbox 183 1277 291 1366; x_wconf 74' lang='lat' dir='ltr'>matria</span> <span class='ocrx_word' id='word_1_79' title='bbox 313 1285 524 1360; x_wconf 86' lang='lat' dir='ltr'>compararent</span> <span class='ocrx_word' id='word_1_80' title='bbox 1421 1255 1438 1277; x_wconf 67' lang='lat'>²</span> 
     </span>
    </p>

    <p class='ocr_par' dir='ltr' id='par_1_6' title="bbox 183 1386 1569 2567">
     <span class='ocr_line' id='line_1_10' title="bbox 290 1386 1566 1469; baseline 0 -17"><span class='ocrx_word' id='word_1_81' title='bbox 290 1396 339 1452; x_wconf 79' lang='lat'>45.</span> <span class='ocrx_word' id='word_1_82' title='bbox 380 1388 562 1469; x_wconf 81' lang='lat' dir='ltr'>Quamquam</span> <span class='ocrx_word' id='word_1_83' title='bbox 583 1388 621 1451; x_wconf 92' lang='lat' dir='ltr'>ad</span> <span class='ocrx_word' id='word_1_84' title='bbox 641 1388 746 1467; x_wconf 87' lang='lat' dir='ltr'>iustam</span> <span class='ocrx_word' id='word_1_85' title='bbox 767 1394 899 1450; x_wconf 89' lang='lat' dir='ltr'>veterum</span> <span class='ocrx_word' id='word_1_86' title='bbox 912 1393 1026 1468; x_wconf 89' lang='lat' dir='ltr'>patrum</span> <span class='ocrx_word' id='word_1_87' title='bbox 1049 1386 1250 1450; x_wconf 75' lang='lat' dir='ltr'>defensionem</span> <span class='ocrx_word' id='word_1_88' title='bbox 1270 1386 1346 1450; x_wconf 86' lang='lat' dir='ltr'>haec</span> <span class='ocrx_word' id='word_1_89' title='bbox 1368 1387 1488 1449; x_wconf 87' lang='lat' dir='ltr'>minime</span> <span class='ocrx_word' id='word_1_90' title='bbox 1509 1405 1566 1452; x_wconf 88' lang='lat' dir='ltr'>ne·</span> 
     </span>
     <span class='ocr_line' id='line_1_11' title="bbox 183 1496 1567 1579; baseline -0.003 -16"><span class='ocrx_word' id='word_1_91' title='bbox 183 1499 312 1563; x_wconf 89' lang='lat' dir='ltr'>cessaria</span> <span class='ocrx_word' id='word_1_92' title='bbox 333 1516 402 1561; x_wconf 89' lang='lat' dir='ltr'>asse</span> <span class='ocrx_word' id='word_1_93' title='bbox 421 1516 476 1579; x_wconf 93' lang='lat' dir='ltr'>pro</span> <span class='ocrx_word' id='word_1_94' title='bbox 498 1505 579 1561; x_wconf 86' lang='lat' dir='ltr'>certo</span> <span class='ocrx_word' id='word_1_95' title='bbox 600 1496 705 1561; x_wconf 88' lang='lat' dir='ltr'>habeo.</span> <span class='ocrx_word' id='word_1_96' title='bbox 747 1496 807 1560; x_wconf 88' lang='lat' dir='ltr'>Res</span> <span class='ocrx_word' id='word_1_97' title='bbox 829 1496 908 1559; x_wconf 88' lang='lat' dir='ltr'>enim</span> <span class='ocrx_word' id='word_1_98' title='bbox 928 1504 974 1559; x_wconf 91' lang='lat' dir='ltr'>est</span> <span class='ocrx_word' id='word_1_99' title='bbox 994 1498 1143 1561; x_wconf 85' lang='lat' dir='ltr'>sexcentis</span> <span class='ocrx_word' id='word_1_100' title='bbox 1170 1497 1358 1578; x_wconf 91' lang='lat' dir='ltr'>comprobata</span> <span class='ocrx_word' id='word_1_101' title='bbox 1377 1497 1567 1575; x_wconf 65' lang='lat' dir='ltr'>wstimomis,</span> 
     </span>
     <span class='ocr_line' id='line_1_12' title="bbox 184 1603 1567 1693; baseline -0.002 -21"><span class='ocrx_word' id='word_1_102' title='bbox 184 1607 370 1693; x_wconf 86' lang='lat' dir='ltr'>etymologiis</span> <span class='ocrx_word' id='word_1_103' title='bbox 392 1614 479 1689; x_wconf 90' lang='lat' dir='ltr'>atque</span> <span class='ocrx_word' id='word_1_104' title='bbox 500 1606 689 1671; x_wconf 86' lang='lat' dir='ltr'>allusionibus</span> <span class='ocrx_word' id='word_1_105' title='bbox 707 1605 772 1688; x_wconf 91' lang='lat' dir='ltr'>plus</span> <span class='ocrx_word' id='word_1_106' title='bbox 790 1603 885 1669; x_wconf 89' lang='lat' dir='ltr'>semel</span> <span class='ocrx_word' id='word_1_107' title='bbox 900 1604 1000 1669; x_wconf 85' lang='lat' dir='ltr'>Patres</span> <span class='ocrx_word' id='word_1_108' title='bbox 1021 1605 1108 1687; x_wconf 91' lang='lat' dir='ltr'>abuti,</span> <span class='ocrx_word' id='word_1_109' title='bbox 1130 1625 1191 1669; x_wconf 92' lang='lat' dir='ltr'>non</span> <span class='ocrx_word' id='word_1_110' title='bbox 1212 1606 1289 1687; x_wconf 90' lang='lat' dir='ltr'>quod</span> <span class='ocrx_word' id='word_1_111' title='bbox 1310 1607 1490 1690; x_wconf 79' lang='lat' dir='ltr'>ignorarent,</span> <span class='ocrx_word' id='word_1_112' title='bbox 1515 1606 1567 1669; x_wconf 85' lang='lat' dir='ltr'>rel</span> 
     </span>
     <span class='ocr_line' id='line_1_13' title="bbox 183 1714 1567 1798; baseline -0.002 -16"><span class='ocrx_word' id='word_1_113' title='bbox 183 1719 247 1782; x_wconf 89' lang='lat' dir='ltr'>illas</span> <span class='ocrx_word' id='word_1_114' title='bbox 269 1737 335 1781; x_wconf 91' lang='lat' dir='ltr'>curn</span> <span class='ocrx_word' id='word_1_115' title='bbox 356 1718 471 1782; x_wconf 89' lang='lat' dir='ltr'>sincera</span> <span class='ocrx_word' id='word_1_116' title='bbox 494 1719 705 1782; x_wconf 83' lang='lat' dir='ltr'>derivationum</span> <span class='ocrx_word' id='word_1_117' title='bbox 726 1716 839 1777; x_wconf 88' lang='lat' dir='ltr'>ratione</span> <span class='ocrx_word' id='word_1_118' title='bbox 861 1717 955 1777; x_wconf 87' lang='lat' dir='ltr'>minus</span> <span class='ocrx_word' id='word_1_119' title='bbox 976 1714 1054 1778; x_wconf 89' lang='lat' dir='ltr'>belle</span> <span class='ocrx_word' id='word_1_120' title='bbox 1077 1718 1260 1798; x_wconf 87' lang='lat' dir='ltr'>consentire,</span> <span class='ocrx_word' id='word_1_121' title='bbox 1288 1715 1337 1779; x_wconf 82' lang='lat' dir='ltr'>sel</span> <span class='ocrx_word' id='word_1_122' title='bbox 1363 1736 1402 1779; x_wconf 89' lang='lat' dir='ltr'>ex</span> <span class='ocrx_word' id='word_1_123' title='bbox 1428 1717 1463 1779; x_wconf 88' lang='lat' dir='ltr'>iis</span> <span class='ocrx_word' id='word_1_124' title='bbox 1485 1717 1567 1779; x_wconf 90' lang='lat' dir='ltr'>sumi</span> 
     </span>
     <span class='ocr_line' id='line_1_14' title="bbox 183 1824 1568 1912; baseline -0.004 -19"><span class='ocrx_word' id='word_1_125' title='bbox 183 1836 356 1912; x_wconf 89' lang='lat' dir='ltr'>argumenta</span> <span class='ocrx_word' id='word_1_126' title='bbox 378 1846 437 1891; x_wconf 90' lang='lat' dir='ltr'>non</span> <span class='ocrx_word' id='word_1_127' title='bbox 457 1847 564 1912; x_wconf 79' lang='lat' dir='ltr'>posse3</span> <span class='ocrx_word' id='word_1_128' title='bbox 592 1828 646 1890; x_wconf 89' lang='lat' dir='ltr'>sed</span> <span class='ocrx_word' id='word_1_129' title='bbox 667 1826 745 1909; x_wconf 90' lang='lat' dir='ltr'>quod</span> <span class='ocrx_word' id='word_1_130' title='bbox 766 1824 829 1888; x_wconf 91' lang='lat' dir='ltr'>aliis</span> <span class='ocrx_word' id='word_1_131' title='bbox 852 1825 889 1888; x_wconf 90' lang='lat' dir='ltr'>de</span> <span class='ocrx_word' id='word_1_132' title='bbox 918 1828 1029 1889; x_wconf 89' lang='lat' dir='ltr'>caussis</span> <span class='ocrx_word' id='word_1_133' title='bbox 1051 1827 1089 1889; x_wconf 92' lang='lat' dir='ltr'>ad</span> <span class='ocrx_word' id='word_1_134' title='bbox 1110 1826 1254 1889; x_wconf 88' lang='lat' dir='ltr'>eiusmodi</span> <span class='ocrx_word' id='word_1_135' title='bbox 1275 1826 1461 1905; x_wconf 84' lang='lat' dir='ltr'>collationes,</span> <span class='ocrx_word' id='word_1_136' title='bbox 1492 1824 1568 1887; x_wconf 87' lang='lat' dir='ltr'>allu-</span> 
     </span>
     <span class='ocr_line' id='line_1_15' title="bbox 183 1934 1566 2019; baseline -0.004 -17"><span class='ocrx_word' id='word_1_137' title='bbox 183 1941 342 2019; x_wconf 89' lang='lat' dir='ltr'>sionesque</span> <span class='ocrx_word' id='word_1_138' title='bbox 368 1937 523 2001; x_wconf 91' lang='lat' dir='ltr'>sectandas</span> <span class='ocrx_word' id='word_1_139' title='bbox 553 1943 806 2019; x_wconf 84' lang='lat' dir='ltr'>permoverentur.</span> <span class='ocrx_word' id='word_1_140' title='bbox 850 1934 912 1998; x_wconf 88' lang='lat' dir='ltr'>Hae</span> <span class='ocrx_word' id='word_1_141' title='bbox 935 1942 1031 1998; x_wconf 87' lang='lat' dir='ltr'>autem</span> <span class='ocrx_word' id='word_1_142' title='bbox 1053 1938 1234 2018; x_wconf 90' lang='lat' dir='ltr'>potissimum</span> <span class='ocrx_word' id='word_1_143' title='bbox 1255 1942 1352 1998; x_wconf 87' lang='lat' dir='ltr'>erant:</span> <span class='ocrx_word' id='word_1_144' title='bbox 1382 1934 1402 1998; x_wconf 90' lang='lat' dir='ltr'>l.</span> <span class='ocrx_word' id='word_1_145' title='bbox 1425 1934 1566 2013; x_wconf 84' lang='lat' dir='ltr'>studium,</span> 
     </span>
     <span class='ocr_line' id='line_1_16' title="bbox 184 2043 1569 2132; baseline -0.001 -22"><span class='ocrx_word' id='word_1_146' title='bbox 184 2067 242 2132; x_wconf 91' lang='lat' dir='ltr'>quo</span> <span class='ocrx_word' id='word_1_147' title='bbox 270 2048 377 2112; x_wconf 91' lang='lat' dir='ltr'>nullam</span> <span class='ocrx_word' id='word_1_148' title='bbox 405 2046 580 2129; x_wconf 90' lang='lat' dir='ltr'>praeterlabi</span> <span class='ocrx_word' id='word_1_149' title='bbox 605 2046 793 2110; x_wconf 87' lang='lat' dir='ltr'>occasionem</span> <span class='ocrx_word' id='word_1_150' title='bbox 820 2044 954 2108; x_wconf 89' lang='lat' dir='ltr'>sinebant</span> <span class='ocrx_word' id='word_1_151' title='bbox 979 2044 1123 2108; x_wconf 79' lang='lat' dir='ltr'>fovendae</span> <span class='ocrx_word' id='word_1_152' title='bbox 1148 2044 1278 2127; x_wconf 86' lang='lat' dir='ltr'>pietatis,</span> <span class='ocrx_word' id='word_1_153' title='bbox 1305 2063 1399 2126; x_wconf 90' lang='lat' dir='ltr'>eaque</span> <span class='ocrx_word' id='word_1_154' title='bbox 1419 2043 1569 2126; x_wconf 72' lang='grc' dir='ltr'><em>δόγματα</em></span> 
     </span>
     <span class='ocr_line' id='line_1_17' title="bbox 184 2153 1568 2237; baseline -0.004 -17"><span class='ocrx_word' id='word_1_155' title='bbox 184 2156 361 2237; x_wconf 88' lang='lat' dir='ltr'>inculcandi,</span> <span class='ocrx_word' id='word_1_156' title='bbox 384 2155 487 2236; x_wconf 88' lang='lat' dir='ltr'>quibus</span> <span class='ocrx_word' id='word_1_157' title='bbox 509 2155 666 2219; x_wconf 88' lang='lat' dir='ltr'>christiana</span> <span class='ocrx_word' id='word_1_158' title='bbox 686 2154 831 2235; x_wconf 85' lang='lat' dir='ltr'>prolessio</span> <span class='ocrx_word' id='word_1_159' title='bbox 853 2154 1032 2218; x_wconf 88' lang='lat' dir='ltr'>continetur:</span> <span class='ocrx_word' id='word_1_160' title='bbox 1055 2163 1114 2217; x_wconf 88' lang='lat' dir='ltr'>tum</span> <span class='ocrx_word' id='word_1_161' title='bbox 1132 2155 1164 2217; x_wconf 93' lang='lat' dir='ltr'>ll.</span> <span class='ocrx_word' id='word_1_162' title='bbox 1186 2155 1356 2237; x_wconf 88' lang='lat' dir='ltr'>persuasio,</span> <span class='ocrx_word' id='word_1_163' title='bbox 1378 2171 1435 2234; x_wconf 90' lang='lat' dir='ltr'>qua</span> <span class='ocrx_word' id='word_1_164' title='bbox 1456 2153 1514 2216; x_wconf 92' lang='lat' dir='ltr'>sibi</span> <span class='ocrx_word' id='word_1_165' title='bbox 1535 2154 1568 2215; x_wconf 89' lang='lat' dir='ltr'>in</span> 
     </span>
     <span class='ocr_line' id='line_1_18' title="bbox 185 2262 1566 2346; baseline -0.004 -15"><span class='ocrx_word' id='word_1_166' title='bbox 185 2268 311 2331; x_wconf 88' lang='lat' dir='ltr'>animum</span> <span class='ocrx_word' id='word_1_167' title='bbox 338 2264 529 2345; x_wconf 85' lang='lat' dir='ltr'>induxerant,</span> <span class='ocrx_word' id='word_1_168' title='bbox 555 2264 710 2327; x_wconf 90' lang='lat' dir='ltr'>bibliorum</span> <span class='ocrx_word' id='word_1_169' title='bbox 736 2264 925 2344; x_wconf 86' lang='lat' dir='ltr'>interpretem</span> <span class='ocrx_word' id='word_1_170' title='bbox 952 2282 1012 2326; x_wconf 90' lang='lat' dir='ltr'>non</span> <span class='ocrx_word' id='word_1_171' title='bbox 1041 2282 1078 2326; x_wconf 90' lang='lat' dir='ltr'>eo</span> <span class='ocrx_word' id='word_1_172' title='bbox 1105 2283 1199 2346; x_wconf 89' lang='lat' dir='ltr'>usque</span> <span class='ocrx_word' id='word_1_173' title='bbox 1222 2266 1428 2346; x_wconf 77' lang='lat' dir='ltr'>grammaticae</span> <span class='ocrx_word' id='word_1_174' title='bbox 1450 2262 1566 2345; x_wconf 74' lang='lat' dir='ltr'>regul&#39;s</span> 
     </span>
     <span class='ocr_line' id='line_1_19' title="bbox 185 2370 1569 2457; baseline -0.004 -18"><span class='ocrx_word' id='word_1_175' title='bbox 185 2376 374 2439; x_wconf 89' lang='lat' dir='ltr'>constrictum</span> <span class='ocrx_word' id='word_1_176' title='bbox 395 2392 463 2438; x_wconf 89' lang='lat' dir='ltr'>esse</span> <span class='ocrx_word' id='word_1_177' title='bbox 485 2382 638 2457; x_wconf 88' lang='lat' dir='ltr'>oportere,</span> <span class='ocrx_word' id='word_1_178' title='bbox 660 2381 691 2436; x_wconf 91' lang='lat' dir='ltr'>ut</span> <span class='ocrx_word' id='word_1_179' title='bbox 712 2372 848 2437; x_wconf 80' lang='lat' dir='ltr'>facultate</span> <span class='ocrx_word' id='word_1_180' title='bbox 866 2374 1010 2454; x_wconf 84' lang='lat' dir='ltr'>privetur,</span> <span class='ocrx_word' id='word_1_181' title='bbox 1041 2392 1098 2455; x_wconf 87' lang='lat' dir='ltr'>qua</span> <span class='ocrx_word' id='word_1_182' title='bbox 1118 2391 1171 2456; x_wconf 94' lang='lat' dir='ltr'>pro</span> <span class='ocrx_word' id='word_1_183' title='bbox 1191 2375 1420 2456; x_wconf 87' lang='lat' dir='ltr'>opportunitate,</span> <span class='ocrx_word' id='word_1_184' title='bbox 1450 2371 1488 2435; x_wconf 91' lang='lat' dir='ltr'>ad</span> <span class='ocrx_word' id='word_1_185' title='bbox 1510 2370 1569 2435; x_wconf 81' lang='lat' dir='ltr'>alis</span> 
     </span>
     <span class='ocr_line' id='line_1_20' title="bbox 186 2481 1322 2567; baseline -0.004 -18"><span class='ocrx_word' id='word_1_186' title='bbox 186 2503 280 2567; x_wconf 90' lang='lat' dir='ltr'>eaque</span> <span class='ocrx_word' id='word_1_187' title='bbox 300 2486 462 2566; x_wconf 88' lang='lat' dir='ltr'>propinqua</span> <span class='ocrx_word' id='word_1_188' title='bbox 483 2492 513 2548; x_wconf 87' lang='lat' dir='ltr'>et</span> <span class='ocrx_word' id='word_1_189' title='bbox 534 2482 715 2548; x_wconf 81' lang='lat' dir='ltr'>excolendae</span> <span class='ocrx_word' id='word_1_190' title='bbox 737 2481 874 2563; x_wconf 80' lang='lat' dir='ltr'>religioni</span> <span class='ocrx_word' id='word_1_191' title='bbox 894 2483 1113 2547; x_wconf 87' lang='lat' dir='ltr'>accommodata</span> <span class='ocrx_word' id='word_1_192' title='bbox 1135 2484 1322 2566; x_wconf 82' lang='lat' dir='ltr'>digrediatur.</span> 
     </span>
    </p>

    <p class='ocr_par' dir='ltr' id='par_1_7' title="bbox 185 2590 1568 3115">
     <span class='ocr_line' id='line_1_21' title="bbox 291 2590 1567 2675; baseline 0 -20"><span class='ocrx_word' id='word_1_193' title='bbox 291 2592 408 2675; x_wconf 89' lang='lat' dir='ltr'>Paucis,</span> <span class='ocrx_word' id='word_1_194' title='bbox 431 2611 490 2657; x_wconf 89' lang='lat' dir='ltr'>non</span> <span class='ocrx_word' id='word_1_195' title='bbox 511 2593 586 2658; x_wconf 89' lang='lat' dir='ltr'>aliae</span> <span class='ocrx_word' id='word_1_196' title='bbox 607 2592 737 2656; x_wconf 89' lang='lat' dir='ltr'>Patribus</span> <span class='ocrx_word' id='word_1_197' title='bbox 759 2590 875 2654; x_wconf 88' lang='lat' dir='ltr'>luerunt</span> <span class='ocrx_word' id='word_1_198' title='bbox 896 2610 1019 2656; x_wconf 88' lang='lat' dir='ltr'>caussae</span> <span class='ocrx_word' id='word_1_199' title='bbox 1044 2593 1142 2675; x_wconf 89' lang='lat' dir='ltr'>paullo</span> <span class='ocrx_word' id='word_1_200' title='bbox 1170 2594 1304 2658; x_wconf 88' lang='lat' dir='ltr'>licentius</span> <span class='ocrx_word' id='word_1_201' title='bbox 1327 2591 1516 2675; x_wconf 79' lang='lat' dir='ltr'>etymologiis</span> <span class='ocrx_word' id='word_1_202' title='bbox 1537 2597 1567 2655; x_wconf 85' lang='lat' dir='ltr'>et</span> 
     </span>
     <span class='ocr_line' id='line_1_22' title="bbox 185 2690 1568 2786; baseline -0.004 -20"><span class='ocrx_word' id='word_1_203' title='bbox 185 2703 374 2768; x_wconf 88' lang='lat' dir='ltr'>allusionibus</span> <span class='ocrx_word' id='word_1_204' title='bbox 396 2702 594 2786; x_wconf 89' lang='lat' dir='ltr'>obsequendi,</span> <span class='ocrx_word' id='word_1_205' title='bbox 617 2721 704 2786; x_wconf 89' lang='lat' dir='ltr'>quam</span> <span class='ocrx_word' id='word_1_206' title='bbox 725 2721 777 2765; x_wconf 88' lang='lat' dir='ltr'>eas</span> <span class='ocrx_word' id='word_1_207' title='bbox 799 2702 925 2766; x_wconf 82' lang='lat' dir='ltr'>uenandi</span> <span class='ocrx_word' id='word_1_208' title='bbox 946 2690 1213 2785; x_wconf 82' lang='lat' dir='ltr'>interpretationes,</span> <span class='ocrx_word' id='word_1_209' title='bbox 1244 2724 1315 2785; x_wconf 91' lang='lat' dir='ltr'>quas</span> <span class='ocrx_word' id='word_1_210' title='bbox 1336 2722 1353 2767; x_wconf 89' lang='lat' dir='ltr'>a</span> <span class='ocrx_word' id='word_1_211' title='bbox 1376 2702 1568 2785; x_wconf 85' lang='lat' dir='ltr'>grammatica</span> 
     </span>
     <span class='ocr_line' id='line_1_23' title="bbox 185 2809 1568 2897; baseline -0.005 -20"><span class='ocrx_word' id='word_1_212' title='bbox 185 2811 398 2897; x_wconf 81' lang='lat' dir='ltr'>significatione</span> <span class='ocrx_word' id='word_1_213' title='bbox 419 2812 484 2894; x_wconf 93' lang='lat' dir='ltr'>plus</span> <span class='ocrx_word' id='word_1_214' title='bbox 505 2814 637 2876; x_wconf 85' lang='lat' dir='ltr'>minusue</span> <span class='ocrx_word' id='word_1_215' title='bbox 659 2811 854 2893; x_wconf 88' lang='lat' dir='ltr'>discedentes,</span> <span class='ocrx_word' id='word_1_216' title='bbox 878 2812 959 2875; x_wconf 80' lang='grc' dir='ltr'>κατιλ</span> <span class='ocrx_word' id='word_1_217' title='bbox 981 2812 1125 2889; x_wconf 80' lang='grc' dir='ltr'>κόλλησιν</span> <span class='ocrx_word' id='word_1_218' title='bbox 1146 2823 1176 2878; x_wconf 89' lang='lat' dir='ltr'>et</span> <span class='ocrx_word' id='word_1_219' title='bbox 1199 2813 1445 2879; x_wconf 81' lang='lat' dir='ltr'>accommodatas</span> <span class='ocrx_word' id='word_1_220' title='bbox 1465 2809 1568 2872; x_wconf 89' lang='lat' dir='ltr'>dicere</span> 
     </span>
     <span class='ocr_line' id='line_1_24' title="bbox 185 2922 1567 3007; baseline -0.004 -19"><span class='ocrx_word' id='word_1_221' title='bbox 185 2943 250 2989; x_wconf 89' lang='lat' dir='ltr'>mos</span> <span class='ocrx_word' id='word_1_222' title='bbox 270 2931 323 2987; x_wconf 90' lang='lat' dir='ltr'>est.</span> <span class='ocrx_word' id='word_1_223' title='bbox 365 2924 636 3005; x_wconf 88' lang='lat' dir='ltr'>impudentissimos</span> <span class='ocrx_word' id='word_1_224' title='bbox 661 2940 733 2984; x_wconf 85' lang='lat' dir='ltr'>vero</span> <span class='ocrx_word' id='word_1_225' title='bbox 760 2941 793 2985; x_wconf 90' lang='lat' dir='ltr'>se</span> <span class='ocrx_word' id='word_1_226' title='bbox 816 2922 1022 3004; x_wconf 89' lang='lat' dir='ltr'>ostenderent,</span> <span class='ocrx_word' id='word_1_227' title='bbox 1051 2925 1099 3005; x_wconf 90' lang='lat' dir='ltr'>qui</span> <span class='ocrx_word' id='word_1_228' title='bbox 1121 2923 1223 2987; x_wconf 88' lang='lat' dir='ltr'>harum</span> <span class='ocrx_word' id='word_1_229' title='bbox 1245 2926 1460 3007; x_wconf 85' lang='lat' dir='ltr'>expositionum</span> <span class='ocrx_word' id='word_1_230' title='bbox 1480 2938 1567 2983; x_wconf 91' lang='lat' dir='ltr'>caus·</span> 
     </span>
     <span class='ocr_line' id='line_1_25' title="bbox 185 3032 1472 3115; baseline -0.005 -16"><span class='ocrx_word' id='word_1_231' title='bbox 185 3055 248 3099; x_wconf 91' lang='lat' dir='ltr'>sam</span> <span class='ocrx_word' id='word_1_232' title='bbox 269 3034 377 3097; x_wconf 85' lang='lat' dir='ltr'>levitati</span> <span class='ocrx_word' id='word_1_233' title='bbox 399 3041 486 3115; x_wconf 89' lang='lat' dir='ltr'>atque</span> <span class='ocrx_word' id='word_1_234' title='bbox 507 3033 668 3114; x_wconf 87' lang='lat' dir='ltr'>imperitiae</span> <span class='ocrx_word' id='word_1_235' title='bbox 690 3032 899 3095; x_wconf 85' lang='lat' dir='ltr'>adscriberent.</span> <span class='ocrx_word' id='word_1_236' title='bbox 943 3032 1002 3097; x_wconf 88' lang='lat' dir='ltr'>Sed</span> <span class='ocrx_word' id='word_1_237' title='bbox 1024 3034 1165 3115; x_wconf 87' lang='lat' dir='ltr'>exemplis</span> <span class='ocrx_word' id='word_1_238' title='bbox 1187 3052 1237 3097; x_wconf 88' lang='lat' dir='ltr'>res</span> <span class='ocrx_word' id='word_1_239' title='bbox 1257 3034 1308 3097; x_wconf 84' lang='lat' dir='ltr'>fiet</span> <span class='ocrx_word' id='word_1_240' title='bbox 1325 3033 1472 3096; x_wconf 89' lang='lat' dir='ltr'>illustrior.</span> 
     </span>
    </p>

    <p class='ocr_par' dir='ltr' id='par_1_8' title="bbox 185 3138 1569 3566">
     <span class='ocr_line' id='line_1_26' title="bbox 292 3138 1567 3225; baseline -0.004 -19"><span class='ocrx_word' id='word_1_241' title='bbox 292 3150 341 3207; x_wconf 81' lang='grc'>46.</span> <span class='ocrx_word' id='word_1_242' title='bbox 380 3143 501 3208; x_wconf 82' lang='lat' dir='ltr'>Sciebat</span> <span class='ocrx_word' id='word_1_243' title='bbox 529 3141 661 3224; x_wconf 88' lang='lat' dir='ltr'>prolecto</span> <span class='ocrx_word' id='word_1_244' title='bbox 687 3140 899 3225; x_wconf 80' lang='lat' dir='ltr'>Hieronymus,</span> <span class='ocrx_word' id='word_1_245' title='bbox 930 3139 1029 3205; x_wconf 85' lang='lat' dir='ltr'>Pauli</span> <span class='ocrx_word' id='word_1_246' title='bbox 1055 3161 1163 3206; x_wconf 89' lang='lat' dir='ltr'>nomen</span> <span class='ocrx_word' id='word_1_247' title='bbox 1183 3162 1251 3207; x_wconf 89' lang='lat' dir='ltr'>esse</span> <span class='ocrx_word' id='word_1_248' title='bbox 1272 3142 1404 3221; x_wconf 87' lang='lat' dir='ltr'>latinum,</span> <span class='ocrx_word' id='word_1_249' title='bbox 1435 3148 1465 3203; x_wconf 91' lang='lat' dir='ltr'>et</span> <span class='ocrx_word' id='word_1_250' title='bbox 1487 3138 1567 3201; x_wconf 88' lang='lat' dir='ltr'>idem</span> 
     </span>
     <span class='ocr_line' id='line_1_27' title="bbox 186 3248 1569 3337; baseline -0.006 -19"><span class='ocrx_word' id='word_1_251' title='bbox 186 3272 292 3318; x_wconf 90' lang='lat' dir='ltr'>sonare</span> <span class='ocrx_word' id='word_1_252' title='bbox 322 3254 401 3337; x_wconf 90' lang='lat' dir='ltr'>quod</span> <span class='ocrx_word' id='word_1_253' title='bbox 424 3251 574 3332; x_wconf 80' lang='lat' dir='ltr'>pusillum</span> <span class='ocrx_word' id='word_1_254' title='bbox 591 3255 615 3285; x_wconf 81' lang='lat'>¹⁷</span> <span class='ocrx_word' id='word_1_255' title='bbox 648 3260 677 3314; x_wconf 89' lang='lat' dir='ltr'>et</span> <span class='ocrx_word' id='word_1_256' title='bbox 704 3270 830 3334; x_wconf 89' lang='lat' dir='ltr'>corpore</span> <span class='ocrx_word' id='word_1_257' title='bbox 857 3271 988 3334; x_wconf 84' lang='lat' dir='ltr'>parvum.</span> <span class='ocrx_word' id='word_1_258' title='bbox 1031 3252 1223 3315; x_wconf 89' lang='lat' dir='ltr'>Nihilominus</span> <span class='ocrx_word' id='word_1_259' title='bbox 1254 3252 1321 3315; x_wconf 88' lang='lat' dir='ltr'>dum</span> <span class='ocrx_word' id='word_1_260' title='bbox 1349 3249 1502 3333; x_wconf 87' lang='lat' dir='ltr'>epistolam</span> <span class='ocrx_word' id='word_1_261' title='bbox 1531 3248 1569 3311; x_wconf 87' lang='lat' dir='ltr'>ad</span> 
     </span>
     <span class='ocr_line' id='line_1_28' title="bbox 185 3359 1567 3445; baseline -0.002 -19"><span class='ocrx_word' id='word_1_262' title='bbox 185 3364 385 3428; x_wconf 89' lang='lat' dir='ltr'>Philemonem</span> <span class='ocrx_word' id='word_1_263' title='bbox 407 3363 624 3425; x_wconf 90' lang='lat' dir='ltr'>commentariis</span> <span class='ocrx_word' id='word_1_264' title='bbox 647 3361 797 3442; x_wconf 89' lang='lat' dir='ltr'>explanat,</span> <span class='ocrx_word' id='word_1_265' title='bbox 821 3361 939 3427; x_wconf 87' lang='lat' dir='ltr'>Paulum</span> <span class='ocrx_word' id='word_1_266' title='bbox 963 3365 1168 3445; x_wconf 88' lang='lat' dir='ltr'>interpretatur</span> <span class='ocrx_word' id='word_1_267' title='bbox 1185 3365 1211 3395; x_wconf 83' lang='lat'>¹⁸</span> <span class='ocrx_word' id='word_1_268' title='bbox 1234 3359 1462 3438; x_wconf 81' lang='lat' dir='ltr'>admirabilem,</span> <span class='ocrx_word' id='word_1_269' title='bbox 1484 3359 1567 3423; x_wconf 91' lang='lat' dir='ltr'>acsi</span> 
     </span>
     <span class='ocr_line' id='line_1_29' title="bbox 185 3447 1567 3566; baseline -0.004 -29"><span class='ocrx_word' id='word_1_270' title='bbox 185 3491 245 3537; x_wconf 87' lang='lat' dir='ltr'>vox</span> <span class='ocrx_word' id='word_1_271' title='bbox 266 3481 345 3537; x_wconf 88' lang='lat' dir='ltr'>esset</span> <span class='ocrx_word' id='word_1_272' title='bbox 359 3492 398 3535; x_wconf 89' lang='lat' dir='ltr'>ex</span> <span class='ocrx_word' id='word_1_273' title='bbox 414 3472 552 3535; x_wconf 89' lang='lat' dir='ltr'>hebraica</span> <span class='ocrx_word' id='word_1_274' title='bbox 573 3447 654 3566; x_wconf 55' lang='lat'>&amp;52</span> <span class='ocrx_word' id='word_1_275' title='bbox 672 3470 873 3548; x_wconf 78' lang='lat' dir='ltr'>admirabilis,</span> <span class='ocrx_word' id='word_1_276' title='bbox 895 3471 1028 3535; x_wconf 88' lang='lat' dir='ltr'>deducta.</span> <span class='ocrx_word' id='word_1_277' title='bbox 1073 3472 1190 3537; x_wconf 87' lang='lat' dir='ltr'>Sciebat</span> <span class='ocrx_word' id='word_1_278' title='bbox 1212 3469 1343 3535; x_wconf 80' lang='lat' dir='ltr'>Romam</span> <span class='ocrx_word' id='word_1_279' title='bbox 1364 3488 1474 3532; x_wconf 88' lang='lat' dir='ltr'>nomen</span> <span class='ocrx_word' id='word_1_280' title='bbox 1497 3487 1567 3532; x_wconf 84' lang='lat' dir='ltr'>esse</span> 
     </span>
    </p>
   </div>
   <div class='ocr_carea' id='block_1_6' title="bbox 186 3592 1571 4159">
    <p class='ocr_par' dir='ltr' id='par_1_9' title="bbox 186 3592 1571 4159">
     <span class='ocr_line' id='line_1_30' title="bbox 186 3592 1569 3709; baseline -0.003 -21"><span class='ocrx_word' id='word_1_281' title='bbox 186 3644 314 3709; x_wconf 87' lang='lat' dir='ltr'>graecae</span> <span class='ocrx_word' id='word_1_282' title='bbox 342 3626 464 3708; x_wconf 89' lang='lat' dir='ltr'>originis</span> <span class='ocrx_word' id='word_1_283' title='bbox 482 3628 519 3705; x_wconf 85' lang='lat'>¹’,</span> <span class='ocrx_word' id='word_1_284' title='bbox 546 3625 682 3706; x_wconf 87' lang='lat' dir='ltr'>idemque</span> <span class='ocrx_word' id='word_1_285' title='bbox 704 3642 812 3687; x_wconf 90' lang='lat' dir='ltr'>sonare</span> <span class='ocrx_word' id='word_1_286' title='bbox 833 3642 868 3687; x_wconf 89' lang='lat' dir='ltr'>ac</span> <span class='ocrx_word' id='word_1_287' title='bbox 889 3623 1013 3707; x_wconf 76' lang='grc' dir='ltr'><em>ῥώμην,</em></span> <span class='ocrx_word' id='word_1_288' title='bbox 1044 3623 1153 3703; x_wconf 84' lang='lat' dir='ltr'>robur,</span> <span class='ocrx_word' id='word_1_289' title='bbox 1178 3592 1347 3687; x_wconf 68' lang='lat' dir='ltr'>virtutem</span> <span class='ocrx_word' id='word_1_290' title='bbox 1373 3622 1569 3687; x_wconf 78' lang='lat' dir='ltr'>Nihilominus</span> 
     </span>
     <span class='ocr_line' id='line_1_31' title="bbox 186 3732 1568 3815; baseline -0.003 -16"><span class='ocrx_word' id='word_1_291' title='bbox 186 3737 216 3799; x_wconf 92' lang='lat' dir='ltr'>in</span> <span class='ocrx_word' id='word_1_292' title='bbox 238 3735 330 3799; x_wconf 88' lang='lat' dir='ltr'>altero</span> <span class='ocrx_word' id='word_1_293' title='bbox 352 3742 452 3797; x_wconf 89' lang='lat' dir='ltr'>contra</span> <span class='ocrx_word' id='word_1_294' title='bbox 466 3734 649 3797; x_wconf 77' lang='lat' dir='ltr'>turinianum</span> <span class='ocrx_word' id='word_1_295' title='bbox 672 3734 745 3796; x_wconf 88' lang='lat' dir='ltr'>libro</span> <span class='ocrx_word' id='word_1_296' title='bbox 767 3733 884 3797; x_wconf 90' lang='lat' dir='ltr'>scribit:</span> <span class='ocrx_word' id='word_1_297' title='bbox 927 3732 1023 3814; x_wconf 90' lang='lat' dir='ltr'>„Urbs</span> <span class='ocrx_word' id='word_1_298' title='bbox 1045 3733 1168 3814; x_wconf 90' lang='lat' dir='ltr'>apostoli</span> <span class='ocrx_word' id='word_1_299' title='bbox 1188 3752 1263 3797; x_wconf 86' lang='lat' dir='ltr'>uoce</span> <span class='ocrx_word' id='word_1_300' title='bbox 1284 3733 1400 3797; x_wconf 90' lang='lat' dir='ltr'>laudata</span> <span class='ocrx_word' id='word_1_301' title='bbox 1422 3735 1568 3815; x_wconf 87' lang='lat' dir='ltr'>interpre-</span> 
     </span>
     <span class='ocr_line' id='line_1_32' title="bbox 187 3840 1571 3928; baseline -0.004 -18"><span class='ocrx_word' id='word_1_302' title='bbox 187 3852 250 3910; x_wconf 88' lang='lat' dir='ltr'>tare</span> <span class='ocrx_word' id='word_1_303' title='bbox 278 3853 358 3908; x_wconf 90' lang='lat' dir='ltr'>tuum</span> <span class='ocrx_word' id='word_1_304' title='bbox 380 3862 503 3924; x_wconf 81' lang='lat' dir='ltr'>nomen3</span> <span class='ocrx_word' id='word_1_305' title='bbox 524 3841 721 3928; x_wconf 81' lang='lat' dir='ltr'>fortitudinis</span> <span class='ocrx_word' id='word_1_306' title='bbox 749 3851 795 3906; x_wconf 90' lang='lat' dir='ltr'>est</span> <span class='ocrx_word' id='word_1_307' title='bbox 817 3842 892 3926; x_wconf 94' lang='lat' dir='ltr'>apud</span> <span class='ocrx_word' id='word_1_308' title='bbox 909 3862 1053 3926; x_wconf 76' lang='lat' dir='ltr'>praecor,</span> <span class='ocrx_word' id='word_1_309' title='bbox 1082 3842 1271 3907; x_wconf 70' lang='lat' dir='ltr'>celsitudinis</span> <span class='ocrx_word' id='word_1_310' title='bbox 1294 3843 1369 3926; x_wconf 92' lang='lat' dir='ltr'>apud</span> <span class='ocrx_word' id='word_1_311' title='bbox 1390 3840 1571 3905; x_wconf 66' lang='lat' dir='ltr'>bebraecsf‘</span> 
     </span>
     <span class='ocr_line' id='line_1_33' title="bbox 187 3948 1569 4035; baseline -0.004 -15"><span class='ocrx_word' id='word_1_312' title='bbox 187 3953 325 4020; x_wconf 88' lang='lat' dir='ltr'>Sciebant</span> <span class='ocrx_word' id='word_1_313' title='bbox 345 3953 444 4017; x_wconf 90' lang='lat' dir='ltr'>Patres</span> <span class='ocrx_word' id='word_1_314' title='bbox 464 3950 574 4030; x_wconf 77' lang='grc' dir='ltr'>πάσχα</span> <span class='ocrx_word' id='word_1_315' title='bbox 595 3971 700 4016; x_wconf 87' lang='lat' dir='ltr'>vocem</span> <span class='ocrx_word' id='word_1_316' title='bbox 722 3972 790 4017; x_wconf 88' lang='lat' dir='ltr'>esse</span> <span class='ocrx_word' id='word_1_317' title='bbox 811 3948 947 4030; x_wconf 80' lang='grc' dir='ltr'>ἅκλιτον,</span> <span class='ocrx_word' id='word_1_318' title='bbox 970 3954 1092 4035; x_wconf 86' lang='lat' dir='ltr'>originis</span> <span class='ocrx_word' id='word_1_319' title='bbox 1114 3953 1280 4035; x_wconf 89' lang='lat' dir='ltr'>hebraicae,</span> <span class='ocrx_word' id='word_1_320' title='bbox 1302 3953 1440 4035; x_wconf 87' lang='lat' dir='ltr'>idemque</span> <span class='ocrx_word' id='word_1_321' title='bbox 1461 3959 1569 4015; x_wconf 90' lang='lat' dir='ltr'>notare</span> 
     </span>
     <span class='ocr_line' id='line_1_34' title="bbox 188 4062 1570 4159; baseline -0.001 -33"><span class='ocrx_word' id='word_1_322' title='bbox 188 4084 223 4127; x_wconf 92' lang='lat' dir='ltr'>ac</span> <span class='ocrx_word' id='word_1_323' title='bbox 244 4068 324 4159; x_wconf 55' lang='grc' dir='ltr'>Πρξ</span> <span class='ocrx_word' id='word_1_324' title='bbox 346 4070 519 4128; x_wconf 82' lang='lat' dir='ltr'>transitum.</span> <span class='ocrx_word' id='word_1_325' title='bbox 561 4063 691 4127; x_wconf 82' lang='lat' dir='ltr'>lustinus</span> <span class='ocrx_word' id='word_1_326' title='bbox 711 4071 809 4126; x_wconf 89' lang='lat' dir='ltr'>tamen</span> <span class='ocrx_word' id='word_1_327' title='bbox 831 4065 860 4125; x_wconf 88' lang='lat' dir='ltr'>in</span> <span class='ocrx_word' id='word_1_328' title='bbox 882 4062 1000 4145; x_wconf 88' lang='lat' dir='ltr'>dialogo</span> <span class='ocrx_word' id='word_1_329' title='bbox 1022 4080 1088 4125; x_wconf 91' lang='lat' dir='ltr'>cum</span> <span class='ocrx_word' id='word_1_330' title='bbox 1112 4063 1277 4147; x_wconf 79' lang='lat' dir='ltr'>Tryphone,</span> <span class='ocrx_word' id='word_1_331' title='bbox 1301 4062 1496 4126; x_wconf 81' lang='lat' dir='ltr'>Tertullianus</span> <span class='ocrx_word' id='word_1_332' title='bbox 1517 4062 1570 4125; x_wconf 80' lang='lat' dir='ltr'>ad-</span> 
     </span>
    </p>
   </div>
   <div class='ocr_carea' id='block_1_7' title="bbox 187 4215 1571 4519">
    <p class='ocr_par' dir='ltr' id='par_1_10' title="bbox 187 4215 1571 4519">
     <span class='ocr_line' id='line_1_35' title="bbox 188 4215 1569 4299; baseline -0.001 -19"><span class='ocrx_word' id='word_1_333' title='bbox 188 4236 292 4281; x_wconf 84' lang='lat' dir='ltr'>versus</span> <span class='ocrx_word' id='word_1_334' title='bbox 317 4217 459 4297; x_wconf 81' lang='lat' dir='ltr'>ludaeos,</span> <span class='ocrx_word' id='word_1_335' title='bbox 490 4216 597 4297; x_wconf 87' lang='lat' dir='ltr'>aliique</span> <span class='ocrx_word' id='word_1_336' title='bbox 626 4234 735 4279; x_wconf 88' lang='lat' dir='ltr'>nomen</span> <span class='ocrx_word' id='word_1_337' title='bbox 760 4215 829 4277; x_wconf 90' lang='lat' dir='ltr'>illud</span> <span class='ocrx_word' id='word_1_338' title='bbox 847 4222 1022 4295; x_wconf 76' lang='lat' dir='ltr'>passionem</span> <span class='ocrx_word' id='word_1_339' title='bbox 1043 4216 1183 4297; x_wconf 91' lang='lat' dir='ltr'>reddunt,</span> <span class='ocrx_word' id='word_1_340' title='bbox 1212 4236 1247 4280; x_wconf 91' lang='lat' dir='ltr'>ac</span> <span class='ocrx_word' id='word_1_341' title='bbox 1268 4219 1294 4279; x_wconf 92' lang='lat' dir='ltr'>si</span> <span class='ocrx_word' id='word_1_342' title='bbox 1316 4233 1458 4299; x_wconf 88' lang='lat' dir='ltr'>graecum</span> <span class='ocrx_word' id='word_1_343' title='bbox 1481 4215 1569 4295; x_wconf 66' lang='lat' dir='ltr'>foret</span> 
     </span>
     <span class='ocr_line' id='line_1_36' title="bbox 187 4323 1570 4407; baseline -0.001 -17"><span class='ocrx_word' id='word_1_344' title='bbox 187 4335 218 4390; x_wconf 88' lang='lat' dir='ltr'>et</span> <span class='ocrx_word' id='word_1_345' title='bbox 245 4325 311 4392; x_wconf 79' lang='grc' dir='ltr'>ἀπὸ</span> <span class='ocrx_word' id='word_1_346' title='bbox 338 4328 393 4390; x_wconf 82' lang='grc' dir='ltr'>τοῦ</span> <span class='ocrx_word' id='word_1_347' title='bbox 420 4324 554 4404; x_wconf 78' lang='grc' dir='ltr'>πάσχειν</span> <span class='ocrx_word' id='word_1_348' title='bbox 579 4325 733 4388; x_wconf 89' lang='lat' dir='ltr'>detortum.</span> <span class='ocrx_word' id='word_1_349' title='bbox 778 4323 907 4397; x_wconf 80' lang='lat' dir='ltr'>Quorum</span> <span class='ocrx_word' id='word_1_350' title='bbox 936 4326 1053 4407; x_wconf 90' lang='lat' dir='ltr'>quidem</span> <span class='ocrx_word' id='word_1_351' title='bbox 1082 4328 1210 4388; x_wconf 90' lang='lat' dir='ltr'>omnium</span> <span class='ocrx_word' id='word_1_352' title='bbox 1232 4325 1414 4388; x_wconf 80' lang='lat' dir='ltr'>manifestam</span> <span class='ocrx_word' id='word_1_353' title='bbox 1437 4346 1478 4389; x_wconf 88' lang='lat' dir='ltr'>ex</span> <span class='ocrx_word' id='word_1_354' title='bbox 1499 4344 1570 4389; x_wconf 86' lang='lat' dir='ltr'>sese</span> 
     </span>
     <span class='ocr_line' id='line_1_37' title="bbox 188 4434 1571 4519; baseline 0 -22"><span class='ocrx_word' id='word_1_355' title='bbox 188 4453 339 4518; x_wconf 87' lang='lat' dir='ltr'>caussam,</span> <span class='ocrx_word' id='word_1_356' title='bbox 379 4444 409 4500; x_wconf 90' lang='lat' dir='ltr'>et</span> <span class='ocrx_word' id='word_1_357' title='bbox 439 4456 457 4499; x_wconf 89' lang='lat' dir='ltr'>a</span> <span class='ocrx_word' id='word_1_358' title='bbox 488 4436 572 4499; x_wconf 89' lang='lat' dir='ltr'>nobis</span> <span class='ocrx_word' id='word_1_359' title='bbox 608 4434 705 4517; x_wconf 91' lang='lat' dir='ltr'>paullo</span> <span class='ocrx_word' id='word_1_360' title='bbox 736 4442 803 4497; x_wconf 88' lang='lat' dir='ltr'>ante</span> <span class='ocrx_word' id='word_1_361' title='bbox 835 4444 1107 4519; x_wconf 89' lang='lat' dir='ltr'>commemoratam,</span> <span class='ocrx_word' id='word_1_362' title='bbox 1147 4435 1237 4498; x_wconf 90' lang='lat' dir='ltr'>multo</span> <span class='ocrx_word' id='word_1_363' title='bbox 1268 4434 1364 4499; x_wconf 90' lang='lat' dir='ltr'>reddit</span> <span class='ocrx_word' id='word_1_364' title='bbox 1394 4435 1571 4499; x_wconf 88' lang='lat' dir='ltr'>lucidiorem</span> 
     </span>
    </p>
   </div>
   <div class='ocr_carea' id='block_1_8' title="bbox 190 4615 1573 5012">
    <p class='ocr_par' dir='ltr' id='par_1_11' title="bbox 190 4615 1573 4907">
     <span class='ocr_line' id='line_1_38' title="bbox 254 4615 1573 4696; baseline 0.003 -21"><span class='ocrx_word' id='word_1_365' title='bbox 254 4618 298 4694; x_wconf 73' lang='lat'>¹²)</span> <span class='ocrx_word' id='word_1_366' title='bbox 320 4618 360 4675; x_wconf 82' lang='lat' dir='ltr'>Gt.</span> <span class='ocrx_word' id='word_1_367' title='bbox 381 4618 514 4677; x_wconf 83' lang='lat' dir='ltr'>Barthium</span> <span class='ocrx_word' id='word_1_368' title='bbox 536 4619 563 4677; x_wconf 88' lang='lat' dir='ltr'>iu</span> <span class='ocrx_word' id='word_1_369' title='bbox 583 4617 698 4676; x_wconf 79' lang='lat' dir='ltr'>Adsere.</span> <span class='ocrx_word' id='word_1_370' title='bbox 725 4616 772 4673; x_wconf 89' lang='lat' dir='ltr'>lib.</span> <span class='ocrx_word' id='word_1_371' title='bbox 794 4615 851 4674; x_wconf 90' lang='lat' dir='ltr'>Vll.</span> <span class='ocrx_word' id='word_1_372' title='bbox 966 4618 1009 4696; x_wconf 76' lang='lat'>¹⁹)</span> <span class='ocrx_word' id='word_1_373' title='bbox 1043 4618 1102 4675; x_wconf 87' lang='lat' dir='ltr'>Nisi</span> <span class='ocrx_word' id='word_1_374' title='bbox 1133 4619 1203 4676; x_wconf 82' lang='lat' dir='ltr'>torte</span> <span class='ocrx_word' id='word_1_375' title='bbox 1237 4619 1411 4692; x_wconf 77' lang='lat' dir='ltr'>praeferenda</span> <span class='ocrx_word' id='word_1_376' title='bbox 1446 4619 1573 4679; x_wconf 76' lang='lat' dir='ltr'>rideatur</span> 
     </span>
     <span class='ocr_line' id='line_1_39' title="bbox 190 4723 1571 4802; baseline 0.004 -22"><span class='ocrx_word' id='word_1_377' title='bbox 190 4740 249 4798; x_wconf 84' lang='lat' dir='ltr'>cap.</span> <span class='ocrx_word' id='word_1_378' title='bbox 270 4724 316 4781; x_wconf 85' lang='lat' dir='ltr'>tv.</span> <span class='ocrx_word' id='word_1_379' title='bbox 902 4725 995 4799; x_wconf 75' lang='lat' dir='ltr'>origo,</span> <span class='ocrx_word' id='word_1_380' title='bbox 1017 4742 1095 4798; x_wconf 87' lang='lat' dir='ltr'>quam</span> <span class='ocrx_word' id='word_1_381' title='bbox 1115 4723 1221 4802; x_wconf 82' lang='lat' dir='ltr'>livius,</span> <span class='ocrx_word' id='word_1_382' title='bbox 1240 4726 1386 4798; x_wconf 85' lang='lat' dir='ltr'>Dionysius</span> <span class='ocrx_word' id='word_1_383' title='bbox 1404 4725 1571 4787; x_wconf 72' lang='lat' dir='ltr'>munnae·</span> 
     </span>
     <span class='ocr_line' id='line_1_40' title="bbox 900 4831 1570 4907; baseline 0 -19"><span class='ocrx_word' id='word_1_384' title='bbox 900 4832 1004 4907; x_wconf 86' lang='lat' dir='ltr'>sensis,</span> <span class='ocrx_word' id='word_1_385' title='bbox 1036 4831 1188 4889; x_wconf 84' lang='lat' dir='ltr'>Plutarchus</span> <span class='ocrx_word' id='word_1_386' title='bbox 1215 4837 1243 4891; x_wconf 86' lang='lat' dir='ltr'>et</span> <span class='ocrx_word' id='word_1_387' title='bbox 1266 4831 1366 4891; x_wconf 85' lang='lat' dir='ltr'>Plinius</span> <span class='ocrx_word' id='word_1_388' title='bbox 1395 4840 1570 4907; x_wconf 85' lang='lat' dir='ltr'>proponunt:</span> 
     </span>
    </p>

    <p class='ocr_par' dir='ltr' id='par_1_12' title="bbox 253 4931 1571 5012">
     <span class='ocr_line' id='line_1_41' title="bbox 253 4931 1571 5012; baseline 0.005 -19"><span class='ocrx_word' id='word_1_389' title='bbox 253 4935 297 5012; x_wconf 83' lang='lat'>¹⁸)</span> <span class='ocrx_word' id='word_1_390' title='bbox 317 4934 406 4993; x_wconf 86' lang='lat' dir='ltr'>Etiam</span> <span class='ocrx_word' id='word_1_391' title='bbox 423 4936 571 5009; x_wconf 73' lang='lat' dir='ltr'>Hesychius</span> <span class='ocrx_word' id='word_1_392' title='bbox 590 4935 701 4993; x_wconf 85' lang='lat' dir='ltr'>scribit:</span> <span class='ocrx_word' id='word_1_393' title='bbox 718 4931 852 5001; x_wconf 80' lang='grc' dir='ltr'><em>Παῦλος·</em></span> <span class='ocrx_word' id='word_1_394' title='bbox 901 4937 1013 4995; x_wconf 79' lang='lat' dir='ltr'>bomem</span> <span class='ocrx_word' id='word_1_395' title='bbox 1034 4936 1068 4992; x_wconf 90' lang='lat' dir='ltr'>ab</span> <span class='ocrx_word' id='word_1_396' title='bbox 1088 4937 1207 4995; x_wconf 86' lang='lat' dir='ltr'>eiusdem</span> <span class='ocrx_word' id='word_1_397' title='bbox 1235 4938 1374 4997; x_wconf 80' lang='lat' dir='ltr'>muditore</span> <span class='ocrx_word' id='word_1_398' title='bbox 1392 4938 1510 5001; x_wconf 87' lang='lat' dir='ltr'>ltcmulo</span> <span class='ocrx_word' id='word_1_399' title='bbox 1528 4939 1571 4999; x_wconf 83' lang='lat' dir='ltr'>‹ti-</span> 
     </span>
    </p>
   </div>
   <div class='ocr_carea' id='block_1_9' title="bbox 189 5030 1088 5122">
    <p class='ocr_par' dir='ltr' id='par_1_13' title="bbox 189 5030 1088 5122">
     <span class='ocr_line' id='line_1_42' title="bbox 189 5030 1088 5122; baseline 0.004 -22"><span class='ocrx_word' id='word_1_400' title='bbox 189 5032 358 5119; x_wconf 74' lang='grc' dir='ltr'>θανμασιὸς</span> <span class='ocrx_word' id='word_1_401' title='bbox 375 5030 396 5117; x_wconf 80' lang='grc' dir='ltr'><em>ἢ</em></span> <span class='ocrx_word' id='word_1_402' title='bbox 414 5033 538 5110; x_wconf 59' lang='lat' dir='ltr'>diarria</span> <span class='ocrx_word' id='word_1_403' title='bbox 556 5033 719 5122; x_wconf 77' lang='grc' dir='ltr'>σύμβουλος.</span> <span class='ocrx_word' id='word_1_404' title='bbox 902 5047 975 5099; x_wconf 83' lang='lat' dir='ltr'>ctam</span> <span class='ocrx_word' id='word_1_405' title='bbox 996 5043 1088 5103; x_wconf 79' lang='lat' dir='ltr'>luisse.</span> 
     </span>
    </p>
   </div>
   <div class='ocr_carea' id='block_1_10' title="bbox 0 0 1645 5416">
    <p class='ocr_par' dir='ltr' id='par_1_14' title="bbox 0 0 1645 5416">
     <span class='ocr_line' id='line_1_43' title="bbox 0 0 1645 5416; baseline 0 0"><span class='ocrx_word' id='word_1_406' title='bbox 0 0 1645 5416; x_wconf 95' lang='lat' dir='ltr'> </span> 
     </span>
    </p>
   </div>
  </div>
 </body>
</html>
