3258 5400
207 253 269 317 118
725 250 856 316 IalBBR
894 248 1061 318 mitius

209 421 307 506 paullo
328 427 396 485 ante
408 424 436 455 '⁰
458 421 674 509 recensuimus,
697 438 829 504 quasque
849 421 895 486 sin
915 420 1011 484 minus
1034 435 1154 500 omnes,
1175 417 1335 483 nobiliores
1356 426 1435 484 oute
1455 418 1559 502 conto

209 535 303 596 ω’·
335 539 381 596 est
408 530 575 608 Cassianus,
610 532 760 612 inquiens:
803 530 1041 611 „loterrogemus
1077 547 1221 592 summum
1248 528 1329 591 illum
1361 535 1391 591 ct
1422 529 1492 591 inter
1515 528 1560 591 do
1594 578 1595 581 ,

211 639 322 722 cipulos
347 637 533 721 discipulum,
561 647 592 703 et
616 641 692 703 inter
721 642 876 722 magistros
904 640 1087 720 mngisuun,
1116 640 1166 720 qui
1192 656 1334 702 romanae
1354 636 1494 700 ecclesiae
1518 654 1559 718 go

211 747 401 813 bernaculum
421 766 547 831 regens,
575 750 650 812 sicut
670 748 738 813 lidei
759 749 874 829 habuit,
905 750 993 813 itaet
1014 748 1170 812 sacerdotii
1189 748 1388 830 principatum.
1429 745 1479 809 Dic
1495 745 1560 808 nolis
1597 792 1598 861 1

211 874 294 941 ergo,
316 857 364 920 dic
385 857 470 921 nobis
491 875 677 940 quaesumus,
699 862 833 942 princeps
855 859 1054 941 apostolorum
1068 858 1163 937 Petro,
1185 858 1232 921 dic
1250 855 1492 939 quemadmodum
1511 874 1560 918 cro
1598 886 1599 963 g

213 967 285 1031 dero
306 966 451 1031 ecelesiae
474 966 618 1032 debeant?
640 987 766 1051 aequum
787 976 832 1033 est
852 970 948 1049 enim,
968 975 1001 1032 ut
1021 968 1206 1031 doceosnos
1227 966 1330 1029 doctus
1351 986 1368 1030 a
1390 964 1521 1044 Domino,
1541 972 1562 1026 et
1599 980 1600 1037 l

214 1078 328 1159 aperias
347 1076 432 1140 nobis
452 1079 584 1158 ianuam,
606 1080 688 1141 cuius
710 1078 822 1142 clavem
843 1078 990 1160 accepisti
1031 1076 1161 1140 Exclude
1182 1092 1286 1139 omnes
1308 1073 1495 1138 suffodientes
1511 1092 1563 1137 ooo
1600 1072 1601 1113 l

214 1186 318 1249 leatem
344 1186 476 1263 domum,
504 1194 535 1250 ct
554 1204 624 1268 eos,
650 1190 699 1268 qui
728 1206 783 1270 per
802 1186 979 1251 adulterinas
1000 1204 1142 1250 cavernas
1168 1193 1199 1248 et
1226 1184 1342 1247 illicitos
1362 1185 1471 1248 intrare
1491 1183 1563 1247 aditu
1601 1188 1603 1273 ζ

214 1296 385 1375 moliuntur,
411 1303 528 1377 averte,
555 1298 621 1378 quia
651 1304 763 1360 certum
788 1303 849 1373 eat,
879 1296 958 1378 quod
983 1295 1078 1360 nullos
1106 1296 1212 1359 ostium
1237 1296 1325 1377 regni
1343 1295 1454 1358 ialrare
1471 1294 1563 1376 pusi,
1603 1356 1604 1375 2

213 1406 270 1470 nisi
290 1407 338 1469 cui
360 1404 450 1469 clavis
470 1424 487 1468 a
507 1412 537 1468 te
559 1407 588 1468 in
608 1405 735 1470 ecclesia
756 1405 899 1469 collocata
911 1406 1064 1470 reserarit:
1085 1405 1133 1468 dic
1154 1422 1238 1488 ergo,
1260 1402 1501 1486 quemadmodum
1517 1419 1565 1464 uo
1604 1450 1605 1453 η

215 1513 288 1579 dore
308 1514 410 1579 lesum
432 1513 576 1578 Christum
598 1522 629 1579 et
649 1514 781 1579 confiteri
801 1532 988 1580 communem
1008 1515 1164 1580 Dominum
1184 1512 1374 1578 debeamm.“

711 1953 944 2049 cllul
991 1952 1087 2050 llll.

533 2183 779 2250 Protectontium
803 2186 949 2250 nouom
974 2186 1013 2250 dc
1032 2208 1080 2265 eo,
1108 2186 1188 2267 mod
1210 2187 1402 2250 antecedenti
1423 2192 1518 2266 captu
1538 2190 1572 2246 'an-

426 2303 585 2359 stitutrnus
612 2303 809 2380 argomento.-
836 2333 876 2344 -
903 2296 1089 2376 empmditur
1117 2319 1156 2361 oc
1182 2295 1357 2382 refutatur.-
1383 2331 1429 2344 -
1456 2294 1525 2375 gutd
1547 2313 1573 2355 co

428 2413 609 2490 argumento
621 2402 757 2488 ἁμέσως,
780 2405 855 2484 gaaid
874 2408 1015 2494 ἐμμέσως
1035 2405 1235 2488 conficiatur:
1255 2443 1297 2454 —
1316 2403 1440 2468 udum
1459 2403 1575 2467 loom

426 2512 574 2577 similium
600 2512 851 2595 reprelienditur:
875 2550 917 2563 -
937 2514 1059 2596 oliogoae
1080 2522 1317 2597 protestantium
1336 2522 1520 2598 oppoqnmn
1537 2533 1574 2574 re·

427 2624 583 2688 tonditur:
603 2660 645 2672 ·-
666 2626 807 2701 tumente
828 2646 871 2689 eos
893 2630 933 2687 tis
959 2626 1122 2707 demmpto
1141 2623 1229 2703 loeis,
1256 2623 1366 2706 quibos
1387 2621 1508 2688 Petrus
1527 2643 1575 2686 sao

428 2734 500 2799 diua
526 2743 582 2799 out
602 2733 729 2799 uitiosus
749 2743 947 2799 numeratur.-
967 2769 1007 2783 -
1028 2742 1237 2816 retorquetur:
1255 2775 1297 2788 -
1317 2745 1348 2800 et
1375 2742 1574 2821 arquatum

426 2853 513 2909 nocto
533 2846 654 2910 indiciis
674 2851 884 2908 commoratur.

325 3124 392 3183 137.
436 3062 633 3205 Quamquam
657 3124 782 3203 veritas,
810 3139 887 3203 quaa
914 3121 1007 3185 semel
1026 3122 1179 3187 constituta
1200 3123 1255 3186 rite
1278 3122 1380 3204 luerit,
1405 3124 1522 3206 propria
1539 3119 1577 3182 tir·

216 3231 316 3294 mitate
336 3237 463 3313 perstet,
488 3249 602 3313 suoque
623 3250 658 3296 se
683 3231 792 3295 lumine
813 3238 947 3313 tueatur,
973 3228 1062 3294 nihilo
1083 3236 1181 3293 tamen
1201 3233 1296 3295 minus
1317 3240 1347 3296 et
1366 3250 1424 3296 usu
1442 3239 1579 3314 receptum

217 3346 278 3420 est,
300 3346 331 3403 et
348 3342 461 3406 ratione
482 3342 707 3423 praescriptum,
736 3348 767 3403 ut
787 3341 811 3403 si
834 3357 909 3422 mue
933 3341 961 3404 io
983 3341 1156 3405 contrariam
1174 3347 1286 3423 partem
1307 3340 1381 3405 sorte
1401 3343 1579 3427 disputentur,

217 3465 254 3511 ea
275 3455 306 3513 et
326 3452 452 3514 examini
474 3449 629 3533 diligenter
648 3449 845 3531 subiciantur,
867 3467 903 3512 ac
922 3451 964 3513 uti
984 3450 1079 3531 decet,
1099 3451 1254 3533 perspicue
1274 3448 1447 3516 renotentur.
1488 3452 1579 3533 Neque

218 3557 297 3620 enim
325 3556 448 3621 dubitari
473 3558 511 3622 de
530 3561 566 3623 iis
586 3566 696 3642 potest,
724 3577 800 3642 quoe
821 3558 1003 3623 Phoebadius
1024 3560 1194 3641 aginnensis
1216 3559 1345 3623 emditus
1366 3565 1463 3644 quarti
1483 3559 1586 3626 sacculi·

218 3656 342 3746 smintor
361 3664 407 3729 liis
425 3667 543 3730 verbis¹
576 3666 712 3732 adfirmat:
755 3668 957 3750 „Destruenda
980 3677 1047 3733 sumt
1060 3668 1163 3747 alena,
1184 3677 1216 3733 ut
1234 3672 1343 3739 nostris
1364 3672 1519 3753 credatur,
1536 3686 1580 3731 nc

218 3776 286 3841 atris
307 3782 419 3853 autem,
442 3776 497 3839 nisi
518 3794 554 3839 ea
575 3775 681 3841 luerint
700 3778 865 3861 destructa,
887 3786 918 3843 ut
937 3779 1008 3844 solis
1028 3778 1110 3842 credi
1131 3779 1251 3862 debeat,
1277 3782 1393 3844 nonnisi
1412 3779 1581 3845 credendum

218 3884 337 3948 uideo.“
378 3883 462 3958 Quod
483 3893 514 3948 et
535 3885 693 3950 doctissimi
714 3888 844 3969 quique²
875 3906 931 3953 usu
951 3907 1070 3972 semper
1089 3907 1143 3953 suo
1165 3888 1405 3972 comprobarunt,
1434 3898 1465 3955 et
1484 3891 1582 3954 facien

219 3995 287 4058 dum
308 4012 376 4059 esse
397 3995 465 4058 inde
486 3994 660 4059 Aristoteles
681 3996 801 4081 collegit
812 4000 844 4079 ³,
866 3997 945 4081 quod
964 4007 993 4062 ct
1015 4006 1238 4063 contrariorum
1248 3997 1443 4081 prolationes
1465 4001 1503 4065 de
1522 4019 1581 4067 coo

279 4223 324 4300 u)
345 4239 388 4280 on.
412 4221 589 4281 isa-lac.
987 4226 1016 4303 ⁸)
1036 4226 1076 4286 De
1096 4226 1196 4302 Coelo,
1223 4226 1270 4284 lib.
1284 4226 1305 4282 l.
1326 4242 1385 4301 cap.
1399 4228 1441 4286 ll:
1473 4225 1518 4285 At
1536 4217 1582 4302 yolo

279 4329 325 4406 ⁷¹)
344 4327 384 4387 Da
404 4330 533 4387 locarunt.
554 4330 600 4386 lib.
615 4331 659 4388 lll.
680 4348 738 4405 cap.
752 4333 809 4390 ΧΠ.
928 4328 984 4391 sois
1003 4332 1130 4391 cauma
1149 4324 1313 4403 ἀποδείξεις,
1333 4323 1450 4406 o'noptm
1462 4328 1584 4408 ascitur

280 4434 306 4511 ¹)
336 4434 376 4491 Cd.
397 4433 530 4493 rancum
558 4437 593 4494 de
613 4438 753 4513 Trinitate,
780 4438 827 4496 lib.
846 4438 879 4497 ll
928 4438 1056 4497 ἐναντίων
1075 4437 1155 4497 aloia.
1175 4430 1238 4515 ἅμα
1257 4437 1287 4497 cl
1304 4437 1353 4496 sol
1370 4434 1478 4512 μᾶλλον
1496 4429 1584 4508 ἂνεῖη

218 4539 339 4597 Prooem.
359 4539 386 4614 3.
402 4540 434 4597 ll
928 4537 1013 4604 nord
1032 4537 1069 4603 co?
1088 4542 1221 4620 μέλλοντα
1240 4535 1448 4623 δοχθήσοσθαι,
1467 4562 1584 4619 unorum

277 4646 305 4723 ¹)
332 4647 391 4703 Non
413 4647 432 4704 il
454 4646 555 4721 solnm,
583 4648 626 4720 qui
646 4647 805 4705 scholastici
830 4665 879 4707 vo-
928 4642 1007 4708 κοόσι
1032 4643 1068 4710 roi
1094 4647 1150 4708 coir
1176 4643 1422 4729 ἅμφισβηνυύντων
1447 4642 1533 4726 λόγων
1550 4648 1584 4706 o

218 4751 273 4807 cari
299 4752 400 4826 solent,
427 4754 475 4810 aed
496 4753 586 4810 l’strca
606 4754 742 4827 inprimis,
768 4772 878 4828 qnorum
928 4748 1089 4833 amoinmc.
1108 4748 1141 4815 sd
1158 4749 1212 4835 yolo
1232 4749 1336 4833 ἐρήμην
1355 4749 1585 4827 κανσδααζνσθω

218 4872 299 4931 opera
325 4860 481 4934 ostendunt,
515 4868 610 4933 qounta
638 4877 699 4918 cura
726 4863 877 4920 refellendis
926 4862 1023 4934 δοκεῖν,
1042 4852 1125 4938 ἦττον
1143 4853 1180 4921 (ἲν
1198 4855 1265 4938 ἡμῖν
1283 4853 1414 4941 ὑπάρχοι.
1455 4864 1527 4932 Quas
1546 4861 1584 4918 di-

218 4962 413 5022 adversantium
434 4965 628 5023 obiectionibus
647 4966 821 5029 mcobuerioc
928 4950 1003 5024 ceres
1023 4969 1058 5026 ob
1079 4969 1172 5026 oculos
1186 4968 1349 5029 Tertulliano
1369 4968 1460 5046 loha,
1479 4967 1584 5024 damin
