3358 5400
664 234 809 309 carun
850 236 972 309 xxrra
1333 196 1335 201 ’
1443 248 1502 308 sn

118 410 317 495 delegaverat
329 406 462 476 suram
483 428 583 474 curam
601 411 824 475 ecclesiarum.“
841 440 845 447 ·
865 410 1009 476 Probinus
1029 410 1224 492 Hieronymus
1239 413 1279 491 ⁸²,
1303 413 1353 493 qui
1373 413 1504 477 adductis

119 520 237 598 verbis,
273 519 380 584 amia
400 528 471 600 pori
501 540 600 583 οοοοο
628 528 692 583 tres
717 528 788 585 aemi
814 518 1061 602 Hierosolymam
1087 519 1191 583 cidem
1219 515 1364 598 Petrum,
1391 524 1504 604 pergit:

120 629 210 709 „Non
229 637 262 692 ut
282 629 400 711 oculos,
422 647 527 712 genas,
550 618 720 711 vultumque
742 632 806 694 eius
828 631 983 711 aspiceret,
1006 638 1103 692 utrum
1125 629 1297 693 macilentus
1319 649 1356 692 an
1377 630 1504 711 pinguis,

121 739 238 804 adunco
260 756 333 803 naso
356 746 438 802 esset
458 756 496 801 an
516 746 612 817 recto,
641 746 671 801 et
692 747 786 802 uuum
815 737 942 802 frontem
962 741 1083 803 vestiret
1104 758 1203 819 coma,
1231 758 1285 819 an,
1314 747 1345 802 ut
1366 739 1505 803 Clemens

120 850 154 912 in
174 848 306 913 Periodis
328 849 394 911 eius
413 848 513 927 refert,
536 847 688 910 calviciem
702 847 827 911 baberet
849 850 878 910 in
900 850 1002 930 capite.
1044 846 1108 911 Nec
1129 857 1198 931 puto
1212 848 1390 931 apostolicae
1412 847 1505 911 luisse

122 958 289 1040 grauitatis,
322 965 353 1020 ut
379 964 447 1040 post
471 964 578 1020 tantam
607 959 724 1020 triennii
750 959 1016 1040 praeparationem,
1045 957 1153 1041 aliquid
1178 958 1337 1021 humanum
1368 959 1398 1021 in
1420 957 1506 1021 Petro

122 1067 252 1130 noluerit
272 1067 417 1148 aspicere.
461 1064 522 1129 Sed
542 1064 589 1128 bis
611 1065 704 1129 oculis
720 1068 834 1148 aspexit
851 1087 928 1148 cum,
951 1067 1056 1149 quibus
1079 1075 1108 1129 et
1129 1067 1217 1130 modo
1238 1069 1268 1130 iu
1290 1068 1422 1149 epistolis
1444 1070 1505 1132 suis

122 1176 248 1240 uidetur.
290 1175 342 1239 llis
364 1175 457 1239 oculis
472 1173 577 1239 Paulus
598 1175 669 1238 uidit
689 1176 827 1258 Cepbam,
850 1178 955 1261 quibus
977 1196 1055 1241 nunc
1076 1197 1092 1241 a
1114 1178 1313 1261 prudentibus,
1337 1178 1504 1259 quibusque
1533 1176 1537 1184 ⁴

121 1284 229 1350 Paulus
250 1288 314 1367 ipse
336 1286 522 1367 conspicitur.
565 1284 650 1358 Quod
671 1287 697 1348 si
719 1288 766 1349 cui
788 1304 848 1350 non
872 1288 998 1367 videtur,
1029 1306 1096 1351 cum
1126 1291 1271 1370 superiori
1292 1306 1384 1352 sensu
1405 1288 1507 1368 iungat
1556 1292 1559 1299 '

122 1394 200 1458 baec
229 1396 341 1473 omnia,
373 1393 452 1477 quod
480 1392 552 1456 nibil
576 1394 631 1458 sibi
652 1396 777 1478 apostoli
803 1397 986 1461 contulerint.
1029 1395 1103 1460 Nam
1126 1404 1155 1460 et
1182 1396 1261 1479 quod
1286 1398 1367 1459 visus
1397 1398 1435 1459 sit
1461 1398 1505 1458 irc

120 1503 374 1588 Hierosolymam,
401 1503 523 1567 adhoc
548 1505 639 1567 ivisse
665 1513 697 1568 ut
721 1505 837 1569 uideret
859 1505 1048 1588 Apostolum,
1074 1525 1134 1570 non
1161 1505 1294 1570 discendi
1314 1506 1426 1586 studio,
1456 1508 1505 1587 qui

123 1621 157 1677 et
180 1615 244 1696 ipse
270 1612 407 1676 eumdem
434 1613 660 1696 praedicationis
681 1613 806 1678 haberet
830 1623 998 1694 auctorem,
1028 1616 1085 1680 aad
1110 1613 1233 1679 bonoria
1252 1623 1349 1696 priori
1369 1599 1507 1696 apostolo

122 1721 314 1805 deserendi.“
354 1721 438 1786 Unde
460 1721 588 1788 Thomas
609 1726 862 1789 cantuariensis'³
887 1734 1003 1789 monet:
1047 1724 1177 1807 „Ductor
1191 1708 1345 1808 pontium,
1368 1727 1418 1807 qui
1440 1724 1505 1807 glo-

121 1835 228 1911 riatur,
258 1852 291 1896 sc
310 1851 369 1896 non
390 1835 426 1898 ab
447 1834 567 1898 bomine
589 1853 646 1897 nec
665 1853 720 1917 per
739 1834 890 1899 bominem
918 1835 1105 1917 evangelium
1133 1835 1289 1915 didicisse,
1318 1835 1373 1898 sed
1396 1837 1503 1898 instru-

124 1949 204 2005 ctum
224 1961 241 2005 a
262 1942 387 2025 Christo,
409 1944 542 2008 ascendit
561 1943 810 2029 Hierosolymam,
833 1964 899 2008 cum
922 1944 1123 2008 ecclesiarum
1140 1952 1278 2026 principe
1296 1944 1333 2007 de
1354 1943 1412 2008 lide
1434 1962 1505 2007 con·

122 2050 202 2131 tulit,
224 2069 265 2114 nc
287 2040 361 2114 lorte
383 2055 413 2117 in
437 2072 562 2116 uacuum
584 2062 718 2118 curreret
738 2055 787 2117 vel
808 2056 1017 2118 cucurrisset.“

231 2165 301 2223 276.
345 2163 428 2237 Quae
448 2170 596 2244 postrema
618 2163 708 2227 verba
733 2167 921 2231 occasionem
948 2164 1035 2228 nobis
1061 2165 1218 2246 praebent,
1247 2172 1279 2227 ut
1304 2182 1379 2246 quae
1401 2163 1507 2228 Paulus

124 2264 248 2332 narrare*
274 2272 385 2354 pergit,
414 2290 475 2336 nou
502 2273 607 2335 minori
634 2291 703 2335 cura
731 2274 955 2355 perpendamus.
1006 2274 1101 2348 Quum
1129 2276 1218 2356 igitur
1249 2281 1313 2337 astu
1344 2290 1507 2354 eorumque

125 2378 332 2443 malevolentia
356 2383 405 2464 qui
419 2384 447 2416 ⁸⁴
474 2389 664 2465 praepostero
684 2382 713 2443 in
732 2381 845 2464 Legem
865 2384 931 2447 zelo
954 2382 1136 2463 serebantur,
1158 2382 1251 2447 malus
1272 2382 1509 2446 increbresceret

122 2505 235 2567 rumor,
256 2487 337 2555 Pauli
358 2492 544 2574 euangelium
565 2493 602 2556 ab
624 2508 661 2554 eo
679 2490 824 2557 dissidere
846 2493 925 2575 quod
946 2493 1104 2557 deomena
1124 2494 1346 2575 praedicabant3
1368 2492 1438 2555 vidit
1458 2490 1506 2554 illc

1 2635 2 2638 =
124 2614 184 2679 quo
205 2596 349 2663 calumnia
373 2604 541 2683 pertineret,
565 2610 596 2666 et
616 2618 692 2684 quac
710 2609 875 2685 quantaque
896 2620 934 2665 ex
956 2621 991 2665 ca
1012 2601 1158 2685 proticisci
1181 2602 1354 2665 detrimenta
1375 2609 1506 2684 possent.

123 2705 305 2790 Quamquam
325 2712 414 2793 igitur
435 2714 554 2777 minime
575 2712 760 2776 dubitaret⁸⁸
783 2731 842 2776 non
864 2711 950 2776 aliam
972 2731 989 2775 a
1011 2730 1046 2775 se
1069 2711 1228 2774 doctrinam
1248 2710 1329 2774 tradi
1342 2711 1399 2773 nisi
1421 2728 1506 2792 quam

123 2817 307 2882 revelatione
331 2821 368 2885 ab
394 2822 519 2904 ipsomet
540 2820 605 2886 Deo
626 2823 786 2886 didicerat:
817 2829 847 2885 ct
873 2839 1047 2903 quamquam
1069 2837 1123 2902 pro
1145 2828 1227 2883 certo
1247 2819 1373 2882 haberet
1392 2818 1506 2901 praedi·

124 2928 272 2991 catiouem
301 2949 383 2994 suam
412 2951 477 2994 cum
501 2952 537 2996 ea
558 2933 735 2997 adamussim
757 2931 940 3009 consentire,
963 2947 1040 3011 quae
1060 2929 1218 2993 duodecim
1237 2928 1401 2991 communis
1427 2934 1506 3007 erat,

122 3035 311 3103 nibilominus
324 3042 353 3076 ⁸⁸
375 3049 443 3124 post
463 3042 682 3124 quatuordecim
703 3057 796 3105 annos
810 3042 838 3074 ³⁷
855 3038 1098 3121 Hierosolymam,
1120 3057 1196 3119 quae
1217 3037 1306 3101 sedes
1325 3043 1388 3098 erat
1403 3036 1506 3099 usitata

124 3147 338 3231 apostolorum,
369 3150 467 3216 πάλιν
485 3151 584 3216 denuo
605 3160 635 3216 et
656 3153 774 3215 omnino
795 3142 875 3214 aori
895 3145 1118 3232 ἀποκάλυψιν,
1140 3147 1238 3210 divino
1260 3148 1395 3211 instinctu
1417 3146 1505 3209 venit.

124 3255 187 3322 Sed
213 3275 270 3339 qua
294 3252 476 3341 pbtissimum
495 3264 609 3326 ratione
630 3257 787 3325 inducturi
816 3266 1022 3334 oecumenem,
1049 3264 1262 3337 internamque
1282 3254 1429 3320 Numinis
1456 3256 1507 3340 af-

122 3361 240 3448 flatum
253 3370 428 3450 aperuimus,
443 3367 574 3451 finalem
587 3391 660 3436 vero
674 3391 822 3436 caurauni
835 3372 960 3454 ipsemet
974 3386 1125 3451 exponens
1136 3370 1166 3401 ³⁸
1188 3368 1294 3449 inquit:
1329 3364 1506 3447 Ἁνεθέμην

123 3472 236 3550 αὖῐθῖς
257 3473 292 3539 τὸ
311 3475 505 3560 εὐαγγέλιον,
527 3473 851 3564 impetrantium
873 3480 993 3556 ἔθνεσι,
1016 3477 1084 3544 κατ’
1106 3475 1192 3541 ἰδίαν
1213 3475 1257 3548 br.
1279 3480 1345 3551 τοῖς
1367 3473 1506 3551 δοκοῦσι,

125 3582 170 3667 μή
191 3609 261 3661 πως
279 3590 325 3662 aie
340 3582 432 3653 aurbu
451 3594 554 3673 τρέχω
576 3584 598 3669 οἳ
617 3590 774 3675 ἔδραμον·
811 3590 939 3673 unasub
960 3590 995 3651 iis
1010 3588 1059 3669 qui
1073 3586 1294 3669 Hierosolymac
1312 3593 1396 3649 erant
1417 3604 1507 3648 evan-

125 3694 278 3778 getium·
309 3676 387 3779 quod
414 3700 551 3782 gentibus
577 3704 741 3784 annuncio,
767 3718 902 3765 seorsum
917 3701 944 3731 ⁴⁰
975 3714 1048 3760 vero
1069 3694 1147 3759 idem
1169 3695 1356 3777 evangelium
1386 3694 1507 3777 exposui

190 3903 236 3979 ³²)
257 3905 286 3962 lu
306 3920 402 3963 comm.
424 3910 458 3965 ad
478 3910 505 3967 b.
525 3909 544 3967 l.
905 3905 950 3982 ³⁹)
982 3906 1049 3964 lleic
1077 3895 1229 3980 εὐαγγέλιον
1255 3907 1313 3977 ipsa
1340 3910 1383 3959 est
1409 3903 1506 3959 Christi

131 4018 135 4023 '
189 4010 235 4086 ³³)
256 4011 354 4084 Epistt
374 4013 421 4070 lib.
437 4015 457 4071 l.
478 4018 558 4089 epist.
575 4016 679 4073 XCVII.
843 4012 975 4085 doctriua,
995 4028 1073 4082 quam
1094 4011 1189 4067 Paulus
1208 4011 1285 4066 Rom.
1300 4009 1321 4063 l.
1338 4008 1421 4065 t-3.
1443 4008 1508 4064 dicit

191 4115 237 4193 ³⁴)
263 4118 324 4175 net
357 4119 416 4177 XV.
444 4121 597 4179 20-21.
631 4121 690 4178 coll.
722 4119 792 4177 xxt
842 4109 994 4193 manditur
1012 4110 1085 4174 θεοῦ
1104 4114 1168 4191 περὶ
1192 4110 1243 4172 τοῦ
1267 4109 1328 4171 οἱοῦ
1354 4105 1454 4182 αὑτοῦ,
1482 4120 1510 4170 et

130 4220 272 4279 20-28.
567 4254 572 4259 ·
842 4224 918 4281 Rom.
930 4223 951 4280 l.
963 4223 991 4278 9.
1011 4214 1043 4281 ad
1060 4212 1213 4296 mundior
1231 4214 1281 4292 τῆς
1301 4216 1440 4296 decumus
1459 4214 1509 4277 τοῦ

192 4326 238 4402 “)
272 4326 304 4385 u
328 4327 396 4386 Tim.
426 4328 472 4385 tv.
495 4308 528 4387 l.
564 4303 623 4386 coll.
658 4329 741 4386 Galat
772 4330 792 4386 l.
843 4322 923 4387 daci.
963 4328 1045 4386 Venit
1071 4340 1138 4398 ergo
1166 4326 1393 4399 Hierosolymam,
1422 4331 1450 4381 ut
1475 4325 1509 4381 de

99 4424 107 4433 ”
131 4430 215 4489 tt-
226 4431 272 4490 li.
842 4435 905 4493 fidei
918 4434 1040 4492 docmina
1053 4449 1111 4488 cum
1127 4432 1258 4507 apostolis
1274 4432 1414 4488 conferret.
1434 4431 1509 4488 Unde

192 4537 238 4615 ⁸⁸)
260 4537 343 4595 Galat
364 4538 397 4595 lt.
420 4538 519 4596 t-a.
843 4541 1003 4598 Sobleusuer
1029 4540 1064 4598 ad
1087 4538 1198 4597 verbum
1223 4527 1379 4611 ἀνατίθημι
1404 4543 1510 4593 scatea-

191 4644 237 4721 Η)
261 4644 301 4703 Dc
320 4645 374 4701 boc
392 4645 464 4701 Pauli
492 4646 587 4702 itinere
613 4646 704 4702 canter
727 4663 794 4719 quac
843 4648 909 4704 tiam
923 4645 997 4702 Pauli
1017 4646 1059 4701 sic
1077 4645 1182 4702 reddit:
1203 4644 1421 4703 reordinandum
1441 4643 1509 4717 ipsis

129 4749 251 4807 rmlbunt
270 4748 400 4807 Bmouiua
420 4752 454 4808 ad
475 4767 516 4809 au.
533 4751 581 4826 bl,
602 4759 630 4809 et
649 4752 746 4824 Papius
768 4755 794 4810 ia
839 4754 977 4827 proposui
996 4752 1168 4824 doctrinam,
1194 4769 1276 4827 quam
1295 4754 1368 4810 irater
1383 4762 1510 4825 poponus

134 4855 236 4914 criticis
257 4856 484 4914 adnotationibus.
845 4858 958 4916 boden
977 4858 1061 4916 solco.

194 4961 241 5040 ⁸⁸)
263 4961 346 5020 auat.
368 4963 400 5021 n.
420 4964 449 5022 a.
910 4946 954 5038 ⁴⁶)
979 4963 1069 5022 otono
1090 4968 1134 5020 en
1152 4960 1284 5036 atriplice,
1311 4961 1344 5016 ne
1365 4973 1416 5029 qun
1435 4955 1511 5011 cam-

1212 5065 1300 5139 tt*
