3300 5402
167 275 230 339 882
687 273 820 341 LIBER
860 273 1026 340 sumus

166 443 244 506 ditio.
287 443 348 506 linc
369 443 552 507 ordinatione
573 451 603 507 et
619 446 826 523 successione,
849 463 885 509 ee
907 463 983 527 pune
1005 451 1051 507 est
1071 443 1108 507 ub
1129 442 1318 525 apostolicis
1339 443 1468 508 eddesia
1489 451 1548 508 tre

164 553 235 616 ditio
256 560 287 615 et
308 553 438 615 veritatis
458 554 647 634 praeconatio
667 556 858 635 pervenit²⁴⁹
881 571 975 635 usque
996 553 1033 616 cd
1053 571 1117 616 nus.
1159 553 1196 617 Et
1214 561 1260 618 est
1280 554 1450 635 plenissime
1471 553 1550 618 hsec

39 706 43 715 =
163 662 313 739 ostensio,
341 679 428 725 unam
453 669 482 724 et
504 662 639 725 eumdem
661 662 877 726 vivificatricem
897 662 986 726 iidem
1009 681 1096 743 csse,
1118 681 1194 745 quce
1216 665 1247 726 in
1268 663 1397 728 ecclesie
1417 663 1455 727 uh
1476 682 1548 746 epu

163 770 248 833 stolis
268 789 362 853 usque
382 789 460 835 nunc
481 774 519 835 sit
539 778 728 859 conserente,¹
748 778 779 834 et
798 772 901 835 tradite
923 774 952 835 in
973 772 1127 835 veritate.“

270 879 422 944 Ecclesiae
444 881 532 962 igitur
552 881 648 945 ubivis
669 878 792 945 diffusae
814 882 873 945 vim
896 883 1098 964 rationemque
1115 890 1260 962 partium,
1284 901 1302 944 e
1324 882 1429 964 quidm
1450 890 1548 946 totum

163 990 262 1053 existit
282 988 431 1054 ecelesiae
451 987 618 1053 cantuum
639 1011 759 1070 cerpus,
780 991 849 1054 inde
870 998 988 1056 sumunt
1009 1010 1044 1054 cc
1058 991 1199 1072 derivant,
1225 991 1304 1074 quod
1324 1013 1394 1055 sum
1414 989 1549 1056 ecclesis

163 1095 262 1176 Petri,
284 1118 360 1182 quue
382 1100 510 1164 ecclesis
531 1108 577 1163 est
597 1108 745 1178 numium,
765 1108 907 1187 princeps
929 1122 966 1164 uc
984 1108 1135 1181 poteritine·
1155 1109 1275 1165 undele
1290 1100 1370 1183 fidei
1386 1102 1546 1181 praediru-

101 1266 104 1273 .
162 1213 312 1287 ttcntspue
332 1210 507 1291 conspirent
550 1209 647 1283 Quare
668 1211 808 1292 primatus
828 1209 922 1291 Petri,
949 1210 1105 1294 eidemque
1126 1212 1211 1275 insitu
1235 1211 1407 1276 efficiendae
1427 1212 1547 1275 mustis

163 1319 319 1382 undositas
337 1324 524 1399 prinicipium
544 1317 625 1383 iliud
650 1327 695 1383 est
717 1320 796 1402 quod
817 1320 948 1384 Christus
970 1321 1091 1404 selegit,
1121 1327 1153 1383 nt
1174 1322 1300 1387 institute
1322 1340 1339 1384 u
1360 1339 1395 1384 se
1417 1320 1547 1407 ecclesie

167 1426 245 1491 iuret
266 1424 429 1503 οαῖῖοῖῖοα,
450 1436 481 1491 et
501 1426 717 1493 eaticliss’tctts
737 1438 812 1493 ncta
833 1431 1065 1513 splendesceret

272 1541 342 1599 406.
384 1536 432 1600 Ad
453 1537 590 1602 eumdem
610 1538 818 1603 declarandum
837 1541 958 1605 medum
978 1549 1110 1623 spectent
1131 1560 1207 1623 quse
1222 1542 1437 1624 Cyprianusu·
1460 1540 1548 1604 trudit

161 1645 199 1709 ds
215 1643 335 1730 plutine
354 1648 563 1725 sacerdotum,
591 1665 650 1729 quo
676 1656 707 1712 et
733 1647 903 1712 catholicus
932 1658 1123 1731 episcopatus
1151 1673 1248 1728 unus,
1279 1670 1314 1714 uc
1334 1671 1399 1713 una
1420 1649 1547 1714 efficitur

162 1754 312 1821 carnutes
331 1754 469 1819 ecclesis.
512 1757 763 1831 Quemadmodum
785 1760 863 1822 enim
877 1762 921 1793 ²⁴¹
945 1759 1122 1845 stipulum
1134 1758 1238 1842 plebes
1260 1781 1304 1823 em
1318 1766 1439 1823 unitate
1456 1780 1547 1839 prae·

161 1863 265 1929 edum
287 1866 392 1947 quibus
413 1864 550 1946 subsunt,
572 1874 719 1931 cantalene
740 1876 877 1949 corporis
901 1879 1081 1954 mutuantem
1102 1872 1141 1934 itu
1164 1869 1317 1953 praesules
1338 1886 1459 1949 omnm,
1480 1868 1547 1951 ple·

161 1975 274 2057 tresque
302 1975 415 2039 eisdem
444 1974 590 2040 nbnorrise
618 1999 713 2041 uuum
739 1977 923 2043 sadducum
944 1988 1167 2061 episcopatum,
1194 2000 1348 2060 unamque
1368 1980 1550 2043 constituunt

160 2082 343 2148 catholicam
370 2084 548 2167 ecelesiam,
576 2086 712 2169 qund²⁴³
736 2106 803 2151 cum
834 2089 962 2153 ecclesie
989 2090 1149 2154 cohaerent
1171 2088 1349 2171 principali,
1378 2088 1484 2151 radice
1509 2107 1547 2151 uc

160 2200 298 2270 matrice,
321 2212 396 2276 quse
418 2202 464 2257 est
481 2195 608 2259 ecclesie
633 2197 720 2277 Petri,
741 2218 836 2277 super
856 2218 947 2278 puem
967 2198 1164 2263 Dominus²⁴⁴
1189 2199 1351 2264 aedilicium
1373 2200 1546 2262 universum

162 2303 306 2386 findunt,
329 2325 479 2384 quemque
490 2303 614 2388 fontem
635 2313 842 2391 csiptnempue
862 2305 1031 2397 catholicae
1049 2317 1178 2373 mutetis
1199 2311 1327 2373 instituit

227 2459 290 2534 ’⁴’)
311 2460 350 2515 ci.
371 2459 551 2535 ilsuelcnium,
570 2463 610 2520 lis
624 2465 725 2523 Summi
739 2465 829 2522 Posti·
940 2465 1002 2540 ²⁴²)
1022 2465 1108 2541 Epist
1123 2464 1177 2523 LV.
1199 2466 1232 2522 sl.
1246 2465 1312 2522 uix.
1333 2465 1367 2522 sd
1380 2464 1543 2522 Cornelium.

162 2565 219 2621 seis
240 2566 415 2639 austeritate,
437 2582 496 2639 esp.
516 2566 551 2624 X.
806 2644 811 2653 ἱ

222 2667 285 2745 ²⁴¹)
305 2670 390 2745 Epist
402 2671 493 2730 dxix.
513 2672 648 2732 uixvt
670 2675 704 2732 sd
718 2676 827 2735 Floren-

159 2778 225 2834 tium
232 2777 390 2852 Pupienum:
405 2777 554 2853 „Loquitur
564 2779 619 2836 iilic
628 2778 826 2857 (Jonvtds.)

158 2883 261 2958 ish-us,
282 2899 363 2958 super
381 2900 460 2957 quem
481 2886 621 2942 sedidcsts
643 2887 728 2943 lueret
741 2889 826 2945 eccle-
938 2885 1000 2961 ²⁴⁴)
1020 2885 1106 2960 Epist.
1126 2884 1180 2941 XL.
1206 2884 1240 2940 sl.
1261 2883 1351 2941 xuni
1379 2885 1414 2942 sd
1434 2885 1544 2943 Plebs!

158 2990 215 3045 siu:
236 2990 366 3047 ecclesius
387 2993 495 3047 numius
511 2992 613 3049 docens
629 2999 657 3048 et
671 2993 824 3066 osteudens,
874 2993 1044 3048 uuiversum:
1085 2991 1176 3066 „Deus
1201 3007 1269 3049 uuus
1288 2997 1345 3066 sst,
1372 2997 1401 3047 st
1421 2990 1545 3048 Christus

69 3078 72 3085 ¹
160 3097 220 3168 quis
248 3097 299 3153 etsi
317 3103 470 3175 *coutumsx
492 3090 527 3154 'sc
552 3099 666 3170 superus
697 3099 826 3157 obaudire
874 3113 954 3170 uuus,
982 3102 1011 3153 et
1035 3113 1085 3153 uns
1109 3097 1241 3169 ecclesis,
1269 3105 1297 3154 et
1321 3097 1456 3154 cathedra
1481 3114 1544 3154 sus

158 3203 303 3258 nolentium
325 3202 465 3258 multitudo
486 3202 622 3279 discedet,
651 3206 764 3263 ecclesis
785 3214 826 3263 ts·
874 3222 957 3280 super
977 3204 1084 3261 Pensm
1110 3201 1158 3275 (sl.
1178 3221 1262 3277 usper
1278 3204 1400 3278 petram)
1428 3203 1544 3261 Domini

159 3324 218 3363 meu
246 3325 261 3362 s
290 3307 396 3364 Christo
423 3323 476 3365 nou
503 3310 621 3385 recedit,
649 3319 677 3369 et
701 3312 739 3368 illi
765 3319 827 3369 suut
873 3328 942 3368 coes
960 3311 1089 3382 fundate
1190 3309 1317 3381 Quisquis
1337 3309 1401 3366 silini
1422 3310 1543 3382 college-

158 3414 272 3470 ccclesiu
293 3414 372 3489 pleds
390 3416 533 3472 recaduti
552 3418 695 3490 adunate,
724 3427 751 3475 st
765 3437 824 3492 pu·
875 3419 923 3491 rit,
944 3418 1056 3491 spergit
1098 3414 1253 3471 Adulterum
1274 3422 1330 3488 est,
1359 3414 1470 3488 impium
1490 3422 1543 3488 est,

156 3522 226 3577 stcri
256 3536 306 3577 sue
337 3539 409 3595 pres
438 3524 602 3580 adhaerens
655 3525 730 3581 Unde
755 3526 825 3580 scire
874 3522 1033 3594 sacrilegum
1049 3526 1100 3594 est,
1120 3520 1305 3594 quodcumque
1322 3520 1437 3577 incusso
1450 3521 1542 3576 iurers

159 3626 243 3682 debes
268 3629 423 3702 episcopum
444 3631 470 3685 in
491 3631 604 3686 ecclesis
632 3645 708 3703 esse,
734 3637 762 3685 et
781 3646 826 3685 ec·
875 3631 1035 3703 instituitur,
1063 3636 1093 3684 ut
1113 3627 1256 3700 dispositio
1276 3627 1374 3683 dim
1391 3624 1542 3682 molar-‘⁶

159 3731 268 3788 clesism
296 3733 323 3788 in
344 3734 492 3810 episcop03
520 3736 590 3791 etsi
610 3736 655 3807 qui
683 3751 741 3791 cnm
769 3735 826 3808 epi·
874 3734 909 3791 Et
929 3736 1007 3809 epist.
1022 3733 1076 3790 LV.
1097 3710 1217 3789 stilx:
1244 3732 1357 3806 „Petrus
1378 3738 1476 3805 tumen,
1496 3747 1544 3788 su·

161 3852 245 3911 scopo
266 3853 319 3895 neu
340 3840 408 3912 sint,
437 3842 463 3895 iu
485 3841 598 3896 ccclesia
622 3856 675 3897 unu
695 3855 773 3916 esse3
799 3848 826 3896 et
874 3858 922 3915 per
948 3856 1024 3913 quem
1052 3838 1192 3895 sediiicstu
1214 3855 1229 3893 c
1248 3837 1364 3894 {tumim
1393 3838 1478 3894 lueret
1498 3852 1545 3892 ec·

159 3944 255 3999 irustm
277 3944 330 4000 sibi
356 3944 469 4002 blandiri
496 3961 559 4019 eos,
587 3947 631 4018 qui
652 3962 745 4020 penem
766 3962 825 4002 cum
874 3948 972 4017 cissis,
993 3960 1060 4001 unus
1079 3959 1129 4017 pro
1151 3945 1274 3999 omnibus
1294 3943 1420 4017 inquens,
1442 3948 1470 3998 et
1488 3958 1541 4000 sc·

159 4050 345 4106 sucerdotilms
370 4048 419 4107 liei
445 4066 498 4106 uon
523 4051 652 4109 hebentes
679 4052 823 4126 obrepunt,
874 4054 978 4111 clerice
998 4069 1067 4108 noce
1086 4050 1260 4123 respondeus,
1282 4050 1334 4104 sit:
1354 4048 1483 4119 Domine,
1503 4048 1544 4105 ss

938 2621 1000 2697 Μ)
1041 2622 1138 2697 npsn
1172 2621 1544 2681 xcv-tv-sxx-

876 2726 990 2784 uxxnr.

159 4161 187 4210 et
206 4155 320 4212 laterum
340 4155 409 4228 upud
430 4156 560 4229 quosdam
581 4159 775 4235 communicare
794 4175 824 4216 se
874 4177 953 4234 quun
979 4158 1117 4215 utmr‘
1163 4156 1281 4224 Quorum
1308 4155 1454 4210 cccssicus
1479 4171 1542 4211 ncr-

158 4261 284 4337 credunt3
309 4261 420 4334 meando
446 4262 565 4320 ecclesis
590 4282 661 4337 puae
686 4266 824 4323 cmdclica
874 4266 969 4321 borum
990 4263 1081 4320 subdit
1099 4262 1259 4319 Peneiouius
1280 4261 1313 4317 de
1327 4260 1430 4316 Summi
1443 4260 1541 4317 Pontii

157 4386 215 4425 ussa
229 4375 278 4437 est,
298 4369 386 4424 scissa
404 4384 462 4425 nen
481 4371 526 4441 rit,
546 4388 634 4445 neptae
650 4373 757 4443 dicim
774 4374 825 4429 sed
874 4373 998 4428 auctorit.
1020 4387 1077 4444 csp.
1092 4368 1156 4425 xil:
1176 4367 1265 4441 „Quid
1287 4367 1369 4438 igitur
1389 4366 1494 4439 mirum,
1516 4368 1541 4422 si

48 4512 50 4517 ι
156 4477 193 4532 sit
212 4476 306 4555 utique
330 4490 475 4546 cemma,
501 4484 528 4533 st
547 4478 752 4535 cciamontium
771 4479 824 4536 ridi
872 4479 993 4553 pcutilcx
1014 4475 1181 4548 dormimus,
1206 4474 1304 4545 aliique
1323 4478 1430 4528 veteres
1449 4477 1542 4545 putres

156 4582 275 4637 instem
313 4582 486 4639 sacerdotum
521 4584 628 4658 plutino
662 4586 823 4658 'emissust‘
871 4585 1005 4642 dixerint:
1029 4598 1163 4652 sumana,
1183 4580 1237 4638 icc
1256 4586 1310 4651 est,
1330 4578 1470 4635 esuum
1488 4592 1540 4635 sc-

157 4686 232 4755 Qms
251 4686 356 4743 diceres
377 4688 411 4745 sd
432 4704 523 4746 eorum
546 4706 674 4765 expresse
701 4692 823 4765 formem,
874 4692 970 4761 etesia,
991 4687 1204 4762 quandoquidem
1218 4686 1311 4742 Petrus
1324 4684 1460 4743 metatos
1473 4700 1543 4742 uses
1575 4739 1581 4751 ‚

156 4809 224 4865 quse
244 4793 271 4849 in
292 4794 413 4865 epistulis
432 4795 465 4851 sb
480 4796 587 4868 ignatio
606 4787 744 4873 dmpdprp
764 4814 825 4853 see·
873 4796 1035 4871 respondere
1056 4783 1217 4849 consueviti
1237 4791 1299 4864 quid
1320 4790 1414 4846 mirum
1435 4791 1460 4845 si
1480 4806 1543 4847 cur·

156 4897 267 4971 pissime
287 4905 448 4971 repetuntur.
872 4918 922 4977 pus
943 4900 1073 4958 ecclesius
1094 4915 1142 4956 ors
1161 4901 1204 4956 sui
1223 4896 1322 4971 cupitis
1339 4884 1505 4970 loquuturi“
