3374 5388
248 242 310 314 ilfi
736 239 869 311 LIBER
910 240 1143 313 smumnos

248 414 388 492 dicent‘n,
415 414 469 477 asti
489 413 540 476 dul
570 411 664 497 ταύτῃ
683 414 721 497 τῇ
740 420 839 497 πέτρᾳ
859 414 1061 499 οἰκοδομήσω
1085 437 1150 500 μου
1177 409 1234 493 raia
1257 416 1430 495 dnniqpius.
1471 416 1519 481 Est
1536 417 1608 500 ipittn

248 524 351 589 Simon
375 530 466 603 petru
487 520 651 601 ecclesiae,
681 531 710 586 et
731 533 907 604 camerate
927 526 971 590 nd
991 523 1168 605 ecclesiane,
1202 527 1249 588 cui
1268 528 1453 608 supponitur,
1482 544 1608 608 quamque
1642 576 1643 591 r

248 632 381 697 firmitate
401 632 537 696 divinitus
558 641 679 715 accepta
701 635 888 699 constabilire
910 635 1006 699 debet
1040 634 1116 709 Quid
1137 652 1210 700 vero
1231 634 1269 698 de
1289 634 1348 699 hoc
1367 637 1517 717 potissimo
1536 636 1609 697 inter·

247 744 417 824 pretationis
447 744 542 824 capite
569 741 731 808 Heinsius?
775 745 844 826 quid
873 744 911 809 de
941 744 1000 808 hoo
1029 745 1180 809 relationis
1211 747 1353 827 termino,
1385 764 1472 828 quem
1500 745 1609 811 cumn

247 859 326 916 tenta
340 854 545 935 perspicuitate
559 849 741 917 declaraviti
756 861 852 917 mutus
867 857 986 918 omnino
1002 862 1056 935 est,
1077 854 1147 918 iicet
1160 854 1243 936 plura
1257 855 1296 919 de
1309 856 1345 919 iis
1359 855 1466 919 hebeat
1480 854 1610 926 relationis

248 962 399 1042 terminu,
422 962 472 1044 qui
492 979 552 1025 non
573 960 807 1047 aedificamur,
836 963 892 1026 sed
915 963 1012 1029 solum
1042 962 1315 1049 matmetfieantor,
1343 967 1393 1047 qui
1413 970 1609 1037 euicerunt

247 1070 302 1134 sed
321 1078 354 1133 tn
374 1069 475 1134 luceru
491 1067 647 1134 subtiliter
664 1071 844 1157 proferendi
864 1082 946 1136 aunt.
1170 1056 1174 1061 ¹
1348 1154 1355 1161 ι

352 1180 398 1244 Ne
414 1188 511 1245 autern
526 1181 601 1246 haee
615 1184 678 1265 ipsa
691 1183 869 1265 accipiantur
890 1190 1091 1265 praepostere,
1115 1190 1146 1248 et
1162 1185 1193 1248 in
1205 1184 1366 1265 perniciem
1382 1182 1611 1265 exploratissimae

248 1291 377 1355 veritatis
406 1298 630 1370 convertantur,
658 1309 768 1374 operae
796 1294 919 1374 pretium
945 1291 1035 1356 fuerit
1061 1292 1321 1372 animadvertisse,
1350 1292 1456 1357 reterri
1485 1292 1612 1359 Simonem

246 1417 336 1482 posse
355 1400 377 1463 l.
393 1398 611 1481 adsormeiena
621 1422 779 1483 eumaem,
802 1422 860 1485 qua
879 1404 910 1466 in
924 1421 958 1466 se
972 1406 1069 1485 πέτρα
1091 1409 1150 1466 est:
1169 1402 1202 1466 li
1218 1404 1262 1467 ad
1273 1423 1423 1466 cesarem
1437 1400 1612 1484 officiatem,

247 1513 331 1574 errius
346 1512 453 1575 virtute
474 1511 604 1591 obtinuit,
629 1519 660 1575 ut
681 1518 778 1593 πέτρα
798 1512 946 1576 diceretur
964 1531 1001 1575 ac
1021 1520 1115 1577 esset:
1140 1511 1186 1575 lIL
1208 1512 1415 1576 attenuarem
1436 1516 1612 1583 mooun
1642 1502 1643 1525 ¹

247 1638 324 1702 quae
346 1620 557 1684 nobilissimam
578 1624 632 1697 τῆς
654 1627 768 1702 πέτρος
784 1622 1020 1704 praerogativam
1042 1621 1083 1684 illi
1104 1619 1285 1685 conciliavit:
1308 1629 1339 1684 et
1359 1621 1406 1684 tv.
1428 1622 1614 1684 ederaceae

246 1729 522 1812 instrumentalem,
544 1749 601 1813 qua
623 1730 770 1795 ecclesiae
792 1737 889 1810 πέτρα
910 1738 972 1810 est,
996 1730 1213 1813 ecclesiamque
1235 1732 1365 1794 eontinet
1384 1749 1420 1794 ac
1441 1737 1583 1795 sustentet

355 1846 403 1904 ts.
445 1839 584 1904 iamvero
608 1842 742 1922 quaestio
769 1840 806 1904 de
817 1839 953 1925 formali
978 1863 1094 1905 omnen
1121 1841 1223 1922 nequit
1242 1858 1311 1904 esse
1331 1840 1512 1923 expeditior,
1544 1857 1614 1921 quun

247 1950 348 2015 Simon
361 1947 540 2033 formaliter
561 1951 599 2013 sit
612 1957 695 2031 petra
717 1951 825 2015 eximio
841 1951 968 2032 modam
990 1953 1149 2030 consumto,
1170 1948 1371 2032 singularique
1386 1950 1538 2030 μετουσίᾳ
1555 1947 1614 2010 itlius

247 2060 451 2141 proprietatiS,
482 2058 519 2122 ob
547 2059 800 2140 quamChristum
829 2050 871 2122 ee
894 2081 981 2139 aeae,
1009 2080 1187 2139 summeque
1207 2059 1310 2143 predas
1338 2066 1453 2140 petram
1475 2060 1615 2141 prinoipen

246 2168 423 2251 profitemur.
1138 2205 1142 2214 ·

352 2278 458 2361 Neque
478 2279 569 2342 altera
590 2281 686 2342 minus
708 2279 843 2360 expedita
871 2281 908 2344 de
929 2277 1084 2363 efficiente
1108 2300 1241 2356 eaesae,
1272 2297 1349 2361 quiae
1375 2278 1477 2342 verbis
1505 2276 1615 2349 edertu,

248 2382 338 2470 xeiyai
363 2387 399 2452 di
420 2389 471 2452 ool
491 2388 584 2471 λέγω,
605 2385 653 2452 d'u
673 2381 713 2453 mi
734 2382 764 2452 ei
785 2387 922 2469 Πέτρος,
943 2407 979 2451 ac
1000 2390 1127 2470 ipsemet
1147 2396 1193 2453 est
1213 2388 1354 2467 Christus,
1377 2389 1428 2469 qui
1452 2407 1489 2452 ea
1508 2385 1616 2470 pmentu

247 2515 305 2579 qna
326 2498 423 2560 omnia
449 2504 546 2579 potest
573 2499 602 2561 in
628 2498 713 2561 caelo
741 2499 821 2563 etin
844 2505 938 2577 terra,
961 2495 1074 2577 elieoit,
1106 2506 1137 2561 nt
1160 2498 1261 2562 Simon
1283 2515 1406 2579 nomen,
1438 2488 1616 2575 invictamque

247 2614 348 2690 petrae
375 2607 539 2671 firmitatem
568 2615 809 2689 consequeretur.
852 2605 898 2671 Ex
923 2605 979 2670 hac
1005 2614 1104 2671 autem
1123 2606 1202 2671 Petri
1228 2607 1266 2671 ad
1293 2606 1473 2671 efficientem
1501 2621 1617 2670 censen

247 2716 390 2781 relatione
411 2718 619 2800 consequitur:
641 2717 663 2780 1.
686 2716 757 2779 nihil
778 2716 920 2797 impedire
942 2718 1115 2798 quominus,
1137 2718 1182 2780 sin
1201 2718 1298 2781 minus
1317 2724 1529 2801 premmetiee,
1550 2721 1617 2779 ente

246 2825 342 2911 topice
359 2826 401 2859 ¹⁶²
426 2826 574 2907 dicamus,
607 2821 737 2889 Petrum
758 2843 829 2890 esse
848 2848 868 2888 ο
888 2822 1011 2890 Christo
1037 2834 1144 2908 petra,
1171 2845 1232 2891 non
1253 2844 1341 2890 secus
1367 2844 1404 2888 ae
1423 2826 1525 2890 radius
1551 2832 1618 2887 esta

247 2936 321 3017 soie,
343 2957 361 3001 a
383 2934 580 3014 materians,
609 2943 640 2998 et
659 2953 759 2998 ramus
786 2954 803 2997 a
823 2935 944 2998 radice:
973 2934 1006 2998 ll.
1027 2935 1144 2999 Petrum
1171 2937 1215 2998 sic
1236 2954 1304 2999 esse
1333 2934 1484 2999 ecclesiae
1511 2942 1617 3015 respon

248 3054 279 3110 ut
298 3047 424 3128 primum
444 3064 479 3108 ao
499 3046 683 3126 potissimum
703 3050 799 3126 πέτρα
821 3043 967 3109 ecelesiae
988 3047 1025 3109 sit
1041 3045 1083 3078 '⁶³
1108 3044 1255 3120 Christus,
1277 3065 1294 3108 a
1316 3063 1374 3127 quo
1394 3046 1522 3127 ipsemet
1534 3045 1618 3108 Petrus
1642 3060 1643 3079 ³

247 3154 347 3219 hmuit
371 3163 404 3218 ut
430 3157 528 3235 πέτρα
553 3153 740 3218 redderetur:
771 3160 802 3217 et
821 3153 867 3216 lll.
896 3155 1020 3235 cogitari
1046 3154 1083 3217 de
1105 3153 1192 3217 Petro
1220 3172 1281 3218 non
1308 3172 1397 3237 posse
1425 3151 1617 3237 temqumde

247 3271 331 3344 petra
362 3263 524 3345 ecclesiae,
554 3265 623 3345 quin
655 3263 742 3327 simul
763 3283 799 3327 ae
828 3262 917 3326 multo
947 3265 1034 3327 etiam
1065 3265 1161 3346 magis
1188 3263 1226 3328 de
1254 3264 1369 3329 Christo
1397 3266 1561 3347 cogitetur3
1589 3280 1618 3323 ea

247 3378 395 3436 nimirum
415 3371 498 3457 teqe,
520 3394 581 3453 qaeu
601 3372 699 3437 senui
716 3371 847 3437 relativo
866 3370 1091 3456 totelitpuntur,
1112 3394 1150 3436 ae
1170 3371 1249 3439 otoo
1271 3381 1405 3454 mimum
1423 3375 1508 3454 qued
1524 3381 1568 3438 eat
1584 3371 1615 3404 ¹⁶¹

248 3480 406 3545 adclinata
424 3489 618 3562 principium.

356 3591 406 3657 [ie'
422 3613 537 3657 cauare
564 3610 654 3675 porro
678 3598 851 3671 meritorie,
869 3600 1001 3674 propter
1028 3609 1115 3674 qiam
1143 3591 1274 3658 Christus
1306 3593 1458 3659 Simonem
1486 3587 1618 3671 discipulis

316 3803 375 3879 aar)
409 3804 449 3861 De
478 3804 528 3859 trac
563 3804 718 3876 ontotogien
753 3803 917 3860 derivatione
968 3803 1061 3860 Petrus
1081 3810 1158 3877 petra
1178 3803 1309 3861 ecelesiae
1335 3804 1503 3880 ostenditur,
1529 3800 1616 3865 eodm

250 3911 389 3982 comune
405 3910 506 3984 Patres,
527 3910 589 3966 dnm
610 3927 625 3966 a
646 3910 754 3967 Christo
772 3917 854 3984 petru
873 3910 918 3967 si·
968 3925 999 3965 ac
1026 3908 1110 3965 multo
1123 3909 1219 3967 'etiam
1246 3911 1334 3982 magis
1353 3909 1475 3969 mnan
1502 3903 1616 3966 metune

252 4032 356 4077 monem
381 4017 480 4073 dietum
501 4017 611 4075 Petram
638 4016 789 4091 tradidere,
816 4017 918 4089 aliquot
967 4020 1042 4088 petra
1064 4015 1229 4073 ostendatur.

251 4123 404 4181 eorumden
426 4124 587 4181 testimoniis
607 4139 691 4197 nuper
711 4122 886 4180 ostendimus.
1034 4119 1094 4196 ¹⁶⁴)
1108 4120 1131 4178 li
1145 4121 1242 4194 quibus
1255 4120 1308 4179 duo
1322 4126 1482 4193 munna:
1499 4121 1520 4177 1.
1534 4125 1616 4177 unt*

316 4229 375 4306 ¹⁸⁸)
396 4229 481 4300 Quum
503 4230 530 4287 id
551 4229 802 4285 animadvertissent
814 4229 916 4299 Patres,
966 4243 1018 4300 qne
1038 4227 1281 4301 interpretationem
1303 4235 1403 4300 petrae
1421 4227 1455 4285 de
1474 4227 1578 4283 Christe
1594 4237 1617 4277 ae

250 4353 331 4412 super
361 4337 494 4394 Christum
525 4335 663 4392 aedificari
695 4334 837 4395 ecdeaim
867 4334 918 4390 do-
966 4334 999 4389 de
1019 4333 1097 4390 Petro
1118 4349 1181 4391 esse
1202 4334 1406 4405 immedinteer,
1433 4335 1495 4408 quia
1515 4330 1617 4391 metit!

251 4459 338 4503 nuere.
372 4441 431 4498 Non
451 4441 523 4513 quod
544 4441 682 4499 crederent
701 4440 721 4496 l.
743 4442 850 4519 nomine
869 4439 918 4499 ui-
967 4440 1048 4496 menti
1067 4440 1147 4497 simui
1167 4439 1363 4497 obversantur:
1383 4440 1412 4496 id
1432 4445 1521 4497 auten
1541 4436 1570 4495 ll
1587 4436 1617 4488 ie

249 4566 319 4623 apae
344 4544 435 4606 itatth.
456 4547 527 4605 xvi.
550 4547 596 4604 18.
622 4548 746 4620 proxime
770 4546 916 4635 significari
967 4552 1009 4604 ter
1037 4551 1175 4619 utramque
1202 4546 1365 4604 metutam
1397 4547 1529 4619 existere,
1558 4536 1616 4614 usti
1642 4568 1643 4643 p

251 4654 400 4712 Christum:
429 4669 483 4711 non
510 4655 582 4727 quod
606 4659 736 4727 negarem
760 4652 793 4709 lt.
813 4659 917 4727 petram
966 4654 1151 4726 interpretatio
1169 4658 1262 4725 petrae
1282 4651 1317 4723 de
1337 4651 1444 4710 Christo
1469 4656 1512 4708 eat
1535 4645 1616 4709 miii,

250 4762 284 4820 de
305 4762 382 4819 l'etro
408 4760 533 4836 proxime
552 4760 622 4836 dici3
651 4758 700 4816 aed
720 4758 792 4831 quod
811 4756 857 4815 ill.
878 4760 918 4816 in·
968 4776 999 4816 ac
1014 4776 1049 4816 ex
1062 4760 1130 4833 ipsis
1143 4760 1237 4816 hausta
1257 4757 1348 4833 rebus,
1370 4757 1616 4832 intepretentur

249 4866 402 4940 teiigerent
421 4883 480 4924 enm
500 4882 562 4925 ease
581 4882 680 4923 nexum
701 4866 770 4922 inter
784 4864 917 4923 cerumar
968 4866 1001 4923 de
1028 4865 1106 4923 Petro
1138 4870 1180 4925 est
1209 4862 1345 4938 aerleii„
1374 4865 1491 4941 ipsisque
1517 4857 1615 4923 aonii!

249 4979 352 5050 petrem
379 4981 407 5030 et
433 4973 538 5032 Petrum
562 4977 680 5050 penam,
708 4976 737 5028 ut
763 4985 817 5043 qno
843 4977 918 5029 textu
966 4960 1076 5047 cipioue
1098 4971 1257 5044 sipniticate.
