3374 5388
209 288 272 352 ⁴20
697 288 829 354 utens
866 284 1102 358 SECUNDUS

206 464 275 522 stae
300 475 409 522 nomen
435 457 565 541 protulit,
598 474 687 542 quum
709 458 788 541 quod
808 458 877 523 alibi
896 461 939 494 ”⁹
966 458 1206 535 adumbraverat,
1235 458 1416 523 enucleatius
1436 458 1589 540 capram,

206 569 410 651 rationemque
451 569 641 652 siprtidcarit,
676 587 733 651 qua
766 587 851 633 suum
889 571 953 653 ipse
994 587 1069 652 opus
1089 571 1131 603 ”¹
1175 577 1238 633 erat
1272 570 1465 652 perfecturus.
1521 568 1590 643 oms

206 679 339 741 iamvero
372 679 427 743 ista
459 698 561 742 secum
590 686 729 761 reputans
758 678 932 759 arbitretur,
965 679 1068 743 ,lesum
1095 698 1200 742 eorass
1231 678 1381 759 apostola
1414 678 1590 758 Ιιιιιιιιιιι,

207 806 277 850 coss
298 783 396 851 Petro
417 806 504 869 quem
525 787 659 852 laudibus
680 788 878 870 praemiisque
899 789 1021 853 ornabat
1041 785 1272 868 redimentem,
1303 796 1370 851 tons
1388 794 1523 868 primone
1542 809 1589 851 ce·

207 894 335 960 clessam
354 905 579 972 ιιιιιιιιιιιιιιιιι,
600 899 683 960 cuius
705 899 835 979 speciem
858 898 1049 981 proponebat,
1072 899 1206 963 oratione
1224 917 1309 962 usum
1332 917 1401 963 esse
1416 917 1493 981 quae
1515 898 1590 962 aliud

207 1008 384 1089 exprimeret
405 1025 441 1069 ne
464 1006 556 1069 verbu
575 1005 805 1088 praeseferrent,
828 1008 909 1070 etin
929 1025 987 1089 qua
1006 1014 1171 1074 matunctc
1191 1015 1294 1072 essent
1313 1009 1524 1092 scearpeorde,
1556 1026 1591 1071 ιι

206 1115 277 1179 nibil
299 1121 435 1195 proprio,
463 1114 535 1178 nihil
560 1114 646 1178 obvio
670 1137 781 1197 sensa,
812 1116 884 1180 nihil
903 1137 961 1197 pro
985 1118 1081 1182 ducta
1108 1126 1176 1200 ipso
1205 1118 1420 1198 oditsnctlsprse
1440 1119 1587 1189 sermonis

206 1227 300 1308 accipi
319 1223 491 1308 oporteret?
518 1224 643 1290 Videant
667 1227 757 1308 igitur
784 1234 982 1309 protestantes
1010 1246 1097 1309 quam
1125 1229 1394 1310 interpretationem
1421 1235 1591 1310 sequnntm.

207 1336 333 1399 Omnino
360 1334 526 1418 intelligent
552 1354 650 1417 neque
677 1343 913 1419 prammattcms
939 1336 1017 1400 illam
1043 1322 1128 1417 esse,
1163 1355 1263 1419 neque
1290 1335 1489 1414 metaneam,
1525 1355 1592 1400 cmc

206 1453 363 1529 propterca
384 1444 536 1530 scirpus,
558 1463 655 1528 coque
677 1452 872 1527 spectantem,
894 1453 926 1509 ut
944 1446 1016 1510 nihil
1035 1448 1074 1510 sit
1093 1447 1257 1529 reliquum,
1280 1444 1359 1529 quod
1380 1446 1595 1529 scriptun-urum

206 1557 377 1619 ιιιιοιὶιιιι
394 1558 488 1633 stand,
508 1554 645 1638 quodque
665 1553 771 1618 eadem
791 1554 922 1618 subverti
940 1556 1069 1620 vicissim
1090 1573 1150 1619 non
1170 1558 1272 1638 possit.

313 1688 361 1744 78.
405 1682 489 1757 Quae
519 1683 550 1745 in
578 1700 631 1745 eos
664 1682 751 1746 etiam
780 1699 909 1764 graecae
938 1683 1071 1746 factionis
1099 1681 1301 1745 schismaticos
1333 1681 1592 1746 animadvertendo

205 1798 288 1871 sunt,
321 1792 370 1873 qui
392 1790 478 1854 simili
499 1790 707 1873 interpretandi
724 1790 840 1854 licentia
861 1790 967 1855 Christi
991 1792 1082 1855 verba
1110 1792 1314 1873 depravarunt.
1357 1791 1468 1854 Horum
1496 1799 1594 1856 autem

206 1918 330 1964 numero
357 1901 484 1963 maxime
507 1901 627 1963 veniunt
654 1898 857 1964 schismaticus
878 1903 1037 1964 aucwr¹”
1061 1919 1078 1964 ι
1100 1901 1244 1965 Salmasio
1266 1900 1379 1979 editus,
1407 1900 1544 1964 llarlaam
1563 1902 1593 1963 ia

206 2026 298 2092 opere
311 2010 356 2043 ²⁹⁸
381 2009 418 2072 de
432 2008 559 2072 Primatu
579 2008 683 2091 Papae,
706 2010 788 2072 cuius
807 2009 897 2074 verbu
917 2012 1030 2089 recitat,
1053 2009 1209 2092 laudatque
1225 2013 1267 2045 ¹⁰⁴
1292 2010 1445 2089 soceros,
1469 2017 1500 2073 et
1513 2009 1595 2073 Nilus

204 2118 464 2183 thessalonicensis
478 2117 725 2201 archiepiscopus,
748 2121 797 2202 qui
809 2122 853 2155 ¹¹⁸
868 2121 912 2183 sic
931 2119 1040 2183 habet:
1061 2117 1271 2200 Ὠικοδόμησε
1284 2118 1345 2200 ptr
1357 2112 1413 2194 τήν
1425 2119 1595 2195 ἐκκλησίαν

205 2228 223 2288 d
244 2226 391 2309 Χριστός,
412 2225 595 2311 ᾠκοδόμησε
621 2226 659 2292 δὲ
678 2225 776 2306 αὐτὴν
796 2231 846 2291 ἐπὶ
867 2230 904 2310 τῇ
917 2227 1076 2311 θεολογίᾳ
1097 2230 1154 2292 τοῦ
1174 2224 1318 2307 Πέτρου,
1344 2228 1400 2291 καὶ
1420 2229 1472 2291 ἐπὶ
1494 2230 1593 2292 πᾶσιν

206 2337 236 2400 oi
265 2338 320 2412 τῆς
343 2335 486 2415 τοιαύτης
513 2336 684 2421 dpoloylac
709 2338 850 2426 potasse
878 2340 1012 2402 ἔσονται.
1066 2336 1256 2420 Aedificant
1283 2337 1405 2417 quidem
1431 2336 1593 2402 ecclesiast

205 2443 359 2524 Christos,
381 2445 554 2529 aedificarit
578 2468 651 2510 sero
670 2469 739 2512 sans
758 2468 854 2528 saper
874 2468 1014 2510 sermone
1035 2467 1126 2526 puers
1149 2448 1188 2510 de
1208 2447 1313 2511 divina
1336 2444 1454 2511 Christi
1474 2455 1594 2513 natare

205 2551 323 2619 Petrus
349 2554 513 2635 minoas,
544 2565 574 2621 ct
601 2576 696 2637 super
723 2553 861 2621 onsntbrss
890 2563 943 2637 put
967 2557 1115 2620 ammona
1149 2555 1356 2640 consessionis
1373 2558 1416 2590 “⁶
1445 2558 1594 2621 custodes

204 2674 303 2729 erant
792 2690 794 2695 ⁴

205 2904 373 2977 evangelium
393 2904 507 2975 legimus
534 2903 759 2980 mullipcremns,
786 2905 872 2961 eccle-
921 2904 1011 2978 pergit
1039 2904 1202 2961 testimoniis
1229 2900 1355 2974 (ingenis
1382 2903 1409 2957 iu
1440 2919 1499 2977 cap.
1521 2902 1593 2961 XVl.

205 3010 274 3067 siam
299 3026 359 3067 csse
384 3025 438 3066 non
463 3022 546 3083 posse
571 3026 639 3082 quae
659 3010 738 3068 Petro
758 3026 812 3069 non
832 3012 872 3068 tn·
920 3010 1056 3084 hethaei,
1076 3017 1105 3066 et
1124 3010 1197 3066 hom.
1217 3008 1288 3066 xvh
1311 3008 1337 3064 iu
1357 3007 1520 3082 ieremiam,
1540 3008 1592 3065 ba·

203 3118 311 3174 nitatur.
920 3117 991 3191 sitii,
1022 3122 1051 3172 ut
1070 3118 1129 3190 ipse
1150 3121 1256 3188 censet,
1291 3114 1319 3170 iu
1345 3129 1404 3186 csp.
1425 3114 1458 3171 IL
1487 3114 1590 3187 lsaise,

267 3220 328 3297 Ι”)
354 3221 445 3279 llattb.
466 3220 525 3278 Vll.
546 3219 687 3280 24-25.
717 3223 779 3280 coll.
806 3221 869 3279 hue
920 3222 1044 3294 Gregorii
1080 3222 1190 3294 nysseni
1224 3220 1258 3277 de
1291 3220 1410 3294 perlecta
1446 3220 1592 3279 christini

204 3326 262 3385 vti
283 3324 331 3383 48.
917 3329 1019 3403 forma,
1041 3335 1068 3384 et
1087 3327 1226 3384 Ambrosii
1248 3326 1294 3382 lib.
1309 3325 1355 3383 vt
1377 3327 1404 3381 lu
1425 3325 1535 3383 hucsm.
1660 3316 1661 3407 l

267 3432 328 3506 ¹⁹¹)
354 3432 427 3505 Opus
446 3448 559 3505 namque
580 3432 678 3492 Christi
706 3435 801 3492 merito
827 3435 869 3492 di·
978 3434 1033 3490 Sed
1053 3434 1074 3489 1.
1096 3448 1175 3507 quam
1195 3439 1291 3505 gerunt
1311 3434 1338 3488 lu
1357 3432 1400 3488 his
1425 3434 1592 3490 testimoniis

203 3541 273 3596 citur
304 3538 435 3595 ecclcsiae
469 3539 641 3615 aedificatio,
675 3542 738 3598 doh.
759 3541 792 3598 x.
815 3539 868 3615 ld,
914 3539 1085 3613 personans?
1117 3540 1297 3614 interpretem
1323 3520 1358 3596 ue
1388 3540 1434 3610 qui
1465 3529 1592 3616 ἀκριβῶς

204 3646 250 3704 lll.
271 3644 319 3703 52.
918 3646 1000 3702 verba
1021 3646 1172 3703 Sslrstoris
1192 3644 1360 3719 expendant,
1386 3644 1591 3719 curiosasque

267 3750 328 3826 ιη)
353 3750 434 3808 Cuius
454 3751 538 3807 verba
557 3752 622 3807 citat
641 3751 752 3808 lluetius
773 3753 800 3809 in
819 3768 869 3810 uo·
917 3752 970 3809 illis
990 3756 1152 3826 potestatem
1170 3766 1221 3825 pro
1242 3756 1367 3807 contexta
1393 3751 1521 3809 oratioue
1542 3752 1591 3809 de-

204 3857 238 3913 tis
258 3857 292 3913 ad
318 3855 394 3912 Tem.
414 3855 473 3912 llll.
499 3856 624 3927 Orlpenis
645 3859 672 3913 in
692 3858 867 3933 llsttbaeum,
918 3848 1043 3915 clmenti
1083 3863 1205 3914 neutrum
1240 3857 1456 3913 manifestissime
1495 3863 1590 3929 agust

203 3979 230 4019 ιι.
253 3960 299 4019 10.
917 3964 977 4033 Quo
1002 3965 1085 4036 igitur
1110 3970 1190 4036 pacto
1219 3963 1279 4020 illos
1308 3962 1415 4019 adducit
1443 3962 1590 4045 Suiccrus,

268 4065 761 4143 ¹⁹²)1teramurrpna‚1u.n
918 4086 950 4126 ac
982 4072 1006 4126 si
1039 4086 1147 4126 munere
1181 4070 1353 4142 interpretum
1386 4067 1469 4123 lauch
1504 4070 1590 4126 verbs

268 4170 328 4245 ¹⁰⁴)
348 4171 377 4227 lu
399 4171 535 4231 Thesauro
549 4174 704 4232 Ecclesiast.
718 4176 753 4234 ad
769 4193 796 4232 ι.
811 4176 868 4234 Πέ-
918 4176 1017 4232 Christi
1038 4176 1072 4232 de
1091 4175 1204 4247 singulis
1225 4174 1347 4231 lidehbus
1368 4166 1562 4246 recepissem?

203 4292 282 4353 spor,
302 4275 364 4350 §.h
385 4295 411 4334 n.
425 4277 453 4335 3.
976 4280 1015 4338 At
1033 4295 1121 4337 nonne
1141 4280 1174 4337 ll.
1192 4280 1333 4352 minuique
1349 4278 1464 4336 fidebam
1483 4281 1590 4338 sdsmi·

269 4382 329 4459 Ι”)
347 4383 387 4440 Ite
407 4384 523 4441 trimma
542 4383 644 4458 Papae,
663 4385 711 4443 lib.
725 4387 758 4443 11.
917 4388 998 4463 bunt,
1034 4393 1064 4444 nt
1089 4388 1126 4442 sit
1148 4394 1248 4461 patra,
1281 4402 1313 4441 ac
1335 4385 1532 4460 prosirr'bss,
1560 4393 1591 4443 st

268 4487 327 4565 ¹⁹⁸)
351 4489 395 4547 td
414 4505 510 4547 vocem
530 4490 620 4567 nispe
644 4492 755 4567 inquirit
774 4496 868 4554 Saice-
917 4494 1052 4566 dynam
1073 4496 1120 4568 ait,
1139 4492 1169 4550 ir
1187 4488 1223 4570 τῇ
1241 4487 1346 4569 ιριιιιῇ
1366 4483 1447 4567 φύσι
1459 4484 1494 4550 sd
1507 4484 1590 4569 sirpe

203 4610 264 4669 rus,
291 4611 342 4653 ιιιι
361 4614 395 4654 ne
416 4614 448 4653 sn
476 4597 614 4671 multiplex
640 4597 722 4656 luerit
746 4608 867 4659 ueterum
917 4617 987 4659 rrsor
1010 4595 1061 4659 sot
1085 4589 1221 4657 taraco
1245 4596 1292 4654 καὶ
1316 4587 1496 4672 ἀμιιάθιιοι
1528 4600 1591 4657 issi·

202 4701 308 4758 Panum
328 4703 361 4760 ds
381 4703 481 4761 Christi
501 4704 593 4762 uerbis
616 4705 816 4784 interpretatic3
837 4724 868 4765 ac
918 4696 1008 4764 nturi
1048 4707 1155 4781 lltiqus,
1175 4707 1225 4764 sed
1245 4722 1325 4779 qussi
1345 4705 1446 4763 docem
1463 4722 1519 4765 sou
1539 4708 1588 4765 osi
1660 4686 1661 4755 3

201 4810 291 4881 primo
311 4810 401 4867 ststim
421 4810 483 4868 loco
503 4811 617 4869 scribit:
637 4812 750 4886 psidssr
768 4814 868 4871 ιιὶιιι·
917 4813 1035 4887 dicans,
1063 4811 1107 4869 dai
1132 4804 1220 4891 ταύτῃ
1238 4808 1275 4889 τῇ
1293 4812 1381 4888 adspp
1408 4805 1587 4887 ιὸιιδιμῇιο

202 4922 268 4971 '¹¹⁸¹
294 4918 786 4993 mandisti-»rem
812 4934 868 4977 ιι·
916 4910 1585 4994 mesopotamiamque-sarus

203 5022 277 5078 sriss
306 5022 457 5098 dssipssri
507 5023 586 5092 onst
617 5038 681 5082 nor
710 5026 868 5083 wsbrmsrs
916 5024 966 5084 bss
985 5029 1084 5085 tsutsm
1103 5025 1196 5083 raam
1216 5027 1409 5100 enuntiem,
1429 5030 1585 5099 hamus
