3324 5382
684 273 830 342 CAPUT
871 273 947 341 XV·
1449 277 1506 339 nst

120 443 202 508 inter
224 442 423 527 Bengelius⁸⁴
448 445 552 525 uerba,
581 443 691 508 cunr
709 442 844 521 τούτων,
871 444 1004 526 exponit,
1026 449 1126 528 noph
1147 462 1239 523 quant
1261 439 1306 520 tt,
1328 443 1419 525 idest,
1441 465 1510 508 con-

118 552 269 633 discipuli
297 561 354 618 tut.
398 553 471 617 Tum
499 551 610 617 subdit:
646 554 717 634 „Sic
746 545 839 629 οὗτος
859 552 909 617 bic
929 573 957 616 u.
981 558 1030 616 21.
1073 552 1170 618 Antea
1187 553 1289 617 Petrus
1311 572 1346 617 se
1364 551 1437 633 plus
1458 551 1508 617 bic

116 665 329 747 praestitmum
350 663 480 743 dinem,
511 661 610 726 scith.
631 662 735 727 xxvi.
759 670 815 740 tt,
847 681 925 726 nuno
946 669 1044 726 autem
1065 663 1235 746 simpliciter
1256 664 1339 743 dicit,
1369 684 1438 727 cmo
1460 671 1508 739 te,-

115 744 181 837 non
204 773 299 853 sddit,
333 772 406 856 ptus
426 771 504 836 Μ
546 773 694 836 Consonat
721 771 943 853 Bloombeld⁸⁵,
980 774 1029 854 qui
1057 773 1110 836 tria
1140 792 1180 836 ex
1200 773 1302 837 ordine
1324 774 1437 837 statuit:
1474 792 1518 863 acy

3 970 4 973 Ἴ
115 886 255 966 inprimis
276 901 406 964 sensnm,
429 880 533 966 cilinio
551 902 600 945 arc
617 878 783 963 plurem
803 880 835 945 tt
854 904 904 946 rnc
926 881 1068 966 diligant,
1090 900 1158 945 esse
1180 883 1266 946 unice
1289 901 1408 947 verum:
1440 883 1509 947 huic

3 1010 4 1019 ¹
115 994 232 1058 deinde
259 995 361 1057 sensui
381 993 507 1074 optimos
529 1008 663 1075 quosque
684 1000 820 1074 veteres,
855 995 1098 1075 recentioresque
1126 995 1304 1075 interpretes
1337 992 1507 1077 suffragari:

3 1140 4 1181 ι
113 1104 243 1168 niterent
264 1110 415 1184 postremo
436 1103 640 1183 acceptionem
669 1103 795 1166 ieiunam
824 1122 911 1183 esse,
947 1103 1120 1186 longissime
1143 1104 1280 1184 petitum,
1316 1110 1346 1166 et
1374 1123 1391 1167 a
1418 1104 1507 1167 rebus

113 1215 191 1297 ipsis
214 1214 409 1294 personisque
431 1212 649 1275 abhorrentem.
693 1210 777 1275 Unde
798 1211 1039 1277 ltosenmttllerus
1053 1216 1081 1247 ³⁸
1105 1220 1252 1293 tamquarm
1274 1214 1305 1276 in
1325 1233 1360 1277 re
1390 1215 1508 1277 minime

114 1322 208 1388 dubis
230 1322 346 1386 scribit:
379 1318 546 1404 „biynnqic
567 1342 607 1403 pc
628 1319 735 1385 πλοῖον
755 1319 891 1397 rourum·
927 1343 1021 1386 omns
1037 1343 1085 1385 me
1105 1330 1205 1406 stupis
1226 1344 1319 1404 quom
1339 1322 1371 1386 li
1393 1328 1510 1388 ceteri?

113 1452 186 1497 nam
209 1430 330 1496 τούτων
349 1430 407 1495 boc
428 1429 495 1493 loeo
518 1438 563 1495 est
585 1430 746 1512 masculini,
769 1449 828 1494 non
850 1432 981 1495 neutrius
1003 1433 1133 1514 generis,
1155 1451 1212 1496 nec
1233 1452 1309 1516 quse
1329 1440 1373 1496 est
1388 1433 1509 1497 Wbitbii

113 1544 274 1621 metentis,
296 1542 334 1605 nd
354 1542 504 1623 navigium
525 1551 556 1604 et
574 1542 672 1622 pisces
692 1562 721 1603 v.
744 1548 773 1621 8,
796 1541 850 1604 sed
873 1541 909 1604 nd
931 1540 1062 1623 reliquos
1084 1542 1232 1625 apostolos
1251 1542 1412 1606 retertur.“

227 1652 306 1718 Sene
326 1650 372 1715 Vl
395 1649 452 1714 lec
473 1656 519 1713 est
537 1658 750 1734 prammcttcia
771 1659 866 1728 certe,
896 1670 1011 1734 usuque
1033 1653 1208 1734 scriptorum
1231 1651 1433 1734 comprobate,
1471 1653 1506 1716 ad

114 1763 278 1828 verbenam
301 1759 526 1826 collocationes
547 1760 656 1825 attendi
677 1769 736 1824 tum
766 1741 892 1825 maxime
921 1769 1073 1844 oportere,
1110 1780 1198 1844 quum
1227 1783 1244 1823 c
1271 1769 1507 1826 constructionis

109 1872 223 1954 formo
251 1890 360 1954 anceps
388 1870 481 1934 videri
510 1878 622 1953 potest,
658 1871 777 1953 quinem
812 1878 912 1934 mutuo
938 1873 1064 1939 ¹termini
1099 1871 1272 1935 referantur.
1325 1872 1507 1936 Constructio

114 1990 217 2047 antem
240 1982 413 2057 amborum,
443 1979 575 2064 ἀγαπᾷς
597 2002 636 2062 με
658 1980 767 2044 πλοῖον
786 1979 923 2057 codron·
953 2001 988 2045 ea
1010 1988 1071 2060 est,
1106 1999 1163 2063 qus
1187 1983 1338 2045 nonsatis
1363 1982 1507 2063 delinitur,

115 2091 237 2157 obiecto
254 2092 414 2172 nepotius,
435 2088 485 2173 ui
506 2090 561 2153 uni
581 2088 776 2165 τούτους,
798 2110 835 2154 an
854 2088 1001 2170 subiecta,
1023 2083 1300 2167 conuincitur,
1324 2090 1507 2154 adinvicem

116 2208 334 2287 comparentur.
378 2200 442 2282 lpss
463 2200 553 2282 igitur
574 2200 678 2282 inspici
698 2197 857 2264 collocatio
878 2200 980 2278 debet,
1017 2220 1112 2285 eaque
1139 2203 1272 2285 inspecta
1293 2202 1466 2285 ambiguitas
1489 2222 1507 2265 e

117 2315 218 2379 medio
238 2313 308 2379 tolli.
351 2311 484 2386 Quonam
506 2327 579 2373 vero
601 2309 703 2390 modo,
739 2329 778 2373 ne
805 2312 858 2373 ista
887 2310 1031 2392 inspectio
1059 2311 1144 2375 nobis
1172 2315 1208 2376 sit
1237 2310 1353 2375 iraudii
1388 2330 1425 2375 eo
1458 2313 1507 2394 qui

116 2433 222 2508 suapte
244 2429 348 2505 sponte
370 2419 556 2503 intelligitur,
592 2422 700 2502 quique
721 2438 738 2482 a
761 2422 959 2502 grammaticis
980 2420 1115 2486 truditur:
1151 2431 1187 2485 ut
1215 2429 1239 2484 it
1258 2429 1363 2485 mutuo
1386 2428 1508 2484 termini
1588 2462 1591 2469 ·

2 2563 3 2608 t
120 2535 214 2599 retati
234 2541 429 2608 censeantur,
453 2539 505 2612 qui
526 2539 599 2595 sunt
620 2535 712 2592 iusto
728 2535 831 2610 positi,
853 2550 948 2610 reque
967 2528 1131 2612 ύμέσως
1152 2537 1318 2610 rccipiunt.
1362 2532 1460 2606 liuore
1482 2533 1507 2594 si

1 2615 2 2700 Ῐ
115 2647 193 2711 inter
213 2644 254 2727 pi
276 2651 306 2707 et
323 2641 453 2717 τούτους
475 2640 579 2705 relntio
602 2639 815 2719 intercederet,
838 2641 877 2703 ita
901 2639 1025 2703 inissent
1045 2639 1136 2704 verbo
1158 2641 1353 2723 disponenda:
1376 2639 1506 2726 ἀγαπᾷς

1 2777 2 2782 ’
117 2740 442 2836 conresuscitatum
477 2769 567 2832 quum
589 2751 677 2833 igitur
698 2750 836 2833 disposita
858 2768 946 2813 secus
968 2752 1040 2830 sint,
1076 2744 1286 2832 legamusque,
1319 2750 1447 2835 ἀγαπᾷς
1468 2774 1507 2836 με

1 2835 2 2856 ¹
117 2865 229 2929 πλοῖον
246 2860 382 2940 sociemur
404 2860 540 2924 concludi
561 2859 663 2938 debet,
687 2857 839 2936 subtecto,
862 2881 922 2923 non
945 2857 1079 2939 obtecta,
1102 2857 1258 2924 Simonem
1280 2870 1308 2923 et
1331 2861 1505 2943 discipulos,

117 2996 181 3040 non
202 2972 361 3038 Christum
382 2978 413 3035 ct
434 2968 601 3051 &circulos
622 2970 658 3034 nd
680 2971 806 3034 invicem
827 2969 941 3034 reterri.

226 3083 270 3147 Eo
292 3082 340 3146 vel
362 3082 457 3164 magis
481 3081 540 3144 Vll.
565 3080 643 3162 quod
664 3079 791 3145 tohcnni
812 3080 984 3161 infrequens
1005 3079 1084 3143 baud
1105 3081 1156 3159 sit,
1190 3079 1305 3146 obiecto
1327 3092 1506 3163 comparata

1 3193 2 3204 ’
119 3194 247 3278 cipionis
269 3195 409 3275 iungere,
438 3189 577 3254 subtecto
598 3206 688 3269 vero,
717 3191 870 3253 interiecto
892 3192 1104 3271 comparativo,
1127 3199 1187 3254 tum
1209 3192 1296 3255 etiem
1317 3192 1449 3256 dividere
1472 3214 1506 3257 ac

1 3307 2 3312 ’
120 3322 277 3389 separare,
315 3319 403 3384 quum
433 3299 543 3364 nullum
571 3301 702 3363 imminet
728 3319 766 3363 ex
788 3297 976 3380 ambiguitate
999 3300 1170 3380 perieulum.
1208 3301 1309 3384 iungit
1329 3312 1506 3383 comparato

1 3431 2 3436 ¹
120 3413 237 3477 obtecto
258 3411 448 3475 scribens³⁷z
471 3410 542 3493 μήτι
563 3408 692 3473 πλείονα
711 3412 863 3492 σημεῖα
883 3406 1039 3472 τούτων
1061 3409 1188 3487 ποιήσοι.
1224 3411 1269 3474 Ac
1284 3413 1388 3475 iterum
1404 3415 1505 3497 iungit,

120 3523 228 3586 dum³⁸
253 3522 306 3585 nit:
342 3518 473 3602 μείζονα
501 3516 650 3595 ταύτης
677 3515 841 3600 ἀγάπην
870 3516 973 3592 οὐδεὶς
1000 3520 1072 3596 ἔχει.
1117 3522 1156 3582 At
1183 3518 1321 3584 subtecto
1350 3522 1450 3587 diuidit
1477 3532 1506 3587 et

122 3638 236 3714 separat
258 3632 387 3712 quum¹’
411 3629 487 3711 alibi,
509 3637 569 3693 tum
584 3631 612 3662 ⁴⁰
636 3629 786 3709 inquiens:
809 3626 853 3710 μή
876 3625 923 3691 σύ
943 3627 1062 3709 μείζων
1082 3625 1112 3692 ei
1131 3631 1205 3693 τού
1226 3630 1383 3711 πατρὸς
1404 3631 1504 3714 ἡμῶν.

120 3741 166 3804 Ac
187 3741 340 3804 denuo⁴¹:
379 3737 438 3803 ούκ
465 3740 529 3803 ion
554 3736 706 3811 δοῦλος
733 3737 849 3820 μείζων
874 3739 946 3800 τοῦ
973 3739 1121 3820 κυρίου
1142 3737 1247 3803 αὑτοῦ.
1291 3741 1396 3822 Liquet
1418 3742 1506 3824 igitur

121 3870 179 3916 non
201 3850 346 3914 Christum
368 3848 422 3912 sed
443 3848 559 3912 Petrum
581 3866 647 3911 eum
670 3846 808 3930 apostolis
831 3846 952 3929 reliquis
975 3846 1120 3930 conterri3
1143 3848 1287 3912 Christum
1312 3869 1384 3913 vero
1407 3851 1444 3914 de
1467 3872 1504 3915 eo

121 3961 320 4042 interrogare,
341 3976 402 4021 non
423 3966 518 4021 utrum
539 3955 642 4020 Petms
663 3958 775 4020 maiore
796 3957 889 4038 ipsum
911 3974 1012 4035 umore
1034 3976 1120 4039 quam
1143 3959 1257 4037 socios,
1287 3959 1504 4043 discipulosque

1 4113 2 4174 ι
122 4071 273 4154 diligeret,
311 4067 366 4132 sed
393 4075 487 4131 utmm
515 4073 696 4147 imperatore
722 4086 791 4128 enm
818 4074 963 4143 caritate,
999 4084 1085 4148 quam
1108 4068 1181 4129 socii
1202 4086 1238 4130 ac
1260 4069 1400 4152 apostoli,
1436 4091 1504 4155 pro-

1 4237 2 4258 ,
124 4186 305 4262 sequeretur.

231 4294 299 4350 227.
342 4285 494 4368 Equibus
517 4283 641 4348 efficitur
660 4284 739 4368 quod
760 4284 909 4349 christiani
930 4295 1027 4368 patres
1050 4305 1109 4349 uno
1131 4305 1184 4350 ore
1208 4296 1364 4373 testantur,
1399 4299 1503 4378 cinqu-

125 4398 221 4464 tnrem
249 4420 287 4461 nc
310 4394 404 4476 plane
430 4396 576 4459 criminin
597 4392 694 4459 Petro
720 4393 864 4460 collatam
878 4396 986 4482 fuisse
1007 4397 1195 4489 dignitatem,
1236 4399 1283 4463 ld
1301 4394 1406 4464 rem⁴²
1431 4405 1503 4466 Am·

187 4586 233 4659 ³⁴)
254 4583 283 4638 ιι
304 4581 398 4659 onon.
419 4582 452 4638 ιο
474 4581 534 4640 no.
555 4581 624 4637 xxi.
648 4578 693 4637 15.
901 4583 946 4658 Η)
968 4584 1035 4641 rora.
1056 4583 1125 4640 vm.
1148 4586 1200 4658 ss,
1211 4586 1292 4643 utu
1312 4588 1359 4644 ns

188 4689 233 4764 ³³)
254 4689 373 4746 innotis
394 4687 512 4745 adul.
968 4725 1035 4782 lbid.
1056 4726 1102 4781 lV.
1126 4725 1171 4783 12

188 4796 216 4828 ³⁸
254 4794 283 4851 ln
303 4793 412 4850 acboliia
434 4792 467 4849 sd
487 4793 514 4849 h.
535 4792 553 4848 l.

903 4727 947 4801 ⁴⁰)

192 4796 238 4977 ού)
257 4899 318 4957 50„
338 4898 396 4959 qn,
417 4898 464 4955 3,
903 4866 1034 4941 ⁴¹)urn
1054 4866 1124 4923 τοι
1147 4866 1198 4939 ro,
1219 4865 1276 4921 xv.
1298 4866 1346 4922 so.

192 5005 239 5081 δ·)
258 5006 325 5064 torn
345 5004 404 5064 xv.
427 5004 503 5062 rs..
905 5006 998 5083 ·)ιι
1018 5006 1232 5085 suumn
1148 5006 1232 5067 nont
1234 5007 1369 5068 .n..1rs
