3258 5400
607 283 752 351 CAPUT
794 285 870 352 XV.
1364 288 1425 350 1³7

73 459 214 519 οστιότλτντ
235 448 315 516 liber
334 458 406 516 noct
426 459 613 532 tastamenti,
635 461 688 534 qut
707 452 872 535 cpmtoltea
894 460 1025 519 omitteret
1042 461 1145 539 perta,
1167 454 1360 540 sufficienter
1379 462 1424 519 tn-

75 571 181 628 airaaent.
220 564 286 628 Nec
316 564 411 627 minus
439 565 520 628 varie
546 566 655 647 graeci.
700 563 810 638 ouibus
839 582 897 628 non
925 565 1011 629 modo
1035 563 1148 648 βίβλος
1174 566 1239 630 τῶν
1267 563 1423 646 πράξεων,

75 675 119 739 aed
135 683 158 737 et
176 674 240 737 alibi
261 670 365 756 βίβλοι
384 691 507 737 numem
526 673 650 756 pluuium
672 673 783 751 dicitur.
825 672 889 736 Nec
916 674 1001 738 aliter
1022 677 1097 739 Xlll.
1124 694 1237 739 canone
1258 677 1333 739 sexti
1354 693 1425 738 con-

74 784 137 846 ἀλλ’7
162 783 321 846 iuliade
362 782 455 846 Etiam
484 780 587 859 ἡτῶν
607 780 754 865 πράξτων
774 782 897 862 incapte
924 783 1065 848 adversus
1088 783 1261 847 Eunomium
1279 783 1425 866 Nysseno,

71 895 112 975 qui
127 892 276 972 νόβάπτρ
304 896 339 954 ἐκ
358 893 411 967 τῆς
432 894 496 955 τοῖν
515 890 663 971 πράξτων
687 892 823 972 ἱστορίας
851 889 1027 973 ἐμάθομεν.
1069 893 1141 957 ltem
1167 894 1196 955 in
1217 893 1356 956 Psalmoa.
1378 893 1425 956 ln·

66 1002 179 1082 tardum,
200 1001 237 1066 τὸ
260 1003 330 1083 περὶ
351 1004 415 1065 τῶν
431 999 617 1068 ἀποστόλων
637 1000 809 1085 σόντοιγμά.
853 1001 982 1085 Scriptor
1003 1004 1080 1067 vitae
1102 1023 1126 1068 s.
1148 1002 1308 1067 Theclae.“
1480 986 1482 991 ⁴

158 1162 223 1219 165.
268 1157 307 1221 m
335 1177 406 1221 vero
434 1156 577 1220 eiusmodi
606 1155 733 1219 varietas
758 1153 933 1237 syllabarum
955 1157 1050 1238 potius
1076 1156 1308 1239 verborumque,
1339 1174 1425 1237 quam

60 1285 147 1328 renim
168 1275 197 1329 et
219 1266 440 1349 significationis
455 1267 612 1330 existimari
630 1266 731 1345 debet,
753 1282 856 1326 omnes
877 1284 1004 1346 namque
1019 1266 1088 1328 tituli
1104 1266 1178 1329 istud
1195 1266 1312 1329 laudem
1326 1273 1426 1328 oslen-

60 1374 133 1454 dunt,
160 1379 341 1459 propositum
370 1372 460 1440 fuisse
488 1376 600 1455 Lucae,
632 1376 710 1438 edito
739 1376 949 1436 commentario
980 1374 1133 1456 complecti
1161 1394 1236 1458 quae
1264 1375 1425 1456 praeclare,

57 1486 262 1567 insigniterque
294 1487 415 1569 apostoli
442 1493 605 1569 gesserant.
648 1484 714 1547 Nou
743 1485 838 1564 enim,
867 1490 899 1544 ut
925 1483 1172 1567 chrysostomus·
1213 1491 1325 1563 monet,
1356 1484 1426 1546 dixit

58 1590 207 1674 θαύματα
228 1591 428 1671 ἀποστόλων,
450 1600 561 1677 σημεῖα
583 1590 784 1668 ἀποστόλων,
810 1590 830 1670 οἳ
852 1591 999 1675 δυνάμεις
1021 1595 1073 1658 καλ
1095 1600 1206 1675 τέρατα
1226 1591 1425 1657 ἀποστόλων·

57 1698 129 1766 ἀλλά
154 1701 284 1783 πράξεις
311 1700 503 1767 ἀποστόλων.
546 1703 634 1785 Atqui
661 1703 818 1765 nunidem
846 1711 914 1766 sunt
943 1701 1071 1783 πράξεις
1098 1704 1150 1766 καὶ
1171 1708 1298 1783 σημεῖα,
1329 1700 1367 1766 od
1393 1702 1427 1766 τὸ

55 1810 125 1875 αὐτὸ
145 1809 277 1894 πράξεις
299 1812 351 1875 καὶ
366 1811 540 1894 θαύματα,
552 1810 590 1874 οὐ
611 1812 646 1874 τὸ
663 1809 821 1875 αὐτόόστι
842 1810 970 1895 προέξεις
992 1813 1045 1876 κοιλ
1059 1818 1170 1893 τέρόττότ
1193 1814 1246 1877 καλ
1261 1811 1426 1897 δυνάμεις·

56 1920 131 1986 ἀλλά
151 1915 254 1998 aona}
276 1919 295 1999 ri
318 1921 463 2007 διαφόρά
484 1919 603 1985 τούτων
624 1926 787 2002 ἑκατέρων.
1458 1899 1465 1913 ’

152 2068 241 2142 cuod
264 2069 419 2132 discrimen
440 2070 590 2133 uberrima
610 2069 749 2132 continuo
770 2067 921 2151 explanat,
943 2069 1096 2151 inquiens:
1139 2066 1212 2148 „Est
1233 2070 1312 2131 enim
1333 2077 1428 2131 actum

54 2196 120 2261 opus
144 2180 287 2261 propriae
316 2180 457 2261 cuiusque
485 2179 669 2262 diligentiae,
698 2177 866 2241 miraculum
889 2195 961 2239 vero
989 2176 1077 2239 divini
1099 2177 1227 2239 muneris
1249 2186 1294 2240 est
1318 2177 1429 2241 beneti-

54 2288 131 2351 cium.
176 2287 272 2351 Vides
293 2296 398 2369 quanta
421 2291 458 2352 sit
476 2290 552 2352 inter
573 2297 668 2352 actum
689 2295 719 2351 ct
739 2286 907 2350 miraculum
931 2284 1118 2353 differentia?
1146 2293 1240 2353 actum
1263 2295 1308 2350 est
1328 2287 1429 2350 liuma-

54 2414 150 2460 uorum
171 2396 316 2460 sudorum
337 2397 474 2479 allectus,
500 2399 671 2463 miraculum
693 2398 807 2461 divinae
830 2396 1006 2459 liberalitatis
1030 2404 1075 2460 est
1095 2398 1262 2479 specimen:
1290 2406 1385 2462 actum
1412 2418 1428 2460 a

54 2514 146 2569 nostra
174 2506 352 2570 uoluntate⁹
386 2507 464 2571 ducit
482 2510 610 2589 initium,
639 2506 809 2571 miraculum
837 2507 969 2588 agretia
990 2507 1085 2570 divina
1107 2508 1193 2571 trahit
1211 2509 1372 2590 originem,
1401 2515 1431 2570 et

54 2614 105 2678 hoc
126 2616 269 2679 coelestis
290 2623 337 2680 est
356 2616 469 2698 auxilii,
492 2616 561 2678 illud
581 2616 700 2679 humani
722 2625 768 2680 est
791 2616 909 2679 arbitrii.
940 2613 1053 2695 πρᾶξις
1073 2614 1108 2693 ἐξ
1127 2614 1317 2702 ἀμφότερον
1336 2614 1431 2702 ἀφαλ-

54 2745 141 2800 νττατ,
163 2726 224 2788 καὶ
244 2722 277 2803 ἐξ
294 2722 445 2807 ἡμετέρας
465 2725 622 2813 σπονδῆς,
644 2728 698 2789 καὶ
717 2731 753 2789 ἐκ
775 2725 869 2801 θείας
891 2722 1041 2806 χάριτός·
1063 2726 1097 2788 τὸ
1120 2725 1155 2789 δὲ
1177 2726 1293 2809 θαῦμα
1310 2718 1432 2807 γυμνήν

54 2836 263 2900 ἐπιδείκνυται
283 2830 339 2912 τήν
359 2828 493 2901 ἀνωθεν
504 2832 611 2918 χάριν,
633 2833 727 2899 οὐδὲν
739 2837 801 2900 τῶν
814 2834 970 2919 ἡμετέρων
984 2833 1127 2915 ἱδρώτων
1141 2834 1298 2916 δεόμενον.
1326 2835 1431 2897 Actum

55 2965 89 3008 cn
106 2955 237 3028 utroque
253 2945 427 3025 contexitur,
450 2964 489 3008 ex
502 2953 601 3009 nasim
622 2946 823 3028 diligentiact
845 2965 884 3008 ex
904 2947 997 3028 gratia
1012 2945 1124 3008 divina:
1147 2944 1317 3008 miraculum
1338 2942 1431 3006 sulam

54 3054 166 3119 exhibet
190 3054 355 3118 coelestem
376 3056 516 3136 gratiam,
547 3073 644 3135 neque
665 3054 820 3119 sudoribus
842 3058 948 3119 nostris
970 3054 1113 3136 indiget.“
1154 3052 1200 3116 Ac
1220 3052 1365 3116 nonnullis
1388 3054 1431 3114 in·

56 3316 170 3371 amiani
197 3317 227 3371 in
254 3314 308 3371 lob
336 3321 365 3370 et
387 3313 529 3371 Proverbia
552 3313 718 3387 salomonia,
766 3304 924 3391 λαμβάνον,
945 3312 991 3369 καλ
1010 3305 1043 3370 τό
1062 3310 1112 3387 μὲν
1130 3308 1180 3386 τῆς
1199 3302 1310 3369 ἀνωθεν
1329 3308 1431 3388 ῥοπῆς,

55 3421 94 3491 qai
117 3421 209 3477 dadae
237 3421 321 3492 vulgo
348 3421 512 3494 tribuuntur,
539 3420 652 3492 Philippi
673 3434 719 3474 au·
766 3411 799 3476 τό
823 3416 853 3475 dd
877 3414 927 3493 τῆς
952 3411 1081 3477 κάτωθεν
1105 3410 1222 3494 γνώμης.
1268 3419 1321 3476 Sed
1346 3436 1433 3476 noane

57 3532 103 3581 tera
128 3527 285 3601 presbyteri
313 3528 402 3599 potiua
429 3542 489 3582 aare
517 3525 657 3597 videntur,
684 3542 718 3581 ex
766 3524 907 3597 pelagiana
937 3527 1004 3581 haec
1034 3530 1096 3581 aunt
1126 3527 1169 3582 vel
1198 3516 1431 3598 semipelagianai

57 3629 208 3705 llieronpmi
238 3638 326 3688 tamen
352 3631 578 3688 lucubrationibus
607 3631 717 3704 plurima
766 3645 853 3685 annae
880 3630 951 3686 bona
979 3632 1059 3687 etiam
1092 3647 1173 3704 opera
1199 3648 1274 3688 auum
1301 3649 1316 3688 e
1341 3632 1432 3689 divina

58 3735 175 3812 decerpta
207 3738 324 3813 habent3
353 3754 429 3809 nam,
460 3744 489 3794 nt
518 3738 568 3794 alia
599 3740 717 3809 mittam,
767 3736 855 3805 gratia
881 3738 1068 3794 nanciscuntur
1092 3728 1257 3795 exordinari
1289 3754 1375 3794 nonae
1395 3741 1431 3794 ita

57 3840 172 3915 lanatas,
193 3848 242 3917 qni
261 3845 334 3900 circa
355 3859 449 3899 annum
464 3842 631 3899 CCCCXXX.
652 3843 718 3899 acri-
766 3856 817 3898 noa
837 3844 923 3913 gratia
945 3843 1036 3917 iuuat,
1057 3851 1085 3900 et
1104 3843 1243 3901 nobiscum
1264 3851 1430 3919 cooperatur,

58 3950 114 4024 pru,
133 3950 181 4007 lib.
204 3951 239 4007 da
261 3949 349 4006 Creat.
370 3950 550 4006 testimonium
568 3965 603 4005 ex
621 3948 718 4005 Hiero·
766 3953 796 4002 ut
820 3961 870 4002 noa
897 3961 1002 4020 quoque
1029 3957 1169 4023 praeparet
1196 3966 1227 4004 ac
1254 3940 1433 4023 praeveniat?

58 4059 219 4129 mmocitat,
231 4056 303 4131 quod
316 4059 341 4114 in
354 4054 717 4129 duellxplanaccapXXll.
767 4057 828 4107 aaut
847 4054 898 4107 iata
920 4054 1085 4128 certissima,
1106 4071 1192 4128 neque
1210 4062 1298 4112 tamen
1319 4056 1434 4127 Chryso·

59 4160 105 4216 loli
124 4164 158 4220 ad
179 4163 291 4220 verbum
313 4160 452 4218 unuetmr‘
542 4164 547 4173 '
767 4159 847 4214 atomi
876 4158 1015 4215 doctrinae
1039 4163 1181 4216 contraria.
1222 4160 1327 4218 Etenim
1348 4179 1433 4234 neque

112 4304 139 4378 τ)
157 4303 201 4359 De
221 4319 272 4374 qm
292 4302 406 4374 modo,
427 4317 504 4375 qum
518 4299 598 4356 emm
613 4300 716 4369 oum..
765 4265 874 4334 inflnite
898 4266 1056 4338 principium
1077 4267 1134 4338 ipae
1155 4268 1322 4341 conciderat,
1349 4285 1433 4340 neque
1554 4338 1560 4345 Ι

60 4408 164 4465 smum
196 4407 305 4479 dicum,
338 4406 400 4479 qu„
429 4404 634 4462 „wimundum
664 4407 716 4478 m,
766 4369 799 4424 da
813 4370 943 4443 principio
958 4371 1084 4444 loquitur,
1104 4374 1176 4444 quod
1193 4374 1218 4429 in
1233 4374 1312 4430 nobis
1326 4374 1363 4430 ait
1376 4376 1433 4430 aine

62 4514 175 4571 mim
196 4530 250 4571 nou
270 4515 342 4569 ,m
400 4476 403 4483 ’
765 4474 859 4550 nobis,
884 4477 932 4532 aed
958 4477 991 4532 de
1018 4479 1148 4552 principio
1175 4482 1232 4551 agit
1259 4483 1431 4537 humanorum

766 4587 891 4656 actuum,
925 4581 958 4637 de
989 4583 1122 4655 principio
1152 4584 1318 4659 deliberato,
1354 4602 1385 4640 ac
1416 4604 1431 4642 e

647 4668 672 4707 '¹'
687 4651 714 4707 2·
765 4687 847 4743 libera
881 4674 1014 4744 electione
1048 4689 1178 4760 proiecto.
1228 4690 1311 4746 Nemo
1345 4699 1432 4749 nutam

114 4794 141 4867 ⁹)
160 4788 273 4869 Πρᾶξλς
292 4793 364 4850 ἐστιν
383 4792 413 4848 ἐκ
432 4786 481 4864 τῆς
500 4782 633 4867 ἡμετέρας
647 4807 716 4863 πρό·
765 4800 855 4865 neget,
877 4793 1057 4865 uoluntatem,
1085 4794 1246 4867 liberamque
1274 4796 1430 4852 electionem

64 4898 183 4972 σιρόστός
202 4892 251 4973 miv
270 4888 361 4975 ἀρχὴν
379 4892 494 4975 igauna,
520 4889 625 4971 θαῦμά
645 4896 716 4953 ἐστιν
765 4898 842 4955 liuius
862 4899 984 4971 principii
1005 4900 1139 4970 originem
1159 4916 1236 4971 aeae,
1258 4916 1430 4970 caussamque

63 5001 91 5057 ia
116 5001 163 5078 τῆς
193 5002 242 5063 τοῦ
273 5001 345 5062 decri
374 4996 485 5082 χάριτός
515 4995 552 5061 nt
583 5001 717 5079 πρόόλμτότ
766 5002 993 5059 determinantem.

114 4655 141 4727 ¹¹)
162 4655 241 4710 llum.
255 4653 288 4709 ll.
310 4654 336 4708 in
351 4652 472 4725 lnacript.
487 4653 625 4724 Actorum,
