3358 5400
189 262 251 321 222
707 253 838 321 [MR
879 252 1047 321 turnus

187 427 337 492 bensus⁴⁸
360 425 468 507 legitur
488 422 579 489 Galat
600 423 635 488 ll.
659 429 707 505 lt,
729 443 800 488 cass
821 431 925 489 ιιιιίπιιι
945 419 1063 487 Petrus
1081 427 1217 486 ccnbaet
1237 417 1441 497 Antiochiam,
1463 439 1568 485 carcer

189 535 329 601 omibus
350 532 397 597 ute
417 531 527 610 ademi,
549 539 622 614 quia
642 528 888 613 reprdrcncibllia
909 540 985 608 crat,
1007 532 1088 614 qnod
1108 549 1167 595 non
1188 538 1269 594 notat
1287 537 1396 594 unum
1418 529 1569 614 ascopa,

190 643 245 708 sed
274 652 304 707 et
330 639 489 721 ἐπίπληξιν
516 650 547 706 et
572 641 742 725 ἐπιτίμησιν
762 639 1013 729 σιμιδροπιίριιπ.“
1054 643 1100 705 Ac
1122 659 1192 705 mox
1205 644 1232 675 ‘⁴
1259 640 1418 704 Cmdmalis
1438 638 1570 704 Perronii

190 756 364 820 sententiam
384 752 569 836 expendens,
599 746 709 816 subdit:
753 750 840 833 „Non
868 752 973 815 melius
994 750 1150 815 Petronius
1171 749 1232 813 uult
1253 749 1344 813 inisse
1365 746 1570 829 reprehensio

189 868 444 938 neccessitatis,
472 882 534 924 non
560 869 766 925 auctoritatis.
809 861 883 936 Ouia
910 862 979 925 licet
1006 860 1094 925 buerit
1126 858 1320 941 reprehensio
1351 865 1510 935 cantatis,
1540 864 1571 922 et

190 992 250 1037 non
275 973 452 1037 auctoritatis
481 972 642 1053 superioris
670 970 709 1035 ad
734 970 918 1053 interiorem,
947 971 999 1036 fuit
1025 978 1124 1035 tumen
1151 977 1254 1034 tactae
1274 973 1462 1044 sonoritatis,
1493 985 1570 1049 quae

192 1085 256 1148 sine
281 1083 457 1164 aequalitate
471 1083 499 1115 ⁴⁸
522 1080 599 1143 Petri
627 1088 658 1144 et
682 1079 762 1145 Pauli
785 1098 846 1145 non
871 1089 968 1164 potest
993 1081 1071 1144 licita
1098 1098 1175 1144 esse.
1216 1078 1290 1143 Nam
1311 1081 1337 1142 si
1356 1076 1459 1142 Petrus
1485 1083 1572 1159 caput

191 1201 221 1258 et
242 1193 378 1275 princeps
399 1190 502 1255 fuisset
522 1191 678 1270 ecclesiae,
701 1191 849 1271 monendo
873 1189 977 1254 Paulus
999 1192 1063 1253 sine
1085 1189 1242 1254 violatione
1264 1187 1398 1269 obsequii
1418 1186 1460 1250 illi
1481 1184 1571 1250 debiti

191 1303 334 1385 potuisset
353 1307 412 1363 tarn
440 1299 533 1363 libere
555 1318 655 1363 coram
677 1300 812 1364 omnibns
839 1320 907 1364 enm
929 1294 1095 1381 carperei“
1138 1299 1211 1362 llinc
1231 1297 1347 1362 Mamm
1367 1296 1512 1359 Antonim
1532 1293 1571 1359 de

192 1409 334 1491 Dominis,
354 1412 405 1492 qui
425 1427 484 1473 non
504 1412 570 1473 sino
590 1408 714 1473 foenore
734 1412 764 1474 in
784 1428 839 1475 suo
861 1427 952 1492 opere
973 1408 1024 1474 Dc
1037 1404 1208 1488 Republica
1230 1404 1452 1471 Ecclesiastico
1473 1405 1573 1469 omnia

192 1520 356 1601 congessit,
387 1537 462 1601 quae
489 1519 604 1583 fuerant
629 1519 666 1582 ab
693 1519 928 1585 antecessoribus
956 1518 1083 1583 absrude
1115 1519 1297 1600 excogitata,
1328 1516 1570 1599 impudenterque

192 1629 286 1710 dcta,
313 1631 357 1693 sic
377 1631 467 1712 gestit
485 1648 521 1693 ac
542 1629 696 1712 triumphat
709 1632 749 1710 ⁴⁸,
776 1637 808 1693 ut
826 1622 887 1693 una
905 1627 982 1691 Petri
1002 1626 1233 1709 reprehensione
1262 1633 1292 1690 et
1311 1626 1444 1690 eiusdem
1463 1626 1571 1708 prima·

193 1747 267 1820 tum,
290 1746 320 1803 et
339 1739 468 1822 supremi
491 1741 691 1821 magisterii⁴'
718 1740 918 1802 auctoritatem
941 1736 1067 1801 convelli
1085 1735 1212 1800 funditus
1234 1735 1398 1800 arbitretur.

145 1860 149 1867 ’
298 1854 368 1912 288.
410 1848 442 1912 ln
470 1848 574 1930 quium
602 1866 690 1930 quum
716 1848 839 1930 plmima
866 1848 939 1928 sint,
966 1866 1042 1930 quae
1063 1854 1093 1912 et
1114 1849 1208 1910 notari
1231 1849 1353 1928 acriter,
1382 1846 1571 1929 quotaque

192 1958 288 2023 relelli
311 1965 488 2038 mereantur,
509 1958 579 2021 illud
601 1966 700 2023 tamen
720 1958 957 2041 praeponendum
979 1958 1086 2021 celeris
1106 1957 1229 2038 videtur,
1249 1957 1319 2021 nihil
1340 1975 1409 2021 esec
1430 1954 1487 2019 bac
1508 1954 1571 2036 opi·

190 2069 287 2150 amb,
309 2058 513 2150 iudicandique
537 2068 613 2150 apud
633 2075 829 2150 protestantes
849 2070 953 2132 usitata
974 2068 1104 2147 ratione,
1124 2067 1203 2149 quod
1225 2067 1262 2131 ab
1282 2067 1413 2131 unanimi
1431 2064 1572 2129 orthodo-

193 2199 299 2244 xorum
325 2187 437 2261 patrum
465 2179 609 2242 sententia
639 2176 819 2240 manifestius
847 2177 995 2242 dissideat
1037 2177 1131 2252 Ouum
1154 2184 1253 2241 autem
1272 2177 1453 2241 orthodoxos
1473 2183 1571 2259 patres

194 2287 325 2370 appello,
346 2304 405 2350 non
426 2305 479 2350 cos
500 2287 633 2370 intelligo
654 2286 748 2350 solum
770 2287 821 2368 qni
839 2295 906 2367 post
929 2294 1061 2369 quartum
1084 2288 1274 2369 quintumque
1293 2286 1442 2351 saeculum
1463 2285 1572 2350 llorue·

194 2403 276 2477 runt3
296 2395 350 2458 sed
369 2413 422 2458 eos
443 2397 573 2477 inprimis
593 2415 629 2460 ac
649 2397 831 2478 potissimum
852 2395 890 2459 ob
909 2396 1012 2460 oculos
1028 2396 1135 2477 habeo,
1157 2414 1281 2477 quorum
1302 2397 1404 2460 studiis
1424 2413 1475 2458 res
1494 2395 1572 2458 chri·

196 2504 422 2587 shabentem,
453 2507 554 2587 tertio,
588 2513 750 2588 quartoque
781 2504 909 2569 nondum
938 2505 1038 2587 elapso
1068 2507 1189 2569 saeculo
1218 2507 1345 2570 maxime
1371 2506 1479 2569 enituit
1521 2504 1572 2567 llis

196 2615 345 2696 omnibus,
372 2622 459 2697 atque
485 2616 561 2679 adeo
586 2617 749 2708 sententiae
776 2614 941 2698 iudiciaque
962 2615 1091 2679 nondum
1117 2622 1271 2697 corruptae
1284 2617 1324 2696 ⁴⁸,
1355 2614 1572 2695 deflorataeque

195 2724 341 2789 ecclesiae
360 2725 485 2789 adversa
507 2725 601 2789 ironic
621 2742 788 2808 repugnare
809 2724 922 2789 affirmo
949 2744 1025 2807 quae
1045 2724 1083 2788 de
1104 2724 1180 2788 Petri
1200 2723 1432 2806 reprehensione
1452 2724 1573 2787 comici·

195 2841 262 2914 unt‚
285 2852 420 2916 quaeque
442 2853 481 2898 ex
502 2854 538 2899 ea
559 2842 659 2898 contra
679 2852 845 2917 supremam
867 2834 943 2899 illius
964 2835 1164 2898 crebritatem
1184 2840 1380 2916 protestantes
1402 2834 1558 2899 deducunt

302 2950 372 3019 289.
416 2944 493 3011 Sane
513 2963 573 3008 non
596 2944 729 3028 nugatus
757 2944 852 3009 solum
872 2943 1010 3010 Martialis
1024 2947 1064 3022 ⁴⁹,
1087 2942 1394 3010 Pseudo-Dorotheus
1408 2948 1449 3026 ⁸⁰,
1469 2951 1573 3008 auctor

196 3174 389 3248 intelligentur,
414 3173 510 3245 quibus
531 3175 617 3230 maior
637 3190 669 3230 ac
688 3175 811 3247 superior
830 3174 858 3230 ia
968 3172 1013 3248 ⁴⁷)
1040 3173 1126 3232 Docet
1151 3176 1221 3230 eninr
1248 3175 1352 3231 Petmm
1379 3191 1395 3231 a
1419 3180 1492 3230 recta
1519 3173 1572 3230 lide

196 3283 325 3339 minorem
346 3280 543 3352 obnoxiumque
563 3279 764 3336 animadvertat.
906 3279 1048 3365 deiecisse,
1070 3280 1149 3351 idque
1168 3280 1266 3354 prohat
1286 3281 1359 3339 Pauli
1379 3278 1487 3353 vorbis,
1508 3268 1570 3335 ἀλλ’

259 3387 304 3462 ⁴³)
332 3386 441 3458 beqitor
460 3387 550 3457 utique
570 3386 701 3443 indicatus
722 3391 749 3440 et
767 3398 858 3456 reprc-
906 3374 953 3443 ὅτι
971 3378 1056 3454 ridor,
1081 3375 1126 3442 ὅτι
1144 3375 1195 3443 οὐκ
1214 3375 1408 3460 ipsammet
1431 3376 1503 3461 apoc
1521 3376 1573 3459 eric

196 3494 309 3567 hensns,
335 3492 384 3548 sed
402 3507 456 3548 non
477 3496 507 3548 ut
526 3491 612 3547 minor
631 3508 647 3547 a
668 3492 784 3565 maiore,
810 3505 858 3547 nc·
906 3481 1044 3564 diqdanc
1067 3487 1118 3549 cori
1142 3481 1304 3566 cdcyyaitov.
1349 3491 1405 3548 Sed
1430 3492 1490 3561 quis
1515 3506 1573 3545 anr-

142 3592 145 3597 ’
197 3614 248 3669 que
273 3603 302 3653 ut
327 3597 460 3654 obnoxius
481 3612 496 3651 a
516 3598 663 3670 superiore.
703 3598 773 3654 Sunt
790 3611 857 3667 erqo
907 3614 986 3670 qaam
1005 3597 1048 3654 rel
1068 3614 1084 3653 c
1103 3599 1309 3671 protestantium
1327 3612 1438 3655 numero
1466 3595 1574 3653 dubita·

196 3693 341 3761 ἆσύσταια
361 3719 428 3776 quae
442 3702 606 3760 Turrettinns
620 3703 735 3777 copulat,
756 3709 784 3759 et
799 3703 859 3760 uni·
906 3706 955 3777 rit,
977 3709 1063 3759 utru-
1084 3702 1200 3776 apostoli
1221 3705 1249 3760 in
1270 3703 1406 3761 edocenda
1427 3703 1488 3777 ilde,
1508 3717 1573 3776 pro·

195 3826 275 3867 uersa
295 3810 380 3866 illatio
401 3825 465 3882 pura
485 3815 600 3883 putaque
620 3816 664 3867 cst
681 3799 833 3885 innupta.
908 3807 1103 3880 mulqandoque
1120 3809 1262 3881 euangelio
1280 3816 1373 3867 cessat
1390 3808 1575 3881 iatdbhitca?

260 3915 304 3989 ⁴⁴)
325 3914 392 3970 lbid.
420 3913 447 3988 s.
468 3915 501 3971 ll.
908 3915 968 3987 quis
989 3914 1024 3970 ad
1043 3915 1215 3972 asserendam
1234 3916 1288 3972 illis
1308 3906 1463 3992 ἀσφαλείας
1482 3916 1574 3973 doum

260 4020 305 4095 ⁴⁶)
325 4020 401 4078 Unde
420 4020 487 4077 haec
505 4022 580 4077 iusto
597 4019 754 4078 emeritas?
783 4019 858 4092 inde,
907 4036 960 4077 non
986 4019 1107 4077 adhibuit
1131 4019 1214 4076 rerba
1239 4021 1405 4095 salvatoris,
1433 4013 1486 4098 bui
1504 4018 1574 4096 μεθ’

198 4128 303 4203 opinor,
324 4126 395 4200 quod
415 4126 509 4183 Paulus
529 4142 582 4182 non
603 4142 723 4182 seorsum
743 4125 791 4182 sed
811 4142 859 4199 pa·
908 4116 987 4200 ὑμῶν
1006 4124 1060 4201 elpc
1079 4117 1175 4192 πάσας
1192 4117 1244 4192 πᾶς
1262 4118 1392 4204 ἦμέραςῗ
1432 4128 1502 4184 Sunt
1520 4129 1574 4184 ista

199 4233 269 4290 blica
293 4241 322 4290 et
346 4247 436 4289 coram
468 4232 592 4288 omnihus
618 4232 696 4288 Petro
721 4232 858 4287 restiterit.
910 4234 1058 4289 certmsima
1080 4249 1112 4289 ac
1131 4233 1257 4289 omnibns
1276 4234 1425 4307 explorata,
1444 4250 1512 4307 quac
1531 4241 1574 4291 ta·

199 4340 255 4397 Sed
278 4339 342 4412 quid
366 4340 432 4396 haec
457 4339 491 4396 ad
518 4338 712 4413 oeqoddntem
738 4352 860 4411 compro·
909 4354 969 4395 men
988 4356 1022 4395 ns
1042 4339 1208 4411 spalatensis
1228 4340 1346 4413 uiderat,
1373 4341 1465 4396 odinnr
1485 4339 1575 4397 effodi

199 4435 334 4503 hundam?
355 4462 406 4517 qna
427 4446 492 4501 iuris
512 4445 605 4517 rcqnla
625 4451 730 4500 cautum
750 4449 806 4516 est,
826 4459 860 4499 ns
909 4460 963 4518 qno
983 4447 1010 4503 in
1031 4446 1100 4502 Petri
1121 4447 1263 4518 primatum
1283 4446 1396 4503 furebat

200 4554 288 4608 minor
300 4558 328 4608 et
340 4552 457 4626 interior,
475 4552 498 4607 st
512 4567 605 4607 massa
618 4549 744 4625 posmlet,
765 4549 861 4606 maiori
972 4551 1017 4625 ⁴⁸)
1042 4550 1111 4608 Sunt
1133 4552 1201 4608 haec
1221 4553 1255 4609 ad
1274 4567 1394 4611 normam
1420 4550 1573 4624 cogitandi,

201 4659 367 4733 superiorivc
391 4657 497 4732 publice
521 4645 696 4714 adversetur?
726 4657 794 4714 banc
819 4674 862 4714 re·
910 4656 1088 4731 loquendique
1107 4659 1312 4731 protestantium
1332 4672 1469 4732 expressa.

201 4766 291 4838 galam
311 4764 475 4820 Turrettinus
501 4763 723 4839 comminiscitur,
751 4779 804 4821 uon
823 4763 861 4820 le·
973 4762 1017 4838 ⁴⁹)
1045 4762 1120 4821 'lom
1140 4763 1173 4820 ll.
1198 4763 1324 4821 biblioth.
1350 4764 1473 4838 recma,
1508 4761 1574 4820 edit

201 4888 252 4945 qen
271 4876 398 4928 statuunt
910 4869 1029 4941 lugdun.
1050 4885 1114 4942 paq·
1134 4869 1201 4927 110.

264 4976 309 5056 “)
329 4977 387 5036 bib.
406 4975 426 5034 1.
455 4991 513 5054 cap.
533 4973 692 5035 itt—xxi.
973 4972 1019 5050 ⁸⁰)
1043 4974 1071 5031 ln
1092 4974 1226 5053 Spnopsi,
1255 4974 1284 5034 Τ.
1306 4974 1350 5033 111.
1375 4972 1501 5033 biblioth.
1528 4972 1577 5034 tc·
