3324 5382
547 765 962 864 ontulit.

383 960 597 1047 Conseruntur
632 964 675 1028 ad
707 973 835 1029 invicem
868 986 969 1029 sermo
1006 962 1121 1027 Christi
1156 960 1240 1042 apud
1270 956 1446 1023 Joltannem

274 1093 358 1151 capp.
387 1068 485 1134 XIII
492 1070 686 1151 —XVIII,
717 1082 843 1155 eiusque
869 1074 912 1138 ad
937 1072 1069 1137 Petrum
1099 1069 1193 1134 omia
1224 1066 1300 1132 Inue.
1324 1064 1446 1131 XXII.

269 1184 443 1245 ¹31—33:
469 1220 511 1230 -
542 1182 741 1273 quadruplen
767 1193 888 1262 unitas,
918 1205 1010 1264 quam
1032 1181 1176 1246 Christus
1202 1201 1260 1260 pro
1285 1177 1445 1259 apostolis,

273 1311 391 1371 proque
422 1292 618 1357 medentibus
645 1302 800 1357 uniuersis
830 1294 1009 1374 deprecatus
1036 1300 1099 1354 est.-
1128 1327 1168 1338 -
1200 1311 1237 1353 ea
1267 1296 1314 1352 est
1341 1297 1447 1351 unitas

275 1420 336 1478 qua
357 1400 542 1480 postularit,
572 1412 606 1465 ut
628 1425 723 1467 unum
746 1425 847 1467 omnes
872 1411 975 1466 essent
996 1409 1115 1465 unitate
1134 1407 1274 1463 interuae
1295 1404 1447 1478 certata,

275 1516 398 1573 unitate
426 1512 561 1575 eiusdem
584 1511 678 1593 fidei,
710 1519 831 1577 unitate
856 1535 926 1577 cuns
952 1513 1056 1576 eodem
1084 1507 1229 1574 asaatltlt
1260 1515 1372 1589 eapite,
1410 1530 1448 1572 ac

274 1625 396 1682 unitate
423 1628 589 1700 anapaesta
618 1629 775 1686 societatis
806 1631 835 1686 et
856 1630 1008 1704 emporis:
1035 1660 1076 1671 -
1108 1616 1306 1701 quadruplex
1331 1624 1448 1698 princi-

272 1734 373 1809 pium,
408 1752 467 1811 quo
495 1733 716 1812 respondentes
745 1740 875 1797 unitatis
900 1732 996 1811 modi,
1030 1729 1154 1794 Christo
1184 1736 1327 1804 auctore,
1361 1724 1448 1811 effici

279 1838 403 1903 delent:
429 1879 469 1889 -
497 1842 536 1905 de
553 1848 703 1922 principio
724 1841 878 1928 efficiente
900 1847 1082 1922 conspicuae
1103 1845 1250 1903 unitatis:
1277 1876 1318 1885 -
1349 1843 1448 1899 osten·

276 1951 360 2014 ditur
383 1946 515 2014 Petrum
537 1974 624 2015 esse:
644 1989 685 1999 —
711 1958 799 2015 euius
822 1952 932 2015 idcireo
950 1958 1103 2031 primatus
1125 1949 1323 2012 adstruitur:
1343 1985 1384 1995 -
1410 1967 1449 2010 ac

274 2080 400 2124 enenu
429 2082 557 2124 mesum
585 2060 804 2143 confirmatur,
838 2082 896 2141 qua
921 2058 1013 2123 verbo
1041 2060 1196 2140 descripta
1222 2053 1300 2120 Luc.
1325 2051 1446 2119 XXII.
1488 2072 1497 2081 ·

276 2173 429 2234 23-31.
461 2193 531 2235 cuns
558 2176 596 2234 iis
624 2168 803 2249 cohaerent,
839 2191 917 2251 quae
945 2177 1119 2250 seqtruntur
1145 2190 1191 2231 oo.
1215 2168 1382 2229 31-33:
1406 2202 1448 2213 -

274 2277 330 2343 liae
356 2286 437 2343 enirn
463 2302 551 2344 nescu
571 2286 691 2343 constat
715 2276 847 2343 Petrum
868 2301 952 2356 esse,
984 2286 1036 2360 qut
1057 2277 1175 2362 μείζων
1196 2277 1250 2342 καὶ
1271 2272 1447 2358 ἡγούμενος

273 2411 352 2470 prae
372 2395 450 2471 ipsis
473 2387 620 2469 apostolis
642 2395 847 2452 constituitur.

169 2669 238 2727 tro.
277 2615 369 2747 opus
390 2684 450 2729 aon
475 2673 522 2729 est
542 2668 724 2750 argumentis
746 2666 852 2749 quium
873 2664 1094 2748 comprobetur,
1125 2664 1251 2747 egregie
1273 2665 1447 2744 interpreta-

70 2769 170 2836 tionem
198 2775 311 2855 iuvari,
341 2775 368 2838 si
397 2775 515 2839 dissitae
544 2777 724 2858 avulsaeque
746 2777 891 2841 sermonis
912 2782 1011 2857 partes
1033 2776 1063 2837 iu
1083 2794 1171 2839 unam
1192 2774 1282 2837 veluti
1304 2790 1448 2838 summam

71 2882 287 2965 coniungantur,
311 2886 544 2967 coniunctaeque
566 2885 768 2968 expendantur
789 2893 876 2968 atque
898 2892 1079 2950 enarrentur.
1114 2885 1175 2948 Hac
1196 2886 1276 2948 enim
1295 2884 1449 2948 consocia·

71 2990 144 3055 ione
162 2992 201 3073 fit,
223 3000 257 3056 ut
277 3010 336 3074 quo
357 2995 496 3058 universa
515 3001 630 3076 spectet
652 2996 755 3073 oratio,
777 2995 940 3058 evidentius
961 2996 1146 3077 percipiatur,
1167 2994 1235 3077 quid
1257 2996 1295 3059 sit
1314 2996 1448 3076 primum,

71 3100 134 3181 quid
158 3102 304 3182 medium,
334 3103 404 3185 quid
426 3103 575 3185 ultimum,
608 3105 678 3186 quid
703 3104 898 3183 antecedens,
928 3104 996 3187 quid
1017 3122 1205 3186 consequeus
1226 3104 1340 3188 plenius
1365 3104 1450 3166 inno

73 3214 174 3292 umet,
206 3211 441 3293 luculentiusque
470 3212 648 3297 intelligatur
676 3234 753 3297 quae
783 3214 913 3296 suppleri
945 3214 1089 3293 debeant,
1124 3232 1201 3298 quae
1231 3215 1339 3298 premi,
1375 3231 1450 3295 quae

70 3321 248 3399 potissimum
270 3321 471 3386 animadverti.
513 3322 742 3406 Evangeliorum
766 3341 855 3406 porro
880 3323 1035 3387 collatione
1060 3324 1166 3406 liquet,
1195 3325 1233 3389 ad
1254 3341 1345 3387 uuum
1368 3341 1450 3387 eum·

69 3425 191 3512 demque
213 3431 320 3495 Christi
344 3449 515 3496 sermonem
541 3433 646 3497 reterri
673 3440 734 3496 tum
763 3452 839 3516 quae
866 3433 997 3515 pluribus
1022 3436 1206 3499 centimeter
1232 3434 1372 3516 capitibus
1397 3433 1451 3497 lo-

70 3535 202 3605 hannes¹
231 3549 347 3623 namet,
379 3560 468 3624 mum
490 3560 566 3625 quae
586 3543 707 3606 bromus
728 3543 900 3625 perstringit
925 3543 1037 3625 Lucas,
1070 3547 1217 3626 uroque²
1245 3544 1339 3626 capite
1367 3561 1448 3607 com·

68 3648 226 3728 prehendit
281 3650 413 3717 Studium
443 3653 533 3735 igitur
563 3653 698 3716 sincerae
729 3659 942 3735 uacuataeque
974 3654 1237 3736 interpretationis,
1270 3671 1327 3735 qua
1354 3652 1450 3716 solum

67 3756 168 3823 Christi
199 3761 340 3843 consilia,
372 3761 597 3844 votunutesque
622 3761 716 3844 probe
743 3761 879 3844 dignosci
906 3769 1045 3845 possunt,
1083 3764 1203 3826 omniuo
1229 3762 1385 3845 praecipit,
1418 3769 1450 3825 ut

70 3877 180 3933 nauata
201 3870 238 3933 ab
260 3878 385 3954 utroque
407 3871 589 3954 evangelista
610 3869 697 3935 simul
718 3870 914 3953 conterantur,
936 3872 1044 3955 quidve
1065 3892 1105 3936 ex
1122 3873 1175 3953 iis,
1198 3889 1255 3936 ocu
1273 3871 1359 3935 unius
1382 3886 1448 3935 cor-

68 3979 148 4056 poris
170 3980 311 4043 membris
331 3981 369 4044 sit
390 3999 595 4064 consequens,
618 3981 837 4045 determinetur.

172 4092 240 4151 1¹11.
282 4089 422 4155 lamrero
444 4111 533 4174 quum
555 4091 637 4174 plura
659 4092 717 4154 sint
738 4110 815 4173 quae
834 4089 983 4154 lohannes
1004 4092 1122 4171 recitat,
1152 4092 1308 4173 emmaque
1335 4088 1449 4173 uqua-

69 4193 140 4259 sima
160 4196 233 4261 Filio
254 4196 323 4279 Dei,
346 4217 544 4282 supremoque
564 4207 698 4282 tempore
720 4218 779 4284 quo
800 4200 848 4264 illa
870 4200 1061 4282 proloquetur
1082 4209 1145 4283 est3
1173 4207 1273 4263 emant
1294 4207 1393 4264 tamen
1414 4219 1450 4265 ac

65 4320 134 4384 prae
156 4310 263 4371 ceteris
286 4309 417 4373 ominem
437 4328 513 4393 quae
530 4309 568 4372 ad
591 4309 855 4374 commendandum
875 4316 1004 4373 unitatis
1024 4319 1253 4373 senonensem
1273 4310 1449 4376 reseruntur.

66 4412 177 4478 Etenim
192 4417 323 4481 Christus
345 4436 405 4482 uon
426 4421 567 4483 unitatem
588 4419 676 4483 modo
691 4420 864 4503 saepissime
879 4419 1012 4502 inculcat,
1031 4418 1168 4502 illamque
1186 4419 1242 4484 sibi
1258 4420 1450 4487 vehementer

66 4525 146 4589 cordi
176 4545 245 4591 esse
274 4527 388 4610 prolixe
419 4528 565 4612 declarat,
583 4530 653 4594 ·sed
679 4538 709 4594 et
735 4548 790 4614 pro
819 4550 856 4593 ea
883 4528 996 4592 Patrem
1024 4530 1217 4613 deprecatur,
1250 4530 1450 4613 multipltcens

65 4632 147 4698 illius
167 4637 289 4700 madunt
311 4644 520 4719 rationemque
539 4647 677 4717 secernit,
697 4645 849 4720 prmoipia
871 4644 972 4718 aperit
995 4637 1105 4718 quidus
1126 4639 1215 4723 effici
1235 4639 1330 4718 delet,
1352 4642 1449 4726 dmut-

64 4751 215 4825 totemqne
234 4745 281 4811 tttt
298 4745 446 4812 adscribe
467 4756 606 4814 tesserae
626 4760 718 4831 atque
737 4750 858 4827 anm,
885 4770 943 4830 quo
967 4756 1179 4832 suimetipsius
1206 4748 1311 4815 drino
1331 4756 1448 4827 musio,

63 4874 257 4938 supmnaque
278 4845 499 4923 christianismi
521 4867 607 4946 oripo
628 4861 863 4926 demonstretur.

112 5049 151 5127 4’)
168 5049 230 5115 tou
250 5070 327 5132 esp.
347 5052 552 5120 su-xrus
832 5055 862 5133 ²>
879 5054 942 5119 ue
961 5070 1021 5134 aa
1042 5054 1127 5116 sut.
