3266 5416
216 255 258 317 18
735 254 868 321 umus
908 252 1074 321 antuus

214 441 283 489 meo
311 423 479 507 unigenito,
511 442 598 506 quem
626 425 658 488 in
689 425 756 489 sinu
786 424 889 507 lurco,
921 442 1040 488 curnem
1068 423 1232 507 imperties,
1267 424 1346 491 unde
1372 424 1431 491 lici
1460 425 1579 493 dnus

214 534 352 599 Abrahae
373 534 447 597 iilius
468 533 681 616 nuncupabitur
693 537 740 618 ‘⁴3
762 537 806 599 sic
828 536 877 599 ills
897 543 928 600 te
949 541 1117 598 consortem
1138 534 1207 598 iacit
1229 535 1292 598 cius
1318 535 1469 618 dignitatis
1488 556 1521 599 aa
1538 556 1581 599 cx·

212 644 383 724 cellentiae,
414 662 471 725 qua
498 645 545 707 sin
573 644 668 706 minus
696 644 776 725 iens,
805 653 835 710 ct
861 646 948 726 origo
979 644 1130 726 princeps,
1162 643 1355 725 amplissimus
1381 652 1484 707 tamen
1512 646 1579 708 rinus

213 753 288 816 illius
308 753 520 816 benedictionis
541 751 693 833 habearis,
713 771 789 835 (prae
810 755 840 817 in
861 761 967 837 gentes
988 770 1092 817 omncs
1112 751 1295 816 relimdenda
1316 753 1389 816 est“

318 869 367 925 36.
410 862 457 926 Ah
486 862 542 925 hac
564 869 661 925 autem
681 864 795 926 rationo
817 865 866 926 vix
886 883 923 927 ca
945 862 1103 944 discrepat,
1133 868 1253 944 propter
1279 880 1366 943 quam
1385 862 1494 926 Petrus
1514 872 1580 944 petra

213 980 258 1036 ast
279 971 441 1052 ecclesiae,
464 980 494 1035 et
514 990 619 1035 caussa
640 991 657 1034 a
680 971 794 1035 Christo
816 973 948 1054 proxima
969 972 1045 1036 illius
1066 971 1225 1051 tirnritatis,
1258 989 1314 1053 qua
1336 972 1471 1035 ecclesia
1490 973 1526 1034 ad
1542 991 1582 1035 aa·

212 1090 335 1145 tremum
348 1080 450 1163 iisque
472 1083 578 1145 invicta
599 1082 748 1145 consistet
791 1081 903 1145 idcirco
925 1084 1002 1145 enim
1023 1089 1106 1164 pctm
1121 1089 1166 1145 cst
1186 1100 1222 1143 ac
1235 1080 1314 1144 basis
1337 1068 1499 1159 ecclesiae,
1518 1081 1583 1162 quud

210 1195 239 1254 in
261 1192 417 1273 quamdam
438 1190 527 1254 veluti
548 1194 686 1255 unitatem
707 1190 744 1254 ab
766 1208 804 1254 eo
826 1209 928 1254 secum
950 1191 1077 1255 adscitus
1099 1199 1159 1271 est,
1187 1189 1226 1255 de
1248 1209 1306 1272 quo
1322 1191 1350 1224 ⁶⁸
1375 1189 1500 1253 dicitur:
1523 1184 1582 1252 idon}

211 1299 322 1381 τίθημι
343 1305 377 1363 ἐκ
396 1298 495 1364 Esaia
514 1299 613 1364 λίθον
632 1298 886 1383 ἀκρογωκιοῖον,
914 1300 1070 1377 ἐκλεκτόν,
1092 1303 1215 1382 ἔντιμον
1222 1346 1231 1376 ,
1258 1300 1311 1364 κοιλ
1331 1301 1349 1362 ο’
1371 1298 1526 1365 πιστεύων
1543 1299 1580 1363 ἐπ’

211 1405 300 1492 αὐτῷ
325 1406 364 1471 οὐ
390 1402 434 1493 μή
461 1409 701 1496 murmurarunt
735 1419 765 1474 et
792 1412 822 1475 in
849 1427 927 1493 quo,
957 1409 1045 1472 Paulo
1058 1411 1086 1443 ‘⁶
1117 1412 1292 1491 interprete,
1321 1409 1410 1472 πᾶσα
1441 1402 1581 1489 ολκοδομο

210 1502 525 1602 σονοίρμολογοομέκη
546 1515 633 1599 αὔξει
656 1524 702 1596 εὶς
718 1517 795 1585 auda
812 1515 907 1601 ἅγιον
927 1524 961 1582 ἐν
982 1520 1088 1603 κυρίῳ.
1131 1518 1242 1581 idcirco
1263 1528 1345 1600 petra
1367 1527 1415 1582 est
1437 1519 1580 1597 ecclesiae,

207 1629 287 1713 quod
316 1630 473 1712 sicutipse
496 1630 800 1694 οοιι1οοείοοοοιιοη
824 1630 1002 1693 diviciitatom
1029 1626 1207 1692 fundamenti
1228 1629 1366 1710 principis
1388 1627 1580 1703 manifestant,

208 1730 247 1801 σύ
269 1733 299 1802 ei
317 1737 470 1818 Χριστός,
493 1741 511 1802 ὁ
532 1739 599 1814 υἱὸς
622 1741 681 1803 τοῦ
702 1738 785 1803 θεοῦ
805 1741 862 1803 τοῦ
881 1737 1019 1817 ζώντοςε
1040 1739 1079 1801 ita
1100 1738 1136 1801 ab
1159 1756 1213 1818 eo,
1235 1739 1284 1819 qui
1306 1737 1528 1801 fundamentum
1547 1744 1582 1800 est

207 1848 343 1928 princeps
365 1856 394 1912 et
414 1845 583 1925 οὐσιῶδες,
603 1858 706 1914 uacuus
728 1858 782 1932 est,
804 1857 836 1914 ut
854 1852 1000 1932 particeps
1021 1850 1126 1929 unius,
1149 1847 1341 1929 eiusdemque
1358 1848 1577 1930 proprietatis‘⁸

207 1957 396 2038 redderetur,
426 1953 518 2040 xciyai
550 1958 586 2022 δὲ
613 1959 694 2041 λέγω
723 1961 788 2034 ool,
818 1958 865 2023 dat
888 1953 927 2023 cai
948 1954 979 2022 ελ
999 1958 1145 2038 Πέτρος,
1176 1957 1228 2020 aui
1252 1958 1303 2020 ἐπὶ
1324 1954 1418 2039 ταύτῃ
1440 1960 1481 2042 τῇ
1499 1962 1580 2036 πήρᾳ

208 2063 409 2146 οἰκοδομήσω
431 2088 495 2149 μου
517 2061 571 2145 τήν
592 2067 766 2144 ἐκκλησίαν.
809 2067 960 2150 Nimirum,
983 2077 1018 2133 tu
1033 2090 1067 2132 cs
1082 2065 1213 2146 Petrus,
1235 2085 1324 2130 unum
1347 2086 1457 2151 nempe
1479 2084 1578 2130 mentm

207 2176 469 2240 communicatione
490 2179 619 2241 muneris
647 2185 677 2241 et
704 2176 808 2259 officii,
836 2178 982 2260 dignitatis
1004 2186 1090 2260 atque
1112 2176 1321 2255 excellentiae,
1348 2185 1382 2240 at
1409 2185 1449 2241 tn
1477 2194 1580 2258 quoqne

199 2283 443 2366 fundamentum
463 2292 509 2349 aia
530 2284 680 2350 ecclesiae
700 2308 794 2350 meac.
837 2286 861 2349 E
884 2287 988 2370 quibus
1009 2305 1081 2351 sanc
1101 2286 1202 2367 liquet,
1224 2285 1387 2350 firmitatem
1402 2286 1485 2352 Petri
1504 2286 1579 2351 uni·

206 2401 294 2457 tatem
312 2412 380 2457 essa
403 2394 523 2476 Christi,
554 2396 630 2459 sicut
655 2396 794 2478 splendor
821 2396 896 2460 radii
915 2396 1054 2478 splendor
1079 2404 1125 2459 cst
1149 2395 1233 2459 solis:
1263 2402 1292 2458 et
1322 2394 1496 2478 dignitatem
1516 2394 1579 2459 ran

192 2504 376 2586 ,dignitatem
404 2522 472 2567 essa
500 2503 621 2585 Christi,
649 2507 724 2568 sicut
750 2507 835 2589 copia
859 2507 914 2569 rivi
938 2507 1022 2588 copia
1049 2505 1196 2588 lentisque
1218 2496 1339 2571 'ubertas
1368 2513 1517 2570 censetur.
1554 2500 1578 2565 Si

206 2616 255 2697 qul
277 2631 351 2697 ergo
373 2614 468 2677 minus
490 2633 577 2696 quam
597 2633 650 2696 par
671 2622 732 2695 cst,
755 2615 832 2680 Petri
851 2615 1021 2699 dignitatem
1043 2623 1215 2696 vereantur,
1242 2614 1272 2679 hi
1292 2616 1337 2678 rei
1358 2615 1489 2681 dolatae
1509 2612 1576 2678 Cln'·

203 2726 241 2789 sti
262 2725 419 2788 maiestatis
440 2740 499 2786 uon
522 2725 665 2787 immerito
687 2724 889 2789 traducentur:
911 2734 940 2790 ct
961 2727 986 2788 si
1008 2726 1057 2807 qui
1071 2724 1194 2788 hostiles
1214 2726 1245 2788 in
1265 2725 1381 2788 Pctnrm
1396 2727 1513 2790 animm
1532 2740 1575 2805 pc·

203 2840 285 2915 rant,
319 2833 355 2896 ab
385 2851 481 2914 eoque
510 2835 714 2916 seiunguntur,
747 2833 777 2897 hi
801 2835 914 2900 Christo
941 2833 1062 2914 tolensi,
1098 2833 1134 2897 ab
1161 2850 1258 2914 coque
1285 2834 1369 2898 divisi
1396 2854 1459 2899 uon
1487 2832 1575 2898 mima

204 2944 387 3008 videbuntur.

310 3060 359 3116 ut.
402 3053 482 3116 llaec
509 3061 605 3117 autern
634 3055 777 3119 eiusmodi
800 3062 867 3118 sunt
893 3073 969 3137 quac
990 3054 1153 3117 accuratius
1173 3060 1328 3134 perspecta
1350 3053 1471 3116 modum
1493 3049 1573 3123 nohis,
1609 3120 1610 3133 χ

203 3167 404 3248 rationemque
434 3165 567 3245 aperiunt
587 3164 850 3247 expeditissimam,
878 3183 935 3247 qua
964 3165 999 3226 iis
1021 3183 1039 3226 e
1059 3165 1281 3244 protestantium
1302 3181 1426 3225 numero
1449 3175 1575 3227 occurra-

201 3294 280 3357 mus,
310 3277 358 3357 qui
379 3294 417 3337 nc
440 3273 611 3356 dignitatem
633 3281 663 3337 et
683 3271 845 3355 ὑπεροχήν
865 3273 1045 3336 fundamenti
1066 3271 1152 3334 Petro
1174 3269 1310 3335 tributam
1332 3271 1490 3351 fateantur,
1517 3260 1575 3331 titud

201 3402 320 3464 semper
341 3371 371 3445 in
392 3400 445 3445 ore
465 3382 589 3465 hahent,
615 3383 784 3465 dignitatern
804 3383 881 3447 hano
907 3402 976 3447 csse
995 3383 1081 3465 plana
1103 3381 1247 3461 divinam,
1275 3399 1410 3464 quaeque
1432 3386 1507 3462 vim,
1534 3394 1573 3437 ct·

201 3498 340 3572 piumque
363 3491 488 3553 hominis
503 3495 650 3574 proprium
673 3493 782 3556 infinito
797 3492 890 3556 ferme
908 3492 1061 3583 intervallo
1082 3489 1360 3574 praetergrediatur.
1403 3490 1494 3564 Quasi
1514 3502 1573 3549 vero

203 3598 299 3661 divina
320 3618 379 3662 non
401 3600 477 3663 foret
498 3601 633 3683 dignitas,
656 3620 732 3684 quac
754 3603 882 3666 fidelium
904 3603 1034 3665 omnium
1053 3603 1226 3683 paternitate
1248 3603 1412 3664 continetur
1425 3603 1467 3683 ⁶⁹,
1490 3611 1573 3677 neque

265 3809 310 3884 ⁶⁴)
331 3810 408 3880 Quod
418 3828 452 3868 ex
466 3813 665 3884 euangeliumm
679 3816 793 3873 lcctiuus
807 3832 867 3888 pcr-
916 3814 1020 3870 censeri
1052 3812 1148 3887 debat,
1183 3811 1272 3869 diviua
1303 3818 1384 3886 atquc
1414 3828 1524 3888 superus
1550 3807 1572 3862 iu

202 3915 322 3989 spicuam
344 3921 399 3991 cst,
420 3917 511 3974 llatth.
533 3919 553 3974 l.
577 3918 603 3975 1.
630 3916 724 3996 βίβλος
742 3918 868 3996 γενέσεως
915 3919 1038 3977 homiues
1065 3918 1169 3975 ahuuds
1195 3918 1320 3975 conferri.
1362 3919 1432 3987 Quid
1453 3921 1521 3976 enim
1540 3912 1573 3968 di·

200 4012 289 4097 'Ipnoi
301 4018 436 4098 Χριστοῦ,
456 4019 516 4081 οἱοῦ
529 4020 629 4094 Aaou,
649 4020 708 4082 υἱοῦ
725 4016 866 4103 Ἀβραάμ.
915 4028 1003 4084 tinius
1023 4014 1275 4098 Sancto-spiritui
1302 4031 1330 4081 st
1349 4030 1437 4081 unica
1457 4025 1572 4096 scriptun

264 4128 309 4204 ο)
330 4128 365 4185 u.
386 4129 506 4186 xxvm.
531 4129 576 4188 ra.
916 4136 958 4187 en
976 4129 1038 4187 rol.
1055 4129 1126 4186 xrv.
1150 4130 1203 4186 re:
1230 4127 1293 4186 nat
1312 4121 1365 4206 ed
1386 4124 1515 4208 apadno
1532 4114 1573 4183 dr

263 4232 308 4310 ⁶⁸)
329 4232 427 4307 Ephcs.
448 4235 481 4292 ll.
503 4235 550 4293 21.
916 4234 1032 4310 πατέρα,
1053 4234 1098 4292 καὶ
1112 4226 1198 4292 ἄλλον
1218 4227 1398 4312 παράκλητον
1414 4229 1496 4295 doinst·
1509 4224 1571 4307 ipo,

265 4341 309 4415 17)
330 4340 421 4398 uario.
441 4341 512 4398 xvt
536 4341 581 4398 16.
917 4335 962 4398 iau
980 4343 1047 4419 μένῃ
1065 4337 1133 4416 μεθ’
1154 4331 1232 4415 ὑμῶν
1251 4340 1289 4407 alc
1307 4333 1356 4399 scir
1375 4339 1473 4399 ολοῖκα.
1513 4332 1571 4407 Otii

264 4446 512 4522 ⁶⁸)ttattt1.xvt.
536 4447 581 4503 ts.
916 4449 1063 4522 adoptione
1097 4448 1210 4503 liliomm
1242 4438 1400 4504 excelsiori
1436 4455 1463 4506 ct
1493 4455 1569 4503 umet

263 4553 308 4627 69)
329 4552 396 4609 nanc
417 4554 459 4610 tna
482 4553 580 4610 carran
601 4553 693 4611 uaris.
714 4554 809 4612 xxm
831 4556 865 4614 a:
915 4556 1012 4612 aretur
1037 4555 1113 4612 oon.
1135 4554 1204 4610 κισ.
1229 4554 1280 4610 152
1321 4544 1449 4631 uadum
1473 4544 1569 4622 manc

200 4656 261 4715 Καὶ
291 4656 400 4735 ποτέρα
425 4649 464 4733 μὴ
491 4656 622 4732 καλέσητε
652 4657 696 4715 tut
726 4654 777 4733 τῆς
802 4655 865 4735 γῆς·
915 4660 1065 4731 υἱοθεσίας,
1086 4648 1153 4733 trqi
1169 4650 1319 4736 κράζομσκ·
1342 4650 1428 4737 οἱββοῖ,
1446 4651 1463 4718 ὁ
1478 4646 1567 4727 πατήρ·

200 4753 238 4830 οἷς
263 4755 317 4840 γάρ
344 4763 416 4821 ἐστιν
434 4755 451 4822 ὁ
472 4757 566 4842 πατήρ
591 4755 684 4840 ὑμῶν,
710 4756 727 4823 ὁ
754 4766 783 4823 dr
808 4771 866 4833 τοῖς
916 4768 984 4837 omn
1010 4768 1166 4841 locupletius
1194 4766 1394 4823 cohaereditate
1421 4783 1479 4823 cum
1504 4758 1566 4820 clri-

202 4860 337 4947 οὐρανοῖς.
377 4870 551 4929 Nihilominus
565 4872 666 4946 siquid
684 4879 754 4930 estc
768 4873 866 4931 biblio-
914 4863 982 4931 stoi
1001 4879 1030 4931 ct
1048 4879 1138 4929 umam
1157 4873 1272 4945 legimns
1292 4873 1369 4930 Ram.
1384 4872 1453 4929 Vlll.
1472 4858 1567 4928 lizfft

201 4993 257 5033 run
272 4977 433 5034 auctoritate
447 4977 637 5053 tnduttuun,
657 4978 729 5039 istud
740 4980 865 5054 proiecto
914 4977 944 5041 di
963 4977 1058 5050 rara,
1076 4976 1124 5037 sat
1142 4969 1321 5056 κληρονόμοι·
1347 4969 1511 5056 κληρονόμοι
1526 4967 1565 5050 itit
