3266 5416
367 1103 640 1245 ttltttt
708 1100 1043 1244 ttthut

551 1462 784 1558 aaron
833 1398 863 1558 r.

340 1658 390 1723 De
403 1680 526 1738 norma,
547 1660 841 1741 adquaerendam
856 1660 1002 1731 iudicatos
1019 1665 1105 1741 euripi
1119 1655 1220 1720 debet:
1241 1694 1282 1705 -
1302 1662 1394 1736 atque

233 1770 310 1833 adeo
337 1770 374 1832 de
400 1778 432 1833 oi
452 1779 481 1834 et
503 1779 622 1835 rottone
640 1792 773 1835 cumeae
792 1778 908 1851 ἑρσίιιεε
926 1807 968 1817 -
999 1790 1036 1832 eo
1054 1774 1188 1849 pertinet
1208 1766 1251 1830 ad
1270 1764 1395 1829 iliorum

234 1887 363 1959 spectent
390 1901 590 1957 caussarum,
622 1879 730 1961 quibas
761 1880 798 1942 de
824 1878 981 1943 eduntote
1006 1886 1036 1942 ct
1062 1878 1182 1942 demeto
1208 1884 1394 1941 institutoris

235 1996 408 2069 meritur:
428 2030 470 2042 —
490 1992 604 2056 hrdteio
633 2012 706 2076 erqo
735 1996 836 2056 omnio
863 1987 955 2053 botos
981 1986 1149 2051 edonias
1179 1988 1301 2052 totidem
1321 1996 1396 2051 runt

234 2097 407 2183 ehgoimes
436 2101 574 2185 regulae,
609 2125 626 2167 e
659 2099 769 2182 quibus
801 2105 1028 2162 controuersiae
1053 2099 1165 2162 decimo
1192 2100 1323 2180 pendet.-
1355 2136 1396 2147 -

234 2216 357 2288 quinum
378 2208 573 2276 characteres
587 2211 672 2276 hirec
684 2211 805 2275 indiciis
823 2217 925 2273 inesse
947 2207 1094 2273 debeant:
1118 2248 1155 2260 -
1178 2210 1259 2273 tarde
1279 2204 1395 2272 emistat

233 2317 418 2383 amentata
439 2342 564 2400 noenta,
590 2329 641 2385 eut
661 2342 839 2402 supremum
859 2320 1006 2384 iodicium
1027 2320 1205 2401 respondet:
1225 2359 1266 2368 -
1288 2320 1396 2385 discri-

234 2448 304 2491 men
325 2436 405 2493 inter
424 2431 629 2497 omomralem
646 2452 798 2508 ammom,
818 2429 960 2516 legesque
979 2429 1173 2514 deputares:
1194 2467 1235 2479 —
1255 2429 1397 2525 illustro-

235 2547 301 2601 tur:
313 2577 355 2587 —
368 2542 623 2607 muodomtttur
637 2549 670 2606 tn
681 2548 896 2623 protestantes,
918 2541 1238 2622 quod‘proepoeteram
1251 2539 1398 2622 phiodov

237 2647 413 2734 delegerint.

134 2971 160 3026 t.
204 2867 339 3073 <Duum
359 2962 460 3046 plura,
491 2965 666 3048 diversaque
688 2968 745 3029 sint
762 2967 927 3039 testimonia
949 2970 970 3047 ¹,
1001 2985 1075 3047 quae
1097 2965 1134 3028 ad
1153 2971 1339 3046 praesentem
1361 2963 1399 3027 de

36 3070 104 3134 Petri
129 3074 340 3155 praerogativis
368 3074 568 3136 tractationem
596 3073 775 3157 referuntur,
806 3074 937 3157 quaestio
966 3077 1090 3157 primum
1111 3072 1261 3153 oboritur,
1291 3089 1349 3154 quo
1370 3076 1400 3135 in

34 3200 148 3244 numero
169 3182 272 3246 haberi
292 3180 340 3244 illa
362 3182 505 3262 debeant,
531 3201 627 3263 quove
648 3192 733 3265 pacto
756 3184 802 3247 vel
823 3185 938 3266 singtda
960 3202 1108 3265 seorsum,
1142 3181 1190 3247 vei
1212 3183 1309 3245 omnia
1329 3201 1399 3245 con·

35 3291 144 3352 iunctim
164 3291 202 3353 ad
225 3293 312 3354 totius
335 3310 457 3355 caussae
478 3292 628 3375 iudicium,
656 3293 910 3381 definitionemque
934 3295 1105 3358 conducant.
1148 3293 1230 3366 Quae
1252 3291 1399 3373 dubitatio,

34 3400 57 3459 si
78 3399 168 3481 paullo
189 3402 356 3480 inspiciatur
374 3402 515 3483 penitius,
538 3403 680 3493 eiusmodi
702 3404 837 3486 apparet,
863 3412 894 3466 ut
915 3404 951 3467 ab
973 3423 1009 3466 ea
1030 3421 1088 3467 non
1111 3401 1267 3466 admodum
1290 3402 1401 3466 discre-

34 3516 88 3589 pet,
109 3529 162 3591 qua
176 3511 296 3603 petitur,
319 3529 463 3592 quaenam
484 3511 640 3594 deligenda
660 3516 697 3575 sit
717 3531 836 3595 norma,
857 3521 889 3575 ut
909 3513 1062 3577 serendum
1081 3512 1118 3576 de
1140 3530 1245 3577 caussa
1265 3513 1401 3576 iudicium

36 3637 99 3681 cum
122 3622 242 3683 veritate
275 3620 437 3701 conspiret,
473 3628 502 3683 et
533 3600 705 3703 sapientium
731 3624 859 3686 omnium
887 3623 1074 3704 suffragium,
1105 3622 1402 3704 approbationemque

38 3737 183 3792 mereatur.
227 3728 382 3792 Neminem
403 3748 475 3793 vero
497 3729 562 3793 iore
583 3739 666 3812 puto,
696 3752 783 3814 quem
806 3735 907 3816 lateat,
936 3732 1078 3798 eiusmodi
1099 3751 1232 3796 normam
1254 3732 1403 3813 praestitui

36 3839 88 3900 rite
106 3859 162 3902 non
182 3858 281 3923 posse,
303 3842 359 3905 nisi
377 3840 492 3922 species
507 3840 671 3923 innotuerit,
694 3860 751 3923 qua
772 3861 895 3907 caussae
915 3846 990 3909 ratio
1012 3844 1185 3906 continetur.
1228 3839 1402 3904 Incredibile

1 3959 2 3994 t
39 3949 110 4008 enim
130 3949 206 4013 dictu
227 3957 288 4031 est,
320 3968 406 4031 mam
431 3951 546 4033 variae,
575 3968 720 4033 quamque
748 3953 883 4018 diversae
903 3973 957 4038 pro
985 3955 1142 4035 varietate,
1175 3968 1403 4032 caussarumque

39 4053 195 4122 dhcnmhre
217 4060 275 4122 sint
296 4060 448 4145 regidae:¹
462 4080 606 4143 mamque
627 4063 647 4127 ii
665 4061 799 4125 tollantur
820 4067 964 4148 gnaviter,
994 4067 1043 4148 qui
1064 4065 1176 4127 caussis
1198 4063 1317 4125 omnino
1340 4077 1404 4122 om-

40 4163 116 4229 nibus
144 4184 246 4247 unam,
277 4169 469 4252 eamdemque
497 4171 676 4253 praefinitam
707 4190 839 4236 normam
870 4175 1051 4240 arbitrantur.
1105 4172 1239 4237 Proiecto
1271 4172 1327 4235 aha
1360 4177 1406 4233 est

42 4291 149 4356 norma,
176 4295 233 4359 qua
256 4280 456 4360 geometricae
484 4282 686 4361 quaestiones,
717 4288 747 4343 et
774 4282 829 4346 alia
851 4302 908 4366 apra
929 4285 1118 4348 mechanicae
1140 4291 1170 4346 et
1190 4282 1404 4347 astronomicae

44 4379 216 4449 din'mmtm:
245 4406 342 4469 neque
363 4388 442 4451 idem
463 4396 509 4452 est
529 4384 698 4472 κριτήριον,
727 4407 785 4471 quo
807 4391 844 4456 de
866 4396 1076 4458 controversiis
1097 4393 1263 4474 historicis,
1296 4398 1326 4454 et
1345 4408 1404 4473 quo

48 4489 77 4553 de
93 4493 297 4577 philosophicis
319 4498 487 4562 iudicamus.

138 4613 166 4669 2.
208 4607 346 4671 Jamvero
366 4610 551 4690 perspicuum
573 4617 627 4689 est,
649 4628 716 4674 eam
736 4611 821 4675 nobis
831 4631 903 4695 prae
917 4614 1050 4678 manibus
1072 4629 1207 4677 caussam
1228 4628 1306 4689 esse,
1329 4625 1404 4690 quae

48 4706 146 4777 dierum
166 4719 265 4799 specie
286 4717 556 4799 comprehenditur,
586 4719 689 4800 quibus
710 4720 886 4804 postulatu,
914 4721 1075 4787 cuiusmodi
1097 4721 1214 4784 censeri
1235 4718 1342 4783 debeat
1361 4719 1405 4779 in·

48 4820 172 4888 tibiatis
192 4828 325 4891 voluntas
346 4826 518 4891 audendus
538 4830 735 4894 instrumentis
756 4831 929 4914 consignata
950 4831 987 4894 de
1008 4830 1234 4913 praerogativis,
1265 4842 1337 4908 ques
1355 4824 1406 4885 uni

49 4942 112 5004 itte
136 4934 196 4999 alia
217 4938 368 5020 ceteroqui
389 4936 506 5019 paribus
527 4938 689 5002 contulerit
732 4939 796 5004 Huc
816 4942 893 5003 enim
915 4940 1060 5020 indaginis
1083 4955 1209 5013 mmma,
1239 4941 1269 4994 et
1289 4935 1404 4989 contro·

1166 5240 1189 5308 3
