3374 5388
631 278 634 283 ⁴
705 261 852 335 corut
873 265 931 331 Ν.
1448 267 1511 331 utu

122 435 259 518 muniit
278 484 288 521 ‚
306 454 343 499 uc
365 434 484 498 nominc
511 441 541 497 et
565 432 706 515 dignitate
727 442 838 514 petrae
864 432 1065 515 locupletavit,
1095 432 1281 499 menifestum
1302 439 1349 499 est
1367 434 1514 499 contineri

123 545 201 608 illum
223 544 310 608 teau
327 542 398 606 fidei
417 541 621 623 confessione,
650 561 738 625 quam
760 543 862 609 Simon
882 542 981 621 edidit,
1002 543 1148 625 inquiens,
1170 535 1211 606 od
1231 537 1261 607 ul
1282 543 1301 606 d
1321 540 1468 626 Xpmde,
1492 545 1511 608 d

122 652 190 729 vide
203 655 261 718 τοῦ
281 653 367 717 θεοῦ
379 654 437 715 τοῦ
451 649 579 728 ζῶντος.
623 651 660 715 Ut
674 653 753 715 euim
768 671 835 717 eam
849 652 974 734 promit,
993 651 1136 730 Christus,
1158 653 1283 736 gradum
1294 652 1511 737 propemodum

121 763 282 844 relaturus,
312 762 451 826 continuo
479 761 618 825 subiecit:
647 759 741 849 κάγώ
769 760 806 826 di
834 762 885 827 coi
910 761 1011 844 λέγω,
1040 759 1088 826 d'u
1114 759 1154 826 cd
1174 758 1205 827 ei
1225 760 1361 845 Πέτρος.
1403 761 1513 843 Eous

113 871 281 956 foetuum
301 880 384 937 cerie
404 871 602 954 intelligimus,
624 873 795 956 digmtatem
809 879 922 954 petrae,
943 873 1148 953 rationemque
1162 870 1344 937 fundamenti
1365 871 1513 939 ecclesiae

124 1005 162 1048 οο
180 1005 269 1047 nexu
289 1001 358 1047 cum
377 983 494 1046 sincera
514 981 581 1062 fide,
603 982 704 1064 illique
726 1000 857 1047 consono
878 981 1065 1063 professione
1086 978 1265 1061 rennuere,
1290 1002 1349 1063 οιοο
1379 981 1515 1049 unates

125 1089 257 1177 effectus
272 1114 342 1157 cum
356 1099 424 1155 uuis
446 1098 570 1155 caussis
585 1091 808 1155 devinciuntur.
852 1091 944 1174 {gitur
958 1091 981 1155 l.
1003 1090 1156 1159 obversari
1177 1093 1275 1155 animo
1290 1093 1392 1174 nequit
1411 1092 1515 1177 desip-

127 1210 212 1266 nntiu
233 1202 339 1266 Christi
359 1202 398 1266 de
410 1199 528 1285 sutura
549 1200 697 1265 ecciesiae
712 1209 823 1282 petro,
858 1204 928 1283 quin
953 1199 1041 1265 simul
1066 1221 1142 1265 mu
1158 1200 1258 1282 fidet,
1290 1208 1420 1283 duspurc
1439 1223 1516 1267 um

123 1310 279 1393 prosum
294 1314 337 1347 ¹⁶³
362 1312 452 1375 menti
474 1312 631 1393 animoque
652 1317 831 1375 succurrant
866 1310 958 1393 igitur
971 1309 1005 1373 tt
1025 1309 1177 1393 desigmta
1200 1310 1346 1376 aChristo
1366 1310 1514 1377 ecclesiae

125 1429 209 1504 petra
222 1440 283 1485 uon
298 1428 344 1485 est
359 1420 460 1485 Simon
481 1441 621 1484 reorum
642 1440 677 1483 ao
697 1417 848 1494 absolute,
870 1419 924 1483 sed
938 1419 1041 1484 Simon
1061 1436 1081 1482 o
1090 1421 1271 1497 χοτικοῖς
1287 1428 1317 1483 et
1337 1428 1515 1502 comparate

124 1530 165 1595 ud
187 1550 288 1595 ueram
309 1530 413 1610 iidem,
443 1532 492 1593 cui
512 1530 610 1594 animo
631 1530 785 1611 adhaeret,
819 1546 967 1612 quumque
996 1547 1050 1592 ore
1071 1526 1230 1610 profitetur.
1272 1528 1364 1611 Igitur
1386 1529 1432 1595 tlt
1454 1538 1515 1595 tam

124 1640 238 1720 Simon,
259 1659 347 1723 quam
368 1659 439 1703 vera
454 1640 518 1704 cius
532 1639 622 1720 tides,
646 1640 869 1721 orthodomque
883 1637 951 1702 lidei
968 1636 1115 1721 professio
1135 1637 1179 1700 ud
1198 1644 1351 1703 rationem
1368 1639 1516 1720 pertinent

125 1748 307 1814 fundamenti
329 1749 485 1829 ecclesiae,
507 1768 583 1831 quae
606 1768 696 1832 super
709 1750 860 1815 Simonem
879 1767 951 1811 vera
972 1748 1153 1831 credentem,
1175 1765 1306 1829 vereque
1327 1745 1516 1813 confitentem

125 1858 309 1923 aedificanda
336 1859 520 1942 praedicitur.
562 1858 629 1922 Non
656 1859 696 1922 ita
723 1866 821 1923 tamen
842 1858 890 1921 lV.
911 1864 944 1920 ut
964 1857 1131 1921 numm
1150 1860 1267 1941 penitus
1295 1856 1428 1938 tollatur,
1457 1879 1517 1939 uuo

126 1967 240 2047 Simon,
262 1968 386 2049 eiusque
407 1986 480 2032 veru
500 1966 584 2048 fides,
606 1965 828 2048 orthodoxaque
850 1962 1014 2048 professio,
1046 1975 1077 2031 ut
1097 1966 1225 2031 futurum
1247 1969 1395 2033 ecolesiue
1413 1968 1516 2035 fimda·

126 2084 259 2141 mentum
280 2084 489 2160 proponuntur.
531 2076 646 2141 Etenim
669 2075 819 2141 Simonem
845 2075 972 2141 futurum
995 2076 1141 2141 ecclesiae
1170 2084 1286 2160 πεῖρον
1305 2076 1514 2164 contueatur,

127 2194 160 2249 ut
174 2187 203 2250 id
218 2186 256 2250 dc
269 2186 337 2268 fide,
353 2188 476 2269 eiusque
496 2186 685 2251 confessione
696 2186 882 2250 solummodo
903 2184 1155 2270 msipntficotur:
1170 2186 1250 2251 illud
1264 2188 1389 2253 totidem
1411 2185 1515 2253 vetra

127 2298 276 2373 edicitur,
299 2298 352 2361 uui
372 2297 424 2360 un
443 2296 538 2383 ταύτῃ
558 2299 595 2380 τῇ
617 2301 715 2380 πέτρᾳ
736 2294 938 2377 οἰκοδομήσω
966 2317 1030 2377 μου
1049 2290 1105 2372 τὴν
1124 2295 1305 2374 ἐκκλησίαν,
1336 2298 1395 2362 lroc
1422 2298 1518 2363 ductu

124 2414 269 2488 umque
283 2428 389 2471 rerum
403 2415 593 2471 continetur:
613 2406 684 2471 illud
704 2404 827 2490 tepitur,
841 2405 900 2469 hoo
913 2412 1050 2468 emitur:
1064 2404 1135 2469 illud
1149 2404 1298 2469 duculum
1313 2414 1368 2487 est,
1388 2406 1447 2470 hoc
1467 2405 1518 2473 od·

125 2515 261 2598 Quum.-
274 2517 345 2581 illud
358 2516 539 2598 eupiicitum
553 2535 588 2580 ao
602 2524 752 2597 minna,
767 2515 826 2579 hoc
839 2514 934 2579 reduc
949 2521 1026 2595 ipris
1041 2516 1083 2548 ¹⁸⁶
1099 2512 1253 2578 notorum
1267 2522 1360 2596 alpem
1373 2515 1517 2581 cefntuun

240 2627 380 2710 Superest
407 2627 511 2690 relatio
546 2626 584 2690 ad
611 2624 877 2691 urstrumcntulem
913 2645 1074 2703 ccursant,
1109 2626 1288 2707 modumque
1326 2644 1385 2707 quo
1412 2625 1518 2691 Petrus

127 2740 228 2819 πέτρα
248 2744 306 2817 est,
330 2754 425 2818 eaque
447 2737 578 2801 obiturus
607 2736 798 2818 praedicitur,
828 2754 905 2818 quae
920 2733 1121 2819 fundamenti
1148 2741 1282 2819 immine
1308 2735 1517 2818 significantem

127 2844 227 2910 Nemo
248 2853 346 2910 autem
361 2846 411 2927 qui
432 2865 496 2909 rem
518 2846 683 2910 accumtius
709 2846 886 2927 imposuerit,
915 2844 951 2908 eii
972 2844 1132 2909 Ambrosio
1156 2844 1310 2911 dissentiat
1329 2845 1455 2910 docente
1472 2848 1514 2879 '⁸⁷

128 2976 193 3018 non
214 2955 252 3018 dc
265 2976 360 3018 corne
375 2951 474 3033 Petri,
495 2956 554 3019 red
572 2955 611 3019 do
626 2954 694 3038 fide
715 2955 831 3019 dotum
843 2975 921 3035 esse,
944 2962 974 3019 et
994 2976 1090 3036 super
1109 2953 1190 3020 dunc
1202 2963 1325 3036 petron
1345 2952 1518 3037 oedificabo

199 3190 258 3266 ¹⁸⁸)
278 3191 442 3250 ntumtmn
464 3193 534 3250 enim
548 3207 601 3249 non
616 3191 723 3265 suflicit,
746 3196 801 3246 tum
852 3190 935 3249 dinus
961 3191 1086 3249 videntur
1112 3191 1208 3264 quibus
1237 3205 1332 3248 senem
1358 3191 1466 3267 typicus
1491 3198 1520 3248 et

132 3298 196 3370 quia
220 3299 345 3373 scriptum
372 3307 414 3357 est
440 3300 515 3357 ltom
537 3299 570 3357 lt.
593 3298 646 3355 to:
685 3295 802 3373 Καρδίᾳ
851 3300 1050 3373 unii-typicus
1070 3297 1187 3357 effertur.

129 3393 188 3478 prio
207 3395 362 3461 nutrimur
381 3401 419 3469 eie
434 3396 622 3479 δικαιοσύνην·
643 3394 802 3478 muntii
911 3405 979 3463 ilino
999 3404 1120 3462 Patribus
1140 3394 1325 3477 colomnensi,
1346 3402 1428 3461 modo
1441 3420 1519 3460 unam

130 3499 308 3584 ὁμολογεῖται
326 3508 365 3576 sic
384 3509 538 3584 σωτηρίαν
559 3518 614 3568 tum
635 3512 697 3583 quia
715 3500 803 3567 ecclc·
851 3511 997 3569 alterumue
1027 3511 1273 3585 interpretationem
1303 3509 1400 3585 sequi,
1438 3510 1518 3567 modo

130 3615 176 3670 sia
203 3615 318 3690 christi,
349 3622 441 3689 utpote
467 3617 602 3693 visibilis,
633 3632 688 3674 nou
715 3616 801 3673 solum
852 3617 918 3673 dues
950 3624 1038 3674 tresve
1070 3616 1148 3675 simul
1179 3631 1340 3691 proponere.
1390 3615 1455 3674 ldeo
1486 3633 1520 3675 ιο

135 3737 228 3779 verum
255 3722 437 3795 iutemumque
456 3723 535 3781 tidem
556 3724 659 3797 exigit,
686 3721 736 3779 sed
756 3738 803 3778 er·
851 3722 924 3794 quod
944 3723 964 3779 l.
985 3722 1029 3781 uel
1049 3722 1221 3796 multiplicem
1245 3720 1384 3779 litteralem
1411 3736 1519 3779 mosum

131 3833 235 3885 ternrm
264 3844 369 3903 quoque
396 3829 626 3903 orthodoxamque
652 3828 715 3888 ddei
739 3842 803 3885 con·
851 3829 1037 3904 admitterent,
1065 3828 1109 3886 vel
1130 3827 1163 3885 ll.
1184 3830 1212 3885 iu
1233 3844 1284 3885 una
1305 3827 1452 3900 eodemque
1471 3827 1520 3886 ni·

128 3934 279 3991 tastonam
299 3934 439 4007 efflagita.
851 3951 920 4009 spuo
945 3949 1015 3992 voco
1041 3934 1239 4008 mterpreunda
1264 3949 1318 3992 nou
1338 3933 1392 3991 sibi
1413 3940 1520 3991 οοιιοῑα-

851 4046 927 4114 rent,
945 4041 989 4098 vel
1009 4040 1053 4097 tlt
1075 4039 1368 4099 auo-modetionilms
1388 4040 1521 4113 obseque-

199 4143 260 4220 ¹⁶⁶)
285 4145 379 4220 ltepeti
400 4145 499 4203 debent
518 4144 552 4202 de
571 4145 623 4201 huo
642 4146 800 4218 interpreta-
852 4135 962 4203 rentur?
981 4148 1095 4220 primum
1109 4164 1141 4204 uo
1154 4153 1320 4221 postremum
1332 4148 1521 4207 neccuurim

132 4250 223 4324 tione,
245 4250 330 4324 deque
348 4252 467 4311 eiusdem
482 4251 552 4325 apud
566 4251 658 4307 l’atres
672 4266 722 4307 usu
735 4266 803 4323 quae
851 4268 905 4310 non
935 4259 995 4327 est,
1030 4254 1142 4311 alterum
1171 4269 1237 4310 vero
1269 4254 1378 4311 omnino
1406 4254 1520 4326 saum.

133 4356 169 4412 de
190 4355 410 4428 interpretatione
428 4365 528 4432 petrus
548 4372 597 4431 pro
618 4357 724 4415 Christo
747 4358 803 4413 nni·
852 4359 941 4417 Nexns
971 4360 1042 4419 enim
1075 4376 1183 4434 rerum,
1225 4360 1520 4434 mipnidcetiouesque

133 4462 333 4519 mrdtertimua.
374 4464 433 4521 lton
461 4469 523 4519 suut
550 4464 618 4520 istun
647 4464 804 4536 interpreta-
852 4466 980 4523 relntiuee
1009 4466 1143 4540 effecere,
1181 4471 1211 4523 ut
1240 4481 1398 4539 memqurm
1429 4466 1520 4525 Petrus

129 4568 225 4625 tiones
241 4568 366 4627 ceriolos
380 4569 543 4643 aedreuter,
563 4584 617 4627 uon
635 4570 802 4645 οόφιέβοοιι-
852 4571 960 4629 nomine
984 4580 1082 4645 petrus
1107 4573 1232 4647 proxime
1258 4573 1396 4644 designari
1416 4572 1520 4631 Petrum

129 4683 180 4732 tur
209 4676 259 4732 scd
290 4677 532 4752 unpniflcuntm
564 4690 618 4733 ncu
648 4675 804 4750 pendente
851 4677 1046 4754 intelligerent,
1072 4679 1246 4737 nihilomiuus
1271 4678 1414 4739 sedetiam
1441 4695 1522 4752 anper
1563 4694 1566 4697 ·

121 4783 323 4857 ⁴proruuuticiu
355 4785 450 4854 meir,
486 4782 536 4840 sed
562 4800 580 4839 c
606 4781 687 4839 reduc
721 4782 803 4855 ipris,
852 4782 1000 4859 Christum,
1023 4784 1139 4859 fideique
1159 4786 1357 4847 confusionem
1377 4786 1522 4843 emitten-

131 4887 368 4964 rusumque
394 4889 456 4965 lepe
486 4888 664 4965 deducuntur3
693 4902 748 4945 uon
773 4905 804 4945 se
852 4889 914 4947 dem
934 4890 1071 4949 docment

131 4995 288 5057 excudunt
307 4997 357 5054 sed
377 4996 540 5067 doment,
561 5001 640 5068 atque
660 4996 694 5051 iic
710 4994 801 5052 sunil-
850 5025 855 5036 ·
919 4995 1316 5072 ¹⁸⁷)1ielucarnat.eup.ll.
1338 4994 1427 5054 nid.

1215 5100 1304 5175 27*
