<?xml version="1.0" encoding="UTF-8"?>
<!DOCTYPE html PUBLIC "-//W3C//DTD XHTML 1.0 Transitional//EN"
    "http://www.w3.org/TR/xhtml1/DTD/xhtml1-transitional.dtd">
<html xmlns="http://www.w3.org/1999/xhtml" xml:lang="en" lang="en">
 <head>
  <title>
</title>
<meta http-equiv="Content-Type" content="text/html;charset=utf-8" />
  <meta name='ocr-system' content='tesseract 3.04.00' />
  <meta name='ocr-capabilities' content='ocr_page ocr_carea ocr_par ocr_line ocrx_word'/>
</head>
<body>
  <div class='ocr_page' id='page_1' title='image "./commentariusdep00passgoog_0535.png"; bbox 0 0 3324 5382; ppageno 0'>
   <div class='ocr_carea' id='block_1_1' title="bbox 671 317 1473 385">
    <p class='ocr_par' dir='ltr' id='par_1_1' title="bbox 671 317 1473 385">
     <span class='ocr_line' id='line_1_1' title="bbox 671 317 1473 385; baseline 0.001 -2"><span class='ocrx_word' id='word_1_1' title='bbox 671 317 817 383; x_wconf 76' lang='lat' dir='ltr'>CAPUT</span> <span class='ocrx_word' id='word_1_2' title='bbox 857 318 899 385; x_wconf 73' lang='lat' dir='ltr'><strong>X·</strong></span> <span class='ocrx_word' id='word_1_3' title='bbox 1412 323 1473 384; x_wconf 80' lang='lat' dir='ltr'><strong>bru</strong></span> 
     </span>
    </p>
   </div>
   <div class='ocr_carea' id='block_1_2' title="bbox 85 484 1475 2212">
    <p class='ocr_par' dir='ltr' id='par_1_2' title="bbox 99 484 1472 677">
     <span class='ocr_line' id='line_1_2' title="bbox 99 484 1471 568; baseline 0 -19"><span class='ocrx_word' id='word_1_4' title='bbox 99 502 219 567; x_wconf 82' lang='lat' dir='ltr'><strong>graecus</strong></span> <span class='ocrx_word' id='word_1_5' title='bbox 236 484 371 549; x_wconf 77' lang='lat' dir='ltr'><strong>Mathaei</strong></span> <span class='ocrx_word' id='word_1_6' title='bbox 390 486 552 566; x_wconf 84' lang='lat' dir='ltr'><strong>interpres,</strong></span> <span class='ocrx_word' id='word_1_7' title='bbox 586 484 732 566; x_wconf 80' lang='lat' dir='ltr'><strong>siquidem</strong></span> <span class='ocrx_word' id='word_1_8' title='bbox 761 493 886 567; x_wconf 93' lang='lat' dir='ltr'><strong>utroque</strong></span> <span class='ocrx_word' id='word_1_9' title='bbox 917 486 947 548; x_wconf 93' lang='lat' dir='ltr'><strong>in</strong></span> <span class='ocrx_word' id='word_1_10' title='bbox 973 484 1107 547; x_wconf 91' lang='lat' dir='ltr'><strong>membro</strong></span> <span class='ocrx_word' id='word_1_11' title='bbox 1133 502 1223 549; x_wconf 90' lang='lat' dir='ltr'><strong>unum</strong></span> <span class='ocrx_word' id='word_1_12' title='bbox 1243 485 1382 568; x_wconf 75' lang='lat' dir='ltr'><strong>idemque</strong></span> <span class='ocrx_word' id='word_1_13' title='bbox 1401 486 1471 550; x_wconf 87' lang='lat' dir='ltr'><strong>sub·</strong></span> 
     </span>
     <span class='ocr_line' id='line_1_3' title="bbox 99 593 1472 677; baseline 0.004 -22"><span class='ocrx_word' id='word_1_14' title='bbox 99 593 200 657; x_wconf 84' lang='lat' dir='ltr'><strong>iactum</strong></span> <span class='ocrx_word' id='word_1_15' title='bbox 220 593 412 677; x_wconf 85' lang='lat' dir='ltr'><strong>significatum</strong></span> <span class='ocrx_word' id='word_1_16' title='bbox 436 593 535 675; x_wconf 82' lang='lat' dir='ltr'><strong>voluit,</strong></span> <span class='ocrx_word' id='word_1_17' title='bbox 557 595 681 675; x_wconf 88' lang='lat' dir='ltr'><strong>primunr</strong></span> <span class='ocrx_word' id='word_1_18' title='bbox 703 601 827 677; x_wconf 76' lang='grc' dir='ltr'><em>πέτρον,</em></span> <span class='ocrx_word' id='word_1_19' title='bbox 847 613 884 658; x_wconf 88' lang='lat' dir='ltr'><strong>ao</strong></span> <span class='ocrx_word' id='word_1_20' title='bbox 904 597 1020 674; x_wconf 68' lang='lat' dir='ltr'><strong>rimport</strong></span> <span class='ocrx_word' id='word_1_21' title='bbox 1040 593 1147 657; x_wconf 87' lang='lat' dir='ltr'><strong>deinde</strong></span> <span class='ocrx_word' id='word_1_22' title='bbox 1168 593 1236 658; x_wconf 90' lang='lat' dir='ltr'><strong>illud</strong></span> <span class='ocrx_word' id='word_1_23' title='bbox 1255 596 1472 677; x_wconf 69' lang='lat' dir='ltr'><strong>nuncupaverit.</strong></span> 
     </span>
    </p>

    <p class='ocr_par' dir='ltr' id='par_1_3' title="bbox 90 701 1475 1772">
     <span class='ocr_line' id='line_1_4' title="bbox 196 701 1471 789; baseline 0.004 -25"><span class='ocrx_word' id='word_1_24' title='bbox 196 701 329 786; x_wconf 87' lang='lat' dir='ltr'><strong>Denique</strong></span> <span class='ocrx_word' id='word_1_25' title='bbox 350 704 384 766; x_wconf 93' lang='lat' dir='ltr'><strong>V.</strong></span> <span class='ocrx_word' id='word_1_26' title='bbox 407 712 466 767; x_wconf 81' lang='lat' dir='ltr'><strong>tem</strong></span> <span class='ocrx_word' id='word_1_27' title='bbox 485 721 541 767; x_wconf 91' lang='lat' dir='ltr'><strong>usu</strong></span> <span class='ocrx_word' id='word_1_28' title='bbox 562 702 703 785; x_wconf 88' lang='lat' dir='ltr'><strong>loquendi</strong></span> <span class='ocrx_word' id='word_1_29' title='bbox 724 723 811 786; x_wconf 89' lang='lat' dir='ltr'><strong>quam</strong></span> <span class='ocrx_word' id='word_1_30' title='bbox 833 710 964 785; x_wconf 86' lang='lat' dir='ltr'><strong>spectato</strong></span> <span class='ocrx_word' id='word_1_31' title='bbox 986 704 1210 786; x_wconf 88' lang='lat' dir='ltr'><strong>comparationis</strong></span> <span class='ocrx_word' id='word_1_32' title='bbox 1231 705 1357 768; x_wconf 88' lang='lat' dir='ltr'><strong>termino</strong></span> <span class='ocrx_word' id='word_1_33' title='bbox 1372 704 1471 789; x_wconf 84' lang='lat' dir='ltr'><strong>liquet,</strong></span> 
     </span>
     <span class='ocr_line' id='line_1_5' title="bbox 97 806 1473 896; baseline 0.004 -23"><span class='ocrx_word' id='word_1_34' title='bbox 97 809 228 892; x_wconf 79' lang='lat' dir='ltr'><strong>formula,</strong></span> <span class='ocrx_word' id='word_1_35' title='bbox 250 812 300 877; x_wconf 70' lang='lat' dir='ltr'><strong>dui</strong></span> <span class='ocrx_word' id='word_1_36' title='bbox 321 810 415 895; x_wconf 77' lang='grc' dir='ltr'><em>ταύτῃ</em></span> <span class='ocrx_word' id='word_1_37' title='bbox 435 814 472 895; x_wconf 80' lang='grc' dir='ltr'><strong>τῇ</strong></span> <span class='ocrx_word' id='word_1_38' title='bbox 491 817 589 895; x_wconf 78' lang='grc' dir='ltr'><em>πέτρα</em></span> <span class='ocrx_word' id='word_1_39' title='bbox 611 809 812 894; x_wconf 70' lang='grc' dir='ltr'><em>οἰκοδομήσω</em></span> <span class='ocrx_word' id='word_1_40' title='bbox 834 833 898 895; x_wconf 84' lang='grc' dir='ltr'><strong>μου</strong></span> <span class='ocrx_word' id='word_1_41' title='bbox 918 806 973 889; x_wconf 80' lang='grc' dir='ltr'><strong>τήν</strong></span> <span class='ocrx_word' id='word_1_42' title='bbox 992 813 1159 890; x_wconf 76' lang='grc' dir='ltr'><em>ἐκκλησίαν</em></span> <span class='ocrx_word' id='word_1_43' title='bbox 1164 857 1175 888; x_wconf 99' lang='grc'><em>,</em></span> <span class='ocrx_word' id='word_1_44' title='bbox 1196 821 1299 896; x_wconf 88' lang='lat' dir='ltr'><strong>suapte</strong></span> <span class='ocrx_word' id='word_1_45' title='bbox 1319 821 1422 879; x_wconf 75' lang='lat' dir='ltr'><strong>nnbrra</strong></span> <span class='ocrx_word' id='word_1_46' title='bbox 1443 815 1473 879; x_wconf 89' lang='lat' dir='ltr'><strong>id</strong></span> 
     </span>
     <span class='ocr_line' id='line_1_6' title="bbox 97 916 1473 1005; baseline 0.004 -23"><span class='ocrx_word' id='word_1_47' title='bbox 97 923 212 1002; x_wconf 82' lang='lat' dir='ltr'><strong>exprimi</strong></span> <span class='ocrx_word' id='word_1_48' title='bbox 231 940 290 1005; x_wconf 93' lang='lat' dir='ltr'><strong>quo</strong></span> <span class='ocrx_word' id='word_1_49' title='bbox 311 920 474 986; x_wconf 80' lang='lat' dir='ltr'><strong>aedificium</strong></span> <span class='ocrx_word' id='word_1_50' title='bbox 494 928 674 986; x_wconf 86' lang='lat' dir='ltr'><strong>sustentatur</strong></span> <span class='ocrx_word' id='word_1_51' title='bbox 695 941 731 986; x_wconf 88' lang='lat' dir='ltr'><strong>ac</strong></span> <span class='ocrx_word' id='word_1_52' title='bbox 750 923 880 1004; x_wconf 89' lang='lat' dir='ltr'><strong>regitur,</strong></span> <span class='ocrx_word' id='word_1_53' title='bbox 916 916 1080 986; x_wconf 82' lang='lat' dir='ltr'><strong>nullatenus</strong></span> <span class='ocrx_word' id='word_1_54' title='bbox 1108 940 1182 986; x_wconf 90' lang='lat' dir='ltr'><strong>vero</strong></span> <span class='ocrx_word' id='word_1_55' title='bbox 1209 922 1239 985; x_wconf 92' lang='lat' dir='ltr'><strong>id</strong></span> <span class='ocrx_word' id='word_1_56' title='bbox 1265 925 1349 987; x_wconf 89' lang='lat' dir='ltr'><strong>cuius</strong></span> <span class='ocrx_word' id='word_1_57' title='bbox 1377 923 1473 987; x_wconf 91' lang='lat' dir='ltr'><strong>studio</strong></span> 
     </span>
     <span class='ocr_line' id='line_1_7' title="bbox 96 1029 1475 1114; baseline 0.003 -21"><span class='ocrx_word' id='word_1_58' title='bbox 96 1029 224 1111; x_wconf 88' lang='lat' dir='ltr'><strong>curisque</strong></span> <span class='ocrx_word' id='word_1_59' title='bbox 251 1029 460 1094; x_wconf 83' lang='lat' dir='ltr'><strong>aedificationis</strong></span> <span class='ocrx_word' id='word_1_60' title='bbox 488 1044 563 1111; x_wconf 91' lang='lat' dir='ltr'><strong>opus</strong></span> <span class='ocrx_word' id='word_1_61' title='bbox 588 1033 751 1113; x_wconf 87' lang='lat' dir='ltr'><strong>suscipitur.</strong></span> <span class='ocrx_word' id='word_1_62' title='bbox 794 1033 904 1095; x_wconf 86' lang='lat' dir='ltr'><strong>Verum</strong></span> <span class='ocrx_word' id='word_1_63' title='bbox 924 1049 1013 1112; x_wconf 91' lang='lat' dir='ltr'><strong>quum</strong></span> <span class='ocrx_word' id='word_1_64' title='bbox 1034 1030 1122 1094; x_wconf 80' lang='lat' dir='ltr'><strong>lixum</strong></span> <span class='ocrx_word' id='word_1_65' title='bbox 1145 1031 1372 1114; x_wconf 85' lang='lat' dir='ltr'><strong>protestantibus</strong></span> <span class='ocrx_word' id='word_1_66' title='bbox 1393 1041 1475 1097; x_wconf 89' lang='lat' dir='ltr'><strong>esset</strong></span> 
     </span>
     <span class='ocr_line' id='line_1_8' title="bbox 97 1136 1474 1222; baseline 0.003 -22"><span class='ocrx_word' id='word_1_67' title='bbox 97 1136 213 1202; x_wconf 90' lang='lat' dir='ltr'><strong>aPelro</strong></span> <span class='ocrx_word' id='word_1_68' title='bbox 234 1157 340 1203; x_wconf 92' lang='lat' dir='ltr'><strong>munus</strong></span> <span class='ocrx_word' id='word_1_69' title='bbox 362 1139 592 1222; x_wconf 77' lang='lat' dir='ltr'><strong>dignitatemque</strong></span> <span class='ocrx_word' id='word_1_70' title='bbox 613 1141 791 1205; x_wconf 77' lang='lat' dir='ltr'><strong>fundamenti</strong></span> <span class='ocrx_word' id='word_1_71' title='bbox 813 1140 996 1220; x_wconf 78' lang='lat' dir='ltr'><strong>ablutione,</strong></span> <span class='ocrx_word' id='word_1_72' title='bbox 1029 1139 1099 1203; x_wconf 90' lang='lat' dir='ltr'><strong>nihil</strong></span> <span class='ocrx_word' id='word_1_73' title='bbox 1120 1158 1180 1203; x_wconf 91' lang='lat' dir='ltr'><strong>non</strong></span> <span class='ocrx_word' id='word_1_74' title='bbox 1194 1144 1220 1175; x_wconf 75' lang='lat'><strong>&#39;⁸</strong></span> <span class='ocrx_word' id='word_1_75' title='bbox 1243 1148 1406 1221; x_wconf 88' lang='lat' dir='ltr'><strong>tentarunt,</strong></span> <span class='ocrx_word' id='word_1_76' title='bbox 1442 1148 1474 1204; x_wconf 95' lang='lat' dir='ltr'><strong>ut</strong></span> 
     </span>
     <span class='ocr_line' id='line_1_9' title="bbox 95 1249 1470 1333; baseline 0.003 -23"><span class='ocrx_word' id='word_1_77' title='bbox 95 1255 189 1311; x_wconf 84' lang='lat' dir='ltr'><strong>conus</strong></span> <span class='ocrx_word' id='word_1_78' title='bbox 208 1249 348 1332; x_wconf 88' lang='lat' dir='ltr'><strong>loquendi</strong></span> <span class='ocrx_word' id='word_1_79' title='bbox 367 1267 463 1330; x_wconf 89' lang='lat' dir='ltr'><strong>usum,</strong></span> <span class='ocrx_word' id='word_1_80' title='bbox 483 1250 658 1332; x_wconf 89' lang='lat' dir='ltr'><strong>insitamque</strong></span> <span class='ocrx_word' id='word_1_81' title='bbox 680 1250 897 1333; x_wconf 91' lang='lat' dir='ltr'><strong>metaphoricae</strong></span> <span class='ocrx_word' id='word_1_82' title='bbox 919 1251 1096 1333; x_wconf 89' lang='lat' dir='ltr'><strong>loquutionis</strong></span> <span class='ocrx_word' id='word_1_83' title='bbox 1112 1257 1296 1332; x_wconf 86' lang='lat' dir='ltr'><strong>potestatem,</strong></span> <span class='ocrx_word' id='word_1_84' title='bbox 1317 1250 1470 1314; x_wconf 89' lang='lat' dir='ltr'><strong>lormulam</strong></span> 
     </span>
     <span class='ocr_line' id='line_1_10' title="bbox 92 1355 1470 1444; baseline 0.004 -25"><span class='ocrx_word' id='word_1_85' title='bbox 92 1357 139 1419; x_wconf 78' lang='lat' dir='ltr'><strong>liri</strong></span> <span class='ocrx_word' id='word_1_86' title='bbox 168 1356 261 1442; x_wconf 76' lang='grc' dir='ltr'><em>ταύτῃ</em></span> <span class='ocrx_word' id='word_1_87' title='bbox 286 1361 324 1444; x_wconf 78' lang='grc' dir='ltr'><strong>τῇ</strong></span> <span class='ocrx_word' id='word_1_88' title='bbox 351 1366 449 1440; x_wconf 75' lang='grc' dir='ltr'><em>πέτρα</em></span> <span class='ocrx_word' id='word_1_89' title='bbox 476 1357 677 1441; x_wconf 87' lang='grc' dir='ltr'><em>οἰκοδομήσω</em></span> <span class='ocrx_word' id='word_1_90' title='bbox 704 1382 769 1443; x_wconf 88' lang='grc' dir='ltr'><strong>μου</strong></span> <span class='ocrx_word' id='word_1_91' title='bbox 794 1355 851 1437; x_wconf 79' lang='grc' dir='ltr'><strong>τήν</strong></span> <span class='ocrx_word' id='word_1_92' title='bbox 877 1360 1058 1441; x_wconf 72' lang='grc' dir='ltr'><em>ἐκκλησίαν,</em></span> <span class='ocrx_word' id='word_1_93' title='bbox 1094 1361 1131 1425; x_wconf 94' lang='lat' dir='ltr'><strong>ad</strong></span> <span class='ocrx_word' id='word_1_94' title='bbox 1162 1359 1357 1424; x_wconf 80' lang='lat' dir='ltr'><strong>aedificatoris</strong></span> <span class='ocrx_word' id='word_1_95' title='bbox 1386 1379 1470 1442; x_wconf 89' lang='lat' dir='ltr'><strong>opus,</strong></span> 
     </span>
     <span class='ocr_line' id='line_1_11' title="bbox 90 1468 1469 1552; baseline 0.001 -20"><span class='ocrx_word' id='word_1_96' title='bbox 90 1468 252 1552; x_wconf 87' lang='lat' dir='ltr'><strong>primasque</strong></span> <span class='ocrx_word' id='word_1_97' title='bbox 272 1470 303 1532; x_wconf 91' lang='lat' dir='ltr'><strong>iu</strong></span> <span class='ocrx_word' id='word_1_98' title='bbox 323 1468 457 1533; x_wconf 85' lang='lat' dir='ltr'><strong>aedilicio</strong></span> <span class='ocrx_word' id='word_1_99' title='bbox 481 1471 660 1533; x_wconf 82' lang='lat' dir='ltr'><strong>exstnrendo</strong></span> <span class='ocrx_word' id='word_1_100' title='bbox 680 1478 780 1552; x_wconf 87' lang='lat' dir='ltr'><strong>partes</strong></span> <span class='ocrx_word' id='word_1_101' title='bbox 799 1472 1017 1552; x_wconf 74' lang='lat' dir='ltr'><strong>detorquerent</strong></span> <span class='ocrx_word' id='word_1_102' title='bbox 1058 1469 1150 1551; x_wconf 79' lang='lat' dir='ltr'><strong>igituir</strong></span> <span class='ocrx_word' id='word_1_103' title='bbox 1170 1486 1229 1533; x_wconf 93' lang='lat' dir='ltr'><strong>non</strong></span> <span class='ocrx_word' id='word_1_104' title='bbox 1255 1470 1349 1551; x_wconf 88' lang='lat' dir='ltr'><strong>aptius</strong></span> <span class='ocrx_word' id='word_1_105' title='bbox 1376 1469 1469 1551; x_wconf 88' lang='lat' dir='ltr'><strong>philo·</strong></span> 
     </span>
     <span class='ocr_line' id='line_1_12' title="bbox 90 1575 1469 1662; baseline 0.004 -24"><span class='ocrx_word' id='word_1_106' title='bbox 90 1575 190 1659; x_wconf 89' lang='lat' dir='ltr'><strong>logieis</strong></span> <span class='ocrx_word' id='word_1_107' title='bbox 207 1578 337 1662; x_wconf 86' lang='lat' dir='ltr'><strong>regulis,</strong></span> <span class='ocrx_word' id='word_1_108' title='bbox 372 1598 458 1661; x_wconf 93' lang='lat' dir='ltr'><strong>quam</strong></span> <span class='ocrx_word' id='word_1_109' title='bbox 487 1580 685 1662; x_wconf 77' lang='lat' dir='ltr'><strong>grammaticis</strong></span> <span class='ocrx_word' id='word_1_110' title='bbox 705 1580 920 1661; x_wconf 89' lang='lat' dir='ltr'><strong>rhetoricisque</strong></span> <span class='ocrx_word' id='word_1_111' title='bbox 941 1580 1101 1644; x_wconf 89' lang='lat' dir='ltr'><strong>canonibus</strong></span> <span class='ocrx_word' id='word_1_112' title='bbox 1123 1581 1151 1643; x_wconf 93' lang='lat' dir='ltr'><strong>in</strong></span> <span class='ocrx_word' id='word_1_113' title='bbox 1173 1597 1229 1643; x_wconf 90' lang='lat' dir='ltr'><strong>suo</strong></span> <span class='ocrx_word' id='word_1_114' title='bbox 1250 1579 1366 1643; x_wconf 90' lang='lat' dir='ltr'><strong>edendo</strong></span> <span class='ocrx_word' id='word_1_115' title='bbox 1388 1599 1469 1644; x_wconf 91' lang='lat' dir='ltr'><strong>oom-</strong></span> 
     </span>
     <span class='ocr_line' id='line_1_13' title="bbox 90 1689 731 1772; baseline 0.009 -24"><span class='ocrx_word' id='word_1_116' title='bbox 90 1690 225 1753; x_wconf 85' lang='lat' dir='ltr'><strong>menlario</strong></span> <span class='ocrx_word' id='word_1_117' title='bbox 250 1696 445 1771; x_wconf 73' lang='lat' dir='ltr'><strong>protestantes</strong></span> <span class='ocrx_word' id='word_1_118' title='bbox 463 1689 709 1772; x_wconf 85' lang='lat' dir='ltr'><strong>obtemperarunt</strong></span> <span class='ocrx_word' id='word_1_119' title='bbox 729 1758 731 1763; x_wconf 58' lang='grc'><em>,</em></span> 
     </span>
    </p>

    <p class='ocr_par' dir='ltr' id='par_1_4' title="bbox 85 1798 1470 2212">
     <span class='ocr_line' id='line_1_14' title="bbox 191 1798 1470 1885; baseline 0 -22"><span class='ocrx_word' id='word_1_120' title='bbox 191 1806 261 1864; x_wconf 81' lang='grc'><strong>139.</strong></span> <span class='ocrx_word' id='word_1_121' title='bbox 303 1799 348 1864; x_wconf 88' lang='lat' dir='ltr'><strong>De</strong></span> <span class='ocrx_word' id='word_1_122' title='bbox 369 1798 474 1885; x_wconf 78' lang='lat' dir='ltr'><strong>lupicis</strong></span> <span class='ocrx_word' id='word_1_123' title='bbox 496 1808 593 1865; x_wconf 90' lang='lat' dir='ltr'><strong>autem</strong></span> <span class='ocrx_word' id='word_1_124' title='bbox 611 1807 783 1880; x_wconf 73' lang='lat' dir='ltr'><strong>praeceptis</strong></span> <span class='ocrx_word' id='word_1_125' title='bbox 804 1799 841 1864; x_wconf 94' lang='lat' dir='ltr'><strong>ab</strong></span> <span class='ocrx_word' id='word_1_126' title='bbox 863 1799 968 1864; x_wconf 89' lang='lat' dir='ltr'><strong>iisdem</strong></span> <span class='ocrx_word' id='word_1_127' title='bbox 990 1798 1118 1880; x_wconf 80' lang='lat' dir='ltr'><strong>violahs,</strong></span> <span class='ocrx_word' id='word_1_128' title='bbox 1154 1817 1205 1862; x_wconf 91' lang='lat' dir='ltr'><strong>res</strong></span> <span class='ocrx_word' id='word_1_129' title='bbox 1231 1807 1276 1862; x_wconf 90' lang='lat' dir='ltr'><strong>est</strong></span> <span class='ocrx_word' id='word_1_130' title='bbox 1302 1799 1378 1864; x_wconf 89' lang='lat' dir='ltr'><strong>adeo</strong></span> <span class='ocrx_word' id='word_1_131' title='bbox 1403 1817 1470 1882; x_wconf 88' lang='lat' dir='ltr'><strong>per·</strong></span> 
     </span>
     <span class='ocr_line' id='line_1_15' title="bbox 88 1908 1470 1993; baseline 0.002 -22"><span class='ocrx_word' id='word_1_132' title='bbox 88 1909 183 1989; x_wconf 87' lang='lat' dir='ltr'><strong>spicue</strong></span> <span class='ocrx_word' id='word_1_133' title='bbox 203 1917 236 1974; x_wconf 89' lang='lat' dir='ltr'><strong>ut</strong></span> <span class='ocrx_word' id='word_1_134' title='bbox 258 1910 353 1975; x_wconf 90' lang='lat' dir='ltr'><strong>solum</strong></span> <span class='ocrx_word' id='word_1_135' title='bbox 375 1912 455 1974; x_wconf 90' lang='lat' dir='ltr'><strong>innui</strong></span> <span class='ocrx_word' id='word_1_136' title='bbox 476 1929 511 1973; x_wconf 90' lang='lat' dir='ltr'><strong>ac</strong></span> <span class='ocrx_word' id='word_1_137' title='bbox 531 1912 633 1992; x_wconf 89' lang='lat' dir='ltr'><strong>paucis</strong></span> <span class='ocrx_word' id='word_1_138' title='bbox 653 1909 819 1974; x_wconf 88' lang='lat' dir='ltr'><strong>adumbrari</strong></span> <span class='ocrx_word' id='word_1_139' title='bbox 841 1909 955 1973; x_wconf 88' lang='lat' dir='ltr'><strong>debeat.</strong></span> <span class='ocrx_word' id='word_1_140' title='bbox 1004 1908 1163 1973; x_wconf 87' lang='lat' dir='ltr'><strong>Enimvero</strong></span> <span class='ocrx_word' id='word_1_141' title='bbox 1191 1909 1344 1991; x_wconf 81' lang='lat' dir='ltr'><strong>disciplina</strong></span> <span class='ocrx_word' id='word_1_142' title='bbox 1372 1909 1470 1993; x_wconf 87' lang='lat' dir='ltr'><strong>logica</strong></span> 
     </span>
     <span class='ocr_line' id='line_1_16' title="bbox 85 2017 1470 2104; baseline 0.002 -23"><span class='ocrx_word' id='word_1_143' title='bbox 85 2020 231 2102; x_wconf 82' lang='lat' dir='ltr'><strong>praecipit,</strong></span> <span class='ocrx_word' id='word_1_144' title='bbox 254 2018 275 2082; x_wconf 91' lang='grc' dir='ltr'><strong>Ι.</strong></span> <span class='ocrx_word' id='word_1_145' title='bbox 298 2038 338 2084; x_wconf 89' lang='lat' dir='ltr'><strong>ne</strong></span> <span class='ocrx_word' id='word_1_146' title='bbox 357 2017 496 2104; x_wconf 70' lang='grc' dir='ltr'><em>ἁρμονία</em></span> <span class='ocrx_word' id='word_1_147' title='bbox 517 2037 630 2102; x_wconf 82' lang='lat' dir='ltr'><strong>quase</strong></span> <span class='ocrx_word' id='word_1_148' title='bbox 652 2020 800 2101; x_wconf 84' lang='lat' dir='ltr'><strong>excipiunt</strong></span> <span class='ocrx_word' id='word_1_149' title='bbox 820 2019 959 2082; x_wconf 89' lang='lat' dir='ltr'><strong>orationis</strong></span> <span class='ocrx_word' id='word_1_150' title='bbox 978 2025 1093 2101; x_wconf 88' lang='lat' dir='ltr'><strong>parles,</strong></span> <span class='ocrx_word' id='word_1_151' title='bbox 1115 2019 1211 2083; x_wconf 88' lang='lat' dir='ltr'><strong>laliaci</strong></span> <span class='ocrx_word' id='word_1_152' title='bbox 1229 2021 1470 2101; x_wconf 85' lang='lat' dir='ltr'><strong>interpretatione</strong></span> 
     </span>
     <span class='ocr_line' id='line_1_17' title="bbox 88 2127 1470 2212; baseline 0.002 -23"><span class='ocrx_word' id='word_1_153' title='bbox 88 2128 290 2194; x_wconf 89' lang='lat' dir='ltr'><strong>conturbetur:</strong></span> <span class='ocrx_word' id='word_1_154' title='bbox 325 2129 360 2193; x_wconf 91' lang='lat' dir='ltr'><strong>ll.</strong></span> <span class='ocrx_word' id='word_1_155' title='bbox 388 2148 426 2192; x_wconf 91' lang='lat' dir='ltr'><strong>ne</strong></span> <span class='ocrx_word' id='word_1_156' title='bbox 453 2131 571 2212; x_wconf 89' lang='lat' dir='ltr'><strong>propria</strong></span> <span class='ocrx_word' id='word_1_157' title='bbox 593 2136 741 2210; x_wconf 88' lang='lat' dir='ltr'><strong>tamquam</strong></span> <span class='ocrx_word' id='word_1_158' title='bbox 761 2129 929 2192; x_wconf 89' lang='lat' dir='ltr'><strong>communia</strong></span> <span class='ocrx_word' id='word_1_159' title='bbox 949 2127 1128 2192; x_wconf 84' lang='lat' dir='ltr'><strong>habeantur:</strong></span> <span class='ocrx_word' id='word_1_160' title='bbox 1163 2128 1209 2192; x_wconf 91' lang='lat' dir='ltr'><strong>lll.</strong></span> <span class='ocrx_word' id='word_1_161' title='bbox 1231 2148 1269 2192; x_wconf 90' lang='lat' dir='ltr'><strong>ne</strong></span> <span class='ocrx_word' id='word_1_162' title='bbox 1291 2128 1396 2192; x_wconf 90' lang='lat' dir='ltr'><strong>similia</strong></span> <span class='ocrx_word' id='word_1_163' title='bbox 1416 2147 1470 2211; x_wconf 91' lang='lat' dir='ltr'><strong>pro</strong></span> 
     </span>
    </p>
   </div>
   <div class='ocr_carea' id='block_1_3' title="bbox 86 2235 1601 2320">
    <p class='ocr_par' dir='ltr' id='par_1_5' title="bbox 86 2235 1601 2320">
     <span class='ocr_line' id='line_1_18' title="bbox 86 2235 1601 2320; baseline 0.003 -21"><span class='ocrx_word' id='word_1_164' title='bbox 86 2235 202 2320; x_wconf 88' lang='lat' dir='ltr'><strong>iisdem,</strong></span> <span class='ocrx_word' id='word_1_165' title='bbox 238 2256 276 2301; x_wconf 87' lang='lat' dir='ltr'><strong>nc</strong></span> <span class='ocrx_word' id='word_1_166' title='bbox 303 2237 452 2301; x_wconf 87' lang='lat' dir='ltr'><strong>dissimilia</strong></span> <span class='ocrx_word' id='word_1_167' title='bbox 482 2257 536 2320; x_wconf 93' lang='lat' dir='ltr'><strong>pro</strong></span> <span class='ocrx_word' id='word_1_168' title='bbox 564 2238 707 2302; x_wconf 89' lang='lat' dir='ltr'><strong>similibus</strong></span> <span class='ocrx_word' id='word_1_169' title='bbox 735 2246 931 2320; x_wconf 85' lang='lat' dir='ltr'><strong>usurpentur:</strong></span> <span class='ocrx_word' id='word_1_170' title='bbox 966 2238 1014 2301; x_wconf 84' lang='lat' dir='ltr'><strong>tv.</strong></span> <span class='ocrx_word' id='word_1_171' title='bbox 1046 2256 1085 2301; x_wconf 89' lang='lat' dir='ltr'><strong>ne</strong></span> <span class='ocrx_word' id='word_1_172' title='bbox 1119 2237 1294 2302; x_wconf 87' lang='lat' dir='ltr'><strong>brevissimo</strong></span> <span class='ocrx_word' id='word_1_173' title='bbox 1329 2240 1469 2302; x_wconf 89' lang='lat' dir='ltr'><strong>orationis</strong></span> <span class='ocrx_word' id='word_1_174' title='bbox 1597 2242 1601 2251; x_wconf 83' lang='lat'>&#39;</span> 
     </span>
    </p>
   </div>
   <div class='ocr_carea' id='block_1_4' title="bbox 73 2345 1471 4623">
    <p class='ocr_par' dir='ltr' id='par_1_6' title="bbox 84 2345 1470 2758">
     <span class='ocr_line' id='line_1_19' title="bbox 85 2345 1470 2429; baseline 0.002 -20"><span class='ocrx_word' id='word_1_175' title='bbox 85 2345 190 2411; x_wconf 90' lang='lat' dir='ltr'><strong>ambitu</strong></span> <span class='ocrx_word' id='word_1_176' title='bbox 217 2366 325 2412; x_wconf 89' lang='lat' dir='ltr'><strong>omnes</strong></span> <span class='ocrx_word' id='word_1_177' title='bbox 354 2348 565 2429; x_wconf 90' lang='lat' dir='ltr'><strong>propemedum</strong></span> <span class='ocrx_word' id='word_1_178' title='bbox 591 2346 755 2412; x_wconf 90' lang='lat' dir='ltr'><strong>anomaliae</strong></span> <span class='ocrx_word' id='word_1_179' title='bbox 776 2349 924 2411; x_wconf 90' lang='lat' dir='ltr'><strong>sermonis</strong></span> <span class='ocrx_word' id='word_1_180' title='bbox 945 2346 1090 2413; x_wconf 84' lang='lat' dir='ltr'><strong>adhibitae</strong></span> <span class='ocrx_word' id='word_1_181' title='bbox 1112 2349 1332 2412; x_wconf 82' lang='lat' dir='ltr'><strong>existimentur:</strong></span> <span class='ocrx_word' id='word_1_182' title='bbox 1367 2368 1403 2412; x_wconf 91' lang='lat' dir='ltr'><strong>ac</strong></span> <span class='ocrx_word' id='word_1_183' title='bbox 1430 2368 1470 2413; x_wconf 89' lang='lat' dir='ltr'><strong>ne</strong></span> 
     </span>
     <span class='ocr_line' id='line_1_20' title="bbox 84 2453 1470 2540; baseline 0.004 -26"><span class='ocrx_word' id='word_1_184' title='bbox 84 2453 117 2517; x_wconf 80' lang='lat' dir='ltr'><strong>V.</strong></span> <span class='ocrx_word' id='word_1_185' title='bbox 136 2455 173 2519; x_wconf 87' lang='lat' dir='ltr'><strong>dc</strong></span> <span class='ocrx_word' id='word_1_186' title='bbox 196 2459 225 2522; x_wconf 91' lang='lat' dir='ltr'><strong>vi</strong></span> <span class='ocrx_word' id='word_1_187' title='bbox 247 2464 335 2538; x_wconf 85' lang='lat' dir='ltr'><strong>atque</strong></span> <span class='ocrx_word' id='word_1_188' title='bbox 357 2457 543 2539; x_wconf 90' lang='lat' dir='ltr'><strong>amplitudine</strong></span> <span class='ocrx_word' id='word_1_189' title='bbox 565 2457 681 2521; x_wconf 87' lang='lat' dir='ltr'><strong>divinae</strong></span> <span class='ocrx_word' id='word_1_190' title='bbox 702 2457 906 2538; x_wconf 86' lang='lat' dir='ltr'><strong>promissionis</strong></span> <span class='ocrx_word' id='word_1_191' title='bbox 928 2476 967 2520; x_wconf 81' lang='lat' dir='ltr'><strong>ex</strong></span> <span class='ocrx_word' id='word_1_192' title='bbox 987 2457 1098 2539; x_wconf 90' lang='lat' dir='ltr'><strong>aliquot</strong></span> <span class='ocrx_word' id='word_1_193' title='bbox 1117 2457 1213 2520; x_wconf 88' lang='lat' dir='ltr'><strong>solum</strong></span> <span class='ocrx_word' id='word_1_194' title='bbox 1240 2456 1343 2538; x_wconf 85' lang='lat' dir='ltr'><strong>iactis,</strong></span> <span class='ocrx_word' id='word_1_195' title='bbox 1373 2459 1470 2540; x_wconf 85' lang='lat' dir='ltr'><strong>iisque</strong></span> 
     </span>
     <span class='ocr_line' id='line_1_21' title="bbox 87 2565 1470 2649; baseline 0.001 -22"><span class='ocrx_word' id='word_1_196' title='bbox 87 2580 138 2643; x_wconf 88' lang='lat' dir='ltr'><strong>pro</strong></span> <span class='ocrx_word' id='word_1_197' title='bbox 158 2567 309 2630; x_wconf 75' lang='lat' dir='ltr'><strong>voluntate</strong></span> <span class='ocrx_word' id='word_1_198' title='bbox 329 2566 462 2649; x_wconf 86' lang='lat' dir='ltr'><strong>delectis,</strong></span> <span class='ocrx_word' id='word_1_199' title='bbox 484 2568 632 2631; x_wconf 90' lang='lat' dir='ltr'><strong>sententia</strong></span> <span class='ocrx_word' id='word_1_200' title='bbox 651 2566 848 2648; x_wconf 91' lang='lat' dir='ltr'><strong>iudiciumque</strong></span> <span class='ocrx_word' id='word_1_201' title='bbox 863 2565 980 2630; x_wconf 88' lang='lat' dir='ltr'><strong>teratur.</strong></span> <span class='ocrx_word' id='word_1_202' title='bbox 1010 2566 1099 2649; x_wconf 76' lang='lat' dir='ltr'><strong>Atqui</strong></span> <span class='ocrx_word' id='word_1_203' title='bbox 1119 2566 1224 2629; x_wconf 93' lang='lat' dir='ltr'><strong>horum</strong></span> <span class='ocrx_word' id='word_1_204' title='bbox 1245 2575 1470 2648; x_wconf 88' lang='lat' dir='ltr'><strong>praeceptorum</strong></span> 
     </span>
     <span class='ocr_line' id='line_1_22' title="bbox 87 2672 1031 2758; baseline 0.006 -25"><span class='ocrx_word' id='word_1_205' title='bbox 87 2672 191 2738; x_wconf 89' lang='lat' dir='ltr'><strong>nullum</strong></span> <span class='ocrx_word' id='word_1_206' title='bbox 213 2683 261 2740; x_wconf 86' lang='lat' dir='ltr'><strong>est</strong></span> <span class='ocrx_word' id='word_1_207' title='bbox 283 2676 361 2758; x_wconf 92' lang='lat' dir='ltr'><strong>quod</strong></span> <span class='ocrx_word' id='word_1_208' title='bbox 382 2683 577 2758; x_wconf 87' lang='lat' dir='ltr'><strong>protestantes</strong></span> <span class='ocrx_word' id='word_1_209' title='bbox 599 2694 659 2739; x_wconf 93' lang='lat' dir='ltr'><strong>non</strong></span> <span class='ocrx_word' id='word_1_210' title='bbox 681 2676 799 2740; x_wconf 87' lang='lat' dir='ltr'><strong>violent.</strong></span> <span class='ocrx_word' id='word_1_211' title='bbox 1028 2740 1031 2747; x_wconf 73' lang='grc'><em>,</em></span> 
     </span>
    </p>

    <p class='ocr_par' dir='ltr' id='par_1_7' title="bbox 73 2780 1471 4512">
     <span class='ocr_line' id='line_1_23' title="bbox 186 2780 1471 2869; baseline 0.002 -22"><span class='ocrx_word' id='word_1_212' title='bbox 186 2783 307 2848; x_wconf 86' lang='lat' dir='ltr'><strong>Etenim</strong></span> <span class='ocrx_word' id='word_1_213' title='bbox 326 2784 348 2848; x_wconf 82' lang='lat' dir='ltr'><strong>l</strong></span> <span class='ocrx_word' id='word_1_214' title='bbox 368 2785 475 2866; x_wconf 88' lang='lat' dir='ltr'><strong>verba,</strong></span> <span class='ocrx_word' id='word_1_215' title='bbox 504 2782 596 2866; x_wconf 79' lang='lat' dir='ltr'><strong>xulyai</strong></span> <span class='ocrx_word' id='word_1_216' title='bbox 618 2784 654 2849; x_wconf 80' lang='grc' dir='ltr'><strong>δὲ</strong></span> <span class='ocrx_word' id='word_1_217' title='bbox 675 2785 726 2849; x_wconf 86' lang='grc' dir='ltr'><strong>σοὶ</strong></span> <span class='ocrx_word' id='word_1_218' title='bbox 746 2785 844 2867; x_wconf 75' lang='grc' dir='ltr'><em>λέγω,</em></span> <span class='ocrx_word' id='word_1_219' title='bbox 879 2782 927 2848; x_wconf 82' lang='grc' dir='ltr'><strong>ὅτι</strong></span> <span class='ocrx_word' id='word_1_220' title='bbox 949 2781 990 2847; x_wconf 79' lang='grc' dir='ltr'><em>σύ</em></span> <span class='ocrx_word' id='word_1_221' title='bbox 1009 2780 1040 2848; x_wconf 83' lang='grc' dir='ltr'><strong>ολ</strong></span> <span class='ocrx_word' id='word_1_222' title='bbox 1058 2783 1196 2868; x_wconf 74' lang='grc' dir='ltr'><em>Πέτρος,</em></span> <span class='ocrx_word' id='word_1_223' title='bbox 1232 2785 1286 2849; x_wconf 87' lang='grc' dir='ltr'><em>καί</em></span> <span class='ocrx_word' id='word_1_224' title='bbox 1305 2785 1356 2848; x_wconf 77' lang='grc' dir='ltr'><strong>ἰοὶ</strong></span> <span class='ocrx_word' id='word_1_225' title='bbox 1376 2781 1471 2869; x_wconf 74' lang='grc' dir='ltr'><em>ταύτῃ</em></span> 
     </span>
     <span class='ocr_line' id='line_1_24' title="bbox 85 2892 1470 2977; baseline 0.002 -21"><span class='ocrx_word' id='word_1_226' title='bbox 85 2893 237 2977; x_wconf 73' lang='grc' dir='ltr'><em>τῇπέτρρ</em></span> <span class='ocrx_word' id='word_1_227' title='bbox 259 2892 462 2975; x_wconf 68' lang='grc' dir='ltr'><em>οἰκοδομήσω</em></span> <span class='ocrx_word' id='word_1_228' title='bbox 481 2917 547 2977; x_wconf 87' lang='grc' dir='ltr'><strong>μου</strong></span> <span class='ocrx_word' id='word_1_229' title='bbox 567 2894 624 2971; x_wconf 82' lang='grc' dir='ltr'><strong>τήν</strong></span> <span class='ocrx_word' id='word_1_230' title='bbox 645 2895 825 2973; x_wconf 79' lang='grc' dir='ltr'><em>ἐκκλησίαν,</em></span> <span class='ocrx_word' id='word_1_231' title='bbox 855 2896 895 2959; x_wconf 90' lang='lat' dir='ltr'><strong>ita</strong></span> <span class='ocrx_word' id='word_1_232' title='bbox 916 2903 1053 2959; x_wconf 87' lang='lat' dir='ltr'><strong>enarrant</strong></span> <span class='ocrx_word' id='word_1_233' title='bbox 1066 2897 1091 2929; x_wconf 79' lang='lat'><strong>&#39;⁶</strong></span> <span class='ocrx_word' id='word_1_234' title='bbox 1114 2902 1146 2958; x_wconf 91' lang='lat' dir='ltr'><strong>ut</strong></span> <span class='ocrx_word' id='word_1_235' title='bbox 1166 2895 1293 2959; x_wconf 86' lang='lat' dir='ltr'><strong>funditus</strong></span> <span class='ocrx_word' id='word_1_236' title='bbox 1312 2893 1470 2977; x_wconf 84' lang='grc' dir='ltr'><em>οἰρμονίαν</em></span> 
     </span>
     <span class='ocr_line' id='line_1_25' title="bbox 82 3003 1470 3088; baseline 0.001 -24"><span class='ocrx_word' id='word_1_237' title='bbox 82 3003 273 3084; x_wconf 88' lang='lat' dir='ltr'><strong>conturbent,</strong></span> <span class='ocrx_word' id='word_1_238' title='bbox 309 3022 366 3085; x_wconf 91' lang='lat' dir='ltr'><strong>qua</strong></span> <span class='ocrx_word' id='word_1_239' title='bbox 401 3022 467 3066; x_wconf 89' lang='lat' dir='ltr'><strong>cum</strong></span> <span class='ocrx_word' id='word_1_240' title='bbox 502 3005 696 3071; x_wconf 88' lang='lat' dir='ltr'><strong>antecedente</strong></span> <span class='ocrx_word' id='word_1_241' title='bbox 724 3005 800 3068; x_wconf 86' lang='lat' dir='ltr'><strong>Petri</strong></span> <span class='ocrx_word' id='word_1_242' title='bbox 832 3007 1027 3088; x_wconf 90' lang='lat' dir='ltr'><strong>responsione</strong></span> <span class='ocrx_word' id='word_1_243' title='bbox 1060 3004 1269 3068; x_wconf 86' lang='lat' dir='ltr'><strong>devinciuntur.</strong></span> <span class='ocrx_word' id='word_1_244' title='bbox 1319 3003 1368 3067; x_wconf 79' lang='lat' dir='ltr'><strong>Ao</strong></span> <span class='ocrx_word' id='word_1_245' title='bbox 1395 3003 1470 3067; x_wconf 85' lang='lat' dir='ltr'><strong>haec</strong></span> 
     </span>
     <span class='ocr_line' id='line_1_26' title="bbox 83 3107 1470 3199; baseline 0.004 -28"><span class='ocrx_word' id='word_1_246' title='bbox 83 3107 115 3171; x_wconf 85' lang='lat' dir='ltr'><strong>tl</strong></span> <span class='ocrx_word' id='word_1_247' title='bbox 130 3130 206 3193; x_wconf 78' lang='lat' dir='ltr'><strong>quiae</strong></span> <span class='ocrx_word' id='word_1_248' title='bbox 220 3116 248 3146; x_wconf 88' lang='lat'><strong>¹⁷</strong></span> <span class='ocrx_word' id='word_1_249' title='bbox 266 3111 342 3175; x_wconf 88' lang='lat' dir='ltr'><strong>Petri</strong></span> <span class='ocrx_word' id='word_1_250' title='bbox 356 3120 425 3175; x_wconf 88' lang='lat' dir='ltr'><strong>sunt</strong></span> <span class='ocrx_word' id='word_1_251' title='bbox 438 3115 564 3196; x_wconf 87' lang='lat' dir='ltr'><strong>propria,</strong></span> <span class='ocrx_word' id='word_1_252' title='bbox 580 3133 715 3197; x_wconf 88' lang='lat' dir='ltr'><strong>quaeque</strong></span> <span class='ocrx_word' id='word_1_253' title='bbox 729 3114 838 3195; x_wconf 87' lang='lat' dir='ltr'><strong>verbis,</strong></span> <span class='ocrx_word' id='word_1_254' title='bbox 861 3116 914 3179; x_wconf 85' lang='grc' dir='ltr'><em>καί</em></span> <span class='ocrx_word' id='word_1_255' title='bbox 927 3115 976 3178; x_wconf 77' lang='grc' dir='ltr'><strong>ἑοὶ</strong></span> <span class='ocrx_word' id='word_1_256' title='bbox 991 3115 1085 3199; x_wconf 79' lang='grc' dir='ltr'><em>ταύτῃ</em></span> <span class='ocrx_word' id='word_1_257' title='bbox 1098 3118 1135 3198; x_wconf 78' lang='grc' dir='ltr'><strong>τῇ</strong></span> <span class='ocrx_word' id='word_1_258' title='bbox 1150 3118 1248 3197; x_wconf 77' lang='grc' dir='ltr'><em>πέτρη</em></span> <span class='ocrx_word' id='word_1_259' title='bbox 1269 3112 1470 3196; x_wconf 87' lang='grc' dir='ltr'><em>οἰκοδομήσω</em></span> 
     </span>
     <span class='ocr_line' id='line_1_27' title="bbox 80 3217 1471 3308; baseline 0.003 -25"><span class='ocrx_word' id='word_1_260' title='bbox 80 3241 143 3302; x_wconf 89' lang='grc' dir='ltr'><strong>μου</strong></span> <span class='ocrx_word' id='word_1_261' title='bbox 163 3217 220 3299; x_wconf 85' lang='grc' dir='ltr'><strong>τήν</strong></span> <span class='ocrx_word' id='word_1_262' title='bbox 240 3220 420 3299; x_wconf 77' lang='grc' dir='ltr'><em>ἐκκλησίαν,</em></span> <span class='ocrx_word' id='word_1_263' title='bbox 450 3223 504 3287; x_wconf 87' lang='grc' dir='ltr'><em>καί</em></span> <span class='ocrx_word' id='word_1_264' title='bbox 526 3222 621 3289; x_wconf 83' lang='grc' dir='ltr'><em>δώσω</em></span> <span class='ocrx_word' id='word_1_265' title='bbox 643 3225 693 3287; x_wconf 86' lang='grc' dir='ltr'><strong>σοὶ</strong></span> <span class='ocrx_word' id='word_1_266' title='bbox 714 3223 768 3299; x_wconf 83' lang='grc' dir='ltr'><strong>τοίς</strong></span> <span class='ocrx_word' id='word_1_267' title='bbox 788 3224 871 3299; x_wconf 78' lang='grc' dir='ltr'><em>κλεῖς</em></span> <span class='ocrx_word' id='word_1_268' title='bbox 891 3227 944 3302; x_wconf 79' lang='grc' dir='ltr'><strong>τῆς</strong></span> <span class='ocrx_word' id='word_1_269' title='bbox 965 3223 1126 3308; x_wconf 76' lang='grc' dir='ltr'><em>βασιλείας</em></span> <span class='ocrx_word' id='word_1_270' title='bbox 1147 3226 1211 3287; x_wconf 78' lang='grc' dir='ltr'><strong>τῶν</strong></span> <span class='ocrx_word' id='word_1_271' title='bbox 1233 3222 1395 3304; x_wconf 77' lang='grc' dir='ltr'><em>ούρανοῑν,</em></span> <span class='ocrx_word' id='word_1_272' title='bbox 1431 3223 1471 3287; x_wconf 88' lang='lat' dir='ltr'><strong>illi</strong></span> 
     </span>
     <span class='ocr_line' id='line_1_28' title="bbox 79 3332 1469 3416; baseline 0.002 -23"><span class='ocrx_word' id='word_1_273' title='bbox 79 3332 128 3393; x_wconf 91' lang='lat' dir='ltr'><strong>uni</strong></span> <span class='ocrx_word' id='word_1_274' title='bbox 150 3332 376 3412; x_wconf 85' lang='lat' dir='ltr'><strong>promittuntur,</strong></span> <span class='ocrx_word' id='word_1_275' title='bbox 411 3333 454 3395; x_wconf 90' lang='lat' dir='ltr'><strong>sic</strong></span> <span class='ocrx_word' id='word_1_276' title='bbox 482 3334 627 3415; x_wconf 82' lang='lat' dir='ltr'><strong>accipiunt</strong></span> <span class='ocrx_word' id='word_1_277' title='bbox 655 3341 686 3396; x_wconf 93' lang='lat' dir='ltr'><strong>ut</strong></span> <span class='ocrx_word' id='word_1_278' title='bbox 707 3333 847 3416; x_wconf 89' lang='lat' dir='ltr'><strong>apostolis</strong></span> <span class='ocrx_word' id='word_1_279' title='bbox 868 3333 1004 3398; x_wconf 90' lang='lat' dir='ltr'><strong>omnibus</strong></span> <span class='ocrx_word' id='word_1_280' title='bbox 1026 3335 1191 3397; x_wconf 89' lang='lat' dir='ltr'><strong>communia</strong></span> <span class='ocrx_word' id='word_1_281' title='bbox 1213 3333 1304 3397; x_wconf 88' lang='lat' dir='ltr'><strong>luisse</strong></span> <span class='ocrx_word' id='word_1_282' title='bbox 1326 3341 1469 3397; x_wconf 85' lang='lat' dir='ltr'><strong>tueantur.</strong></span> 
     </span>
     <span class='ocr_line' id='line_1_29' title="bbox 78 3436 1470 3526; baseline 0.004 -25"><span class='ocrx_word' id='word_1_283' title='bbox 78 3436 205 3503; x_wconf 84' lang='lat' dir='ltr'><strong>Rursum</strong></span> <span class='ocrx_word' id='word_1_284' title='bbox 228 3439 274 3502; x_wconf 92' lang='lat' dir='ltr'><strong>lll.</strong></span> <span class='ocrx_word' id='word_1_285' title='bbox 297 3440 434 3519; x_wconf 88' lang='lat' dir='ltr'><strong>inlocis,</strong></span> <span class='ocrx_word' id='word_1_286' title='bbox 460 3459 535 3524; x_wconf 90' lang='lat' dir='ltr'><strong>quos</strong></span> <span class='ocrx_word' id='word_1_287' title='bbox 558 3442 715 3523; x_wconf 90' lang='lat' dir='ltr'><strong>parallelos</strong></span> <span class='ocrx_word' id='word_1_288' title='bbox 739 3446 882 3506; x_wconf 78' lang='lat' dir='ltr'><strong>vocant¹³</strong></span> <span class='ocrx_word' id='word_1_289' title='bbox 907 3443 1073 3526; x_wconf 78' lang='lat' dir='ltr'><strong>deligendis</strong></span> <span class='ocrx_word' id='word_1_290' title='bbox 1095 3446 1133 3507; x_wconf 90' lang='lat' dir='ltr'><strong>ita</strong></span> <span class='ocrx_word' id='word_1_291' title='bbox 1156 3451 1325 3524; x_wconf 82' lang='lat' dir='ltr'><strong>versantur,</strong></span> <span class='ocrx_word' id='word_1_292' title='bbox 1351 3444 1470 3526; x_wconf 91' lang='lat' dir='ltr'><strong>utplus</strong></span> 
     </span>
     <span class='ocr_line' id='line_1_30' title="bbox 78 3548 1468 3636; baseline 0.005 -26"><span class='ocrx_word' id='word_1_293' title='bbox 78 3548 173 3611; x_wconf 90' lang='lat' dir='ltr'><strong>semel</strong></span> <span class='ocrx_word' id='word_1_294' title='bbox 193 3548 301 3612; x_wconf 87' lang='lat' dir='ltr'><strong>similia</strong></span> <span class='ocrx_word' id='word_1_295' title='bbox 321 3567 375 3630; x_wconf 92' lang='lat' dir='ltr'><strong>pro</strong></span> <span class='ocrx_word' id='word_1_296' title='bbox 405 3551 529 3627; x_wconf 90' lang='lat' dir='ltr'><strong>iisdem,</strong></span> <span class='ocrx_word' id='word_1_297' title='bbox 564 3570 600 3615; x_wconf 91' lang='lat' dir='ltr'><strong>ac</strong></span> <span class='ocrx_word' id='word_1_298' title='bbox 625 3552 716 3615; x_wconf 91' lang='lat' dir='ltr'><strong>multo</strong></span> <span class='ocrx_word' id='word_1_299' title='bbox 744 3554 863 3634; x_wconf 86' lang='lat' dir='ltr'><strong>saepius</strong></span> <span class='ocrx_word' id='word_1_300' title='bbox 891 3552 1043 3617; x_wconf 89' lang='lat' dir='ltr'><strong>dissimilia</strong></span> <span class='ocrx_word' id='word_1_301' title='bbox 1069 3573 1123 3636; x_wconf 92' lang='lat' dir='ltr'><strong>pro</strong></span> <span class='ocrx_word' id='word_1_302' title='bbox 1149 3554 1291 3619; x_wconf 88' lang='lat' dir='ltr'><strong>similibus</strong></span> <span class='ocrx_word' id='word_1_303' title='bbox 1319 3560 1468 3634; x_wconf 88' lang='lat' dir='ltr'><strong>usurpent.</strong></span> 
     </span>
     <span class='ocr_line' id='line_1_31' title="bbox 77 3656 1469 3744; baseline 0.004 -26"><span class='ocrx_word' id='word_1_304' title='bbox 77 3656 240 3723; x_wconf 89' lang='lat' dir='ltr'><strong>Praeterea</strong></span> <span class='ocrx_word' id='word_1_305' title='bbox 261 3659 308 3722; x_wconf 89' lang='lat' dir='ltr'><strong>tv.</strong></span> <span class='ocrx_word' id='word_1_306' title='bbox 337 3677 425 3741; x_wconf 92' lang='lat' dir='ltr'><strong>quum</strong></span> <span class='ocrx_word' id='word_1_307' title='bbox 452 3678 554 3723; x_wconf 89' lang='lat' dir='ltr'><strong>sermo</strong></span> <span class='ocrx_word' id='word_1_308' title='bbox 582 3661 688 3725; x_wconf 83' lang='lat' dir='ltr'><strong>Christi</strong></span> <span class='ocrx_word' id='word_1_309' title='bbox 714 3663 898 3744; x_wconf 88' lang='lat' dir='ltr'><strong>paucissimis</strong></span> <span class='ocrx_word' id='word_1_310' title='bbox 924 3665 1107 3727; x_wconf 82' lang='lat' dir='ltr'><strong>continemur</strong></span> <span class='ocrx_word' id='word_1_311' title='bbox 1135 3663 1248 3743; x_wconf 86' lang='lat' dir='ltr'><strong>verbis,</strong></span> <span class='ocrx_word' id='word_1_312' title='bbox 1285 3663 1469 3743; x_wconf 88' lang='lat' dir='ltr'><strong>duorumque</strong></span> 
     </span>
     <span class='ocr_line' id='line_1_32' title="bbox 78 3767 1468 3856; baseline 0.003 -26"><span class='ocrx_word' id='word_1_313' title='bbox 78 3776 259 3832; x_wconf 88' lang='lat' dir='ltr'><strong>commatum</strong></span> <span class='ocrx_word' id='word_1_314' title='bbox 292 3767 400 3831; x_wconf 83' lang='lat' dir='ltr'><strong>ambitu</strong></span> <span class='ocrx_word' id='word_1_315' title='bbox 435 3768 619 3855; x_wconf 83' lang='lat' dir='ltr'><strong>absolvatur3</strong></span> <span class='ocrx_word' id='word_1_316' title='bbox 655 3774 704 3835; x_wconf 88' lang='lat' dir='ltr'><strong>vix</strong></span> <span class='ocrx_word' id='word_1_317' title='bbox 733 3791 793 3837; x_wconf 90' lang='lat' dir='ltr'><strong>non</strong></span> <span class='ocrx_word' id='word_1_318' title='bbox 819 3774 934 3856; x_wconf 89' lang='lat' dir='ltr'><strong>singula</strong></span> <span class='ocrx_word' id='word_1_319' title='bbox 962 3773 1094 3837; x_wconf 89' lang='lat' dir='ltr'><strong>eiusdem</strong></span> <span class='ocrx_word' id='word_1_320' title='bbox 1123 3772 1264 3836; x_wconf 88' lang='lat' dir='ltr'><strong>vocabula</strong></span> <span class='ocrx_word' id='word_1_321' title='bbox 1291 3769 1468 3852; x_wconf 76' lang='grc' dir='ltr'><em>ἀνωμαλως</em></span> 
     </span>
     <span class='ocr_line' id='line_1_33' title="bbox 76 3877 1468 3967; baseline 0.004 -29"><span class='ocrx_word' id='word_1_322' title='bbox 76 3877 272 3960; x_wconf 85' lang='lat' dir='ltr'><strong>intelligenda</strong></span> <span class='ocrx_word' id='word_1_323' title='bbox 294 3896 363 3943; x_wconf 91' lang='lat' dir='ltr'><strong>esse</strong></span> <span class='ocrx_word' id='word_1_324' title='bbox 384 3879 579 3943; x_wconf 89' lang='lat' dir='ltr'><strong>contendunt:</strong></span> <span class='ocrx_word' id='word_1_325' title='bbox 600 3879 778 3959; x_wconf 79' lang='grc' dir='ltr'><em>ἀνωμαλῶς</em></span> <span class='ocrx_word' id='word_1_326' title='bbox 798 3883 964 3966; x_wconf 89' lang='lat' dir='ltr'><strong>intelligunt</strong></span> <span class='ocrx_word' id='word_1_327' title='bbox 983 3883 1154 3966; x_wconf 89' lang='lat' dir='ltr'><strong>particulam</strong></span> <span class='ocrx_word' id='word_1_328' title='bbox 1175 3882 1260 3946; x_wconf 80' lang='lat' dir='ltr'><strong>aul:</strong></span> <span class='ocrx_word' id='word_1_329' title='bbox 1288 3879 1468 3967; x_wconf 81' lang='grc' dir='ltr'><em>ανωμαλῶς</em></span> 
     </span>
     <span class='ocr_line' id='line_1_34' title="bbox 76 3984 1468 4077; baseline 0.004 -29"><span class='ocrx_word' id='word_1_330' title='bbox 76 4004 246 4065; x_wconf 90' lang='lat' dir='ltr'><strong>pronomen</strong></span> <span class='ocrx_word' id='word_1_331' title='bbox 265 3986 409 4073; x_wconf 69' lang='grc' dir='ltr'><em>ταύτην</em></span> <span class='ocrx_word' id='word_1_332' title='bbox 438 3984 617 4072; x_wconf 67' lang='lat' dir='ltr'><strong>dampni-nic</strong></span> <span class='ocrx_word' id='word_1_333' title='bbox 636 3991 798 4070; x_wconf 80' lang='lat' dir='ltr'><strong>termulam,</strong></span> <span class='ocrx_word' id='word_1_334' title='bbox 821 3992 871 4055; x_wconf 75' lang='grc' dir='ltr'><strong>ἐπὶ</strong></span> <span class='ocrx_word' id='word_1_335' title='bbox 892 3992 986 4077; x_wconf 78' lang='grc' dir='ltr'><em>ταύτῃ</em></span> <span class='ocrx_word' id='word_1_336' title='bbox 1008 3994 1043 4076; x_wconf 79' lang='grc' dir='ltr'><strong>τῇ</strong></span> <span class='ocrx_word' id='word_1_337' title='bbox 1063 3996 1160 4073; x_wconf 73' lang='grc' dir='ltr'><em>πέτρην</em></span> <span class='ocrx_word' id='word_1_338' title='bbox 1181 3989 1383 4072; x_wconf 87' lang='grc' dir='ltr'><em>οἰκοδομήσω</em></span> <span class='ocrx_word' id='word_1_339' title='bbox 1404 4012 1468 4073; x_wconf 88' lang='grc' dir='ltr'><strong>μου</strong></span> 
     </span>
     <span class='ocr_line' id='line_1_35' title="bbox 76 4088 1468 4183; baseline 0.002 -24"><span class='ocrx_word' id='word_1_340' title='bbox 76 4088 133 4173; x_wconf 77' lang='grc' dir='ltr'><strong>τήν</strong></span> <span class='ocrx_word' id='word_1_341' title='bbox 153 4096 336 4172; x_wconf 75' lang='grc' dir='ltr'><em>ίκκλησίανε</em></span> <span class='ocrx_word' id='word_1_342' title='bbox 374 4094 554 4181; x_wconf 74' lang='grc' dir='ltr'><em>οἰνωμαλσῖς</em></span> <span class='ocrx_word' id='word_1_343' title='bbox 575 4101 670 4183; x_wconf 90' lang='lat' dir='ltr'><strong>ipsum</strong></span> <span class='ocrx_word' id='word_1_344' title='bbox 684 4105 709 4136; x_wconf 80' lang='lat'><strong>¹⁹</strong></span> <span class='ocrx_word' id='word_1_345' title='bbox 734 4102 785 4178; x_wconf 80' lang='grc' dir='ltr'><strong>τῆς</strong></span> <span class='ocrx_word' id='word_1_346' title='bbox 806 4101 969 4179; x_wconf 77' lang='grc' dir='ltr'><em>ἐκκλησίας</em></span> <span class='ocrx_word' id='word_1_347' title='bbox 989 4120 1115 4165; x_wconf 70' lang='grc' dir='ltr'><em>κιονίσκοι</em></span> <span class='ocrx_word' id='word_1_348' title='bbox 1137 4108 1167 4163; x_wconf 89' lang='lat' dir='ltr'><strong>et</strong></span> <span class='ocrx_word' id='word_1_349' title='bbox 1189 4097 1369 4182; x_wconf 77' lang='grc' dir='ltr'><em>οίνωμαλσῖς</em></span> <span class='ocrx_word' id='word_1_350' title='bbox 1383 4100 1468 4182; x_wconf 90' lang='lat' dir='ltr'><strong>phra-</strong></span> 
     </span>
     <span class='ocr_line' id='line_1_36' title="bbox 75 4199 1468 4295; baseline 0.003 -26"><span class='ocrx_word' id='word_1_351' title='bbox 75 4206 141 4286; x_wconf 81' lang='lat' dir='ltr'><strong>rim,</strong></span> <span class='ocrx_word' id='word_1_352' title='bbox 166 4206 222 4270; x_wconf 87' lang='grc' dir='ltr'><em>καί</em></span> <span class='ocrx_word' id='word_1_353' title='bbox 242 4199 264 4269; x_wconf 87' lang='grc' dir='ltr'><em>δ</em></span> <span class='ocrx_word' id='word_1_354' title='bbox 284 4206 343 4270; x_wconf 71' lang='grc' dir='ltr'><strong>σαν</strong></span> <span class='ocrx_word' id='word_1_355' title='bbox 363 4205 468 4292; x_wconf 73' lang='grc' dir='ltr'><em>δήσῃς,</em></span> <span class='ocrx_word' id='word_1_356' title='bbox 491 4210 545 4274; x_wconf 84' lang='grc' dir='ltr'><em>καί</em></span> <span class='ocrx_word' id='word_1_357' title='bbox 565 4202 586 4272; x_wconf 83' lang='grc' dir='ltr'><em>δ</em></span> <span class='ocrx_word' id='word_1_358' title='bbox 604 4208 662 4274; x_wconf 81' lang='grc' dir='ltr'><em>ἰσὶν</em></span> <span class='ocrx_word' id='word_1_359' title='bbox 681 4207 785 4295; x_wconf 72' lang='grc' dir='ltr'><em>λύσῃς,</em></span> <span class='ocrx_word' id='word_1_360' title='bbox 807 4229 893 4293; x_wconf 88' lang='lat' dir='ltr'><strong>quam</strong></span> <span class='ocrx_word' id='word_1_361' title='bbox 908 4211 945 4275; x_wconf 89' lang='lat' dir='ltr'><strong>ad</strong></span> <span class='ocrx_word' id='word_1_362' title='bbox 964 4229 1068 4276; x_wconf 90' lang='lat' dir='ltr'><strong>munus</strong></span> <span class='ocrx_word' id='word_1_363' title='bbox 1081 4211 1227 4274; x_wconf 89' lang='lat' dir='ltr'><strong>retinendi</strong></span> <span class='ocrx_word' id='word_1_364' title='bbox 1241 4210 1468 4292; x_wconf 90' lang='lat' dir='ltr'><strong>remittendique</strong></span> 
     </span>
     <span class='ocr_line' id='line_1_37' title="bbox 73 4317 1467 4404; baseline 0.004 -25"><span class='ocrx_word' id='word_1_365' title='bbox 73 4323 218 4396; x_wconf 87' lang='lat' dir='ltr'><strong>peccata,</strong></span> <span class='ocrx_word' id='word_1_366' title='bbox 252 4317 303 4380; x_wconf 90' lang='lat' dir='ltr'><strong>vel</strong></span> <span class='ocrx_word' id='word_1_367' title='bbox 329 4317 503 4399; x_wconf 89' lang='lat' dir='ltr'><strong>prohibendi</strong></span> <span class='ocrx_word' id='word_1_368' title='bbox 530 4320 756 4401; x_wconf 85' lang='lat' dir='ltr'><strong>permittendive</strong></span> <span class='ocrx_word' id='word_1_369' title='bbox 783 4321 1031 4385; x_wconf 88' lang='lat' dir='ltr'><strong>circumscribunt.</strong></span> <span class='ocrx_word' id='word_1_370' title='bbox 1075 4322 1153 4384; x_wconf 84' lang='lat' dir='ltr'><strong>Fieri</strong></span> <span class='ocrx_word' id='word_1_371' title='bbox 1174 4322 1262 4404; x_wconf 88' lang='lat' dir='ltr'><strong>igitur</strong></span> <span class='ocrx_word' id='word_1_372' title='bbox 1281 4340 1341 4384; x_wconf 95' lang='lat' dir='ltr'><strong>non</strong></span> <span class='ocrx_word' id='word_1_373' title='bbox 1360 4328 1467 4402; x_wconf 81' lang='lat' dir='ltr'><strong>potest,</strong></span> 
     </span>
     <span class='ocr_line' id='line_1_38' title="bbox 75 4426 1211 4512; baseline 0.004 -23"><span class='ocrx_word' id='word_1_374' title='bbox 75 4434 108 4490; x_wconf 93' lang='lat' dir='ltr'><strong>nt</strong></span> <span class='ocrx_word' id='word_1_375' title='bbox 134 4446 204 4491; x_wconf 91' lang='lat' dir='ltr'><strong>curn</strong></span> <span class='ocrx_word' id='word_1_376' title='bbox 226 4426 332 4509; x_wconf 91' lang='lat' dir='ltr'><strong>logicis</strong></span> <span class='ocrx_word' id='word_1_377' title='bbox 352 4431 517 4511; x_wconf 89' lang='lat' dir='ltr'><strong>praeceptis</strong></span> <span class='ocrx_word' id='word_1_378' title='bbox 541 4431 768 4493; x_wconf 90' lang='lat' dir='ltr'><strong>commentarius</strong></span> <span class='ocrx_word' id='word_1_379' title='bbox 790 4433 1008 4512; x_wconf 90' lang='lat' dir='ltr'><strong>protestantium</strong></span> <span class='ocrx_word' id='word_1_380' title='bbox 1032 4430 1211 4494; x_wconf 88' lang='lat' dir='ltr'><strong>concilietur.</strong></span> 
     </span>
    </p>

    <p class='ocr_par' dir='ltr' id='par_1_8' title="bbox 189 4535 1466 4623">
     <span class='ocr_line' id='line_1_39' title="bbox 189 4535 1466 4623; baseline 0.003 -24"><span class='ocrx_word' id='word_1_381' title='bbox 189 4541 260 4600; x_wconf 79' lang='lat' dir='ltr'><strong>llo.</strong></span> <span class='ocrx_word' id='word_1_382' title='bbox 303 4536 447 4611; x_wconf 78' lang='lat' dir='ltr'><strong>Quicum</strong></span> <span class='ocrx_word' id='word_1_383' title='bbox 469 4535 617 4602; x_wconf 73' lang='lat' dir='ltr'><strong>htstcrtm</strong></span> <span class='ocrx_word' id='word_1_384' title='bbox 638 4538 795 4602; x_wconf 73' lang='lat' dir='ltr'><strong>amonem</strong></span> <span class='ocrx_word' id='word_1_385' title='bbox 816 4556 914 4620; x_wconf 92' lang='lat' dir='ltr'><strong>neque</strong></span> <span class='ocrx_word' id='word_1_386' title='bbox 928 4542 1022 4622; x_wconf 78' lang='lat' dir='ltr'><strong>aptum</strong></span> <span class='ocrx_word' id='word_1_387' title='bbox 1035 4558 1133 4623; x_wconf 85' lang='lat' dir='ltr'><strong>neque</strong></span> <span class='ocrx_word' id='word_1_388' title='bbox 1147 4538 1262 4604; x_wconf 87' lang='lat' dir='ltr'><strong>felicius</strong></span> <span class='ocrx_word' id='word_1_389' title='bbox 1276 4542 1466 4623; x_wconf 89' lang='lat' dir='ltr'><strong>componitur.</strong></span> 
     </span>
    </p>
   </div>
   <div class='ocr_carea' id='block_1_5' title="bbox 75 4728 1498 5124">
    <p class='ocr_par' dir='ltr' id='par_1_9' title="bbox 75 4728 1498 4912">
     <span class='ocr_line' id='line_1_40' title="bbox 144 4728 1498 4817; baseline 0.001 -31"><span class='ocrx_word' id='word_1_390' title='bbox 144 4728 191 4804; x_wconf 76' lang='grc' dir='ltr'><strong>Η)</strong></span> <span class='ocrx_word' id='word_1_391' title='bbox 229 4728 330 4787; x_wconf 89' lang='lat' dir='ltr'><strong>llorum</strong></span> <span class='ocrx_word' id='word_1_392' title='bbox 364 4735 506 4787; x_wconf 82' lang='lat' dir='ltr'><strong>conatuum</strong></span> <span class='ocrx_word' id='word_1_393' title='bbox 543 4730 679 4803; x_wconf 77' lang='lat' dir='ltr'><strong>specimen</strong></span> <span class='ocrx_word' id='word_1_394' title='bbox 708 4737 753 4789; x_wconf 85' lang='lat' dir='ltr'><strong>sat</strong></span> <span class='ocrx_word' id='word_1_395' title='bbox 866 4731 909 4806; x_wconf 81' lang='lat'><strong>¹⁸)</strong></span> <span class='ocrx_word' id='word_1_396' title='bbox 938 4732 1036 4789; x_wconf 81' lang='lat' dir='ltr'><strong>Tantus</strong></span> <span class='ocrx_word' id='word_1_397' title='bbox 1064 4739 1107 4789; x_wconf 89' lang='lat' dir='ltr'><strong>est</strong></span> <span class='ocrx_word' id='word_1_398' title='bbox 1133 4734 1254 4790; x_wconf 89' lang='lat' dir='ltr'><strong>locorum</strong></span> <span class='ocrx_word' id='word_1_399' title='bbox 1281 4732 1498 4817; x_wconf 60' lang='lat' dir='ltr'><strong>parallelorum⁸</strong></span> 
     </span>
     <span class='ocr_line' id='line_1_41' title="bbox 75 4833 1467 4912; baseline 0.003 -22"><span class='ocrx_word' id='word_1_400' title='bbox 75 4833 198 4908; x_wconf 86' lang='lat' dir='ltr'><strong>amplum</strong></span> <span class='ocrx_word' id='word_1_401' title='bbox 219 4833 246 4890; x_wconf 91' lang='lat' dir='ltr'><strong>in</strong></span> <span class='ocrx_word' id='word_1_402' title='bbox 266 4833 324 4890; x_wconf 82' lang='lat' dir='ltr'><strong>Poll</strong></span> <span class='ocrx_word' id='word_1_403' title='bbox 345 4836 463 4908; x_wconf 76' lang='lat' dir='ltr'><strong>synopsi</strong></span> <span class='ocrx_word' id='word_1_404' title='bbox 483 4835 632 4893; x_wconf 84' lang='lat' dir='ltr'><strong>exhibetur.</strong></span> <span class='ocrx_word' id='word_1_405' title='bbox 662 4880 667 4889; x_wconf 91' lang='lat'><em>.</em></span> <span class='ocrx_word' id='word_1_406' title='bbox 800 4836 914 4910; x_wconf 86' lang='lat' dir='ltr'><strong>abusus,</strong></span> <span class='ocrx_word' id='word_1_407' title='bbox 935 4844 965 4894; x_wconf 89' lang='lat' dir='ltr'><strong>ut</strong></span> <span class='ocrx_word' id='word_1_408' title='bbox 984 4840 1072 4897; x_wconf 88' lang='lat' dir='ltr'><strong>notari</strong></span> <span class='ocrx_word' id='word_1_409' title='bbox 1092 4856 1170 4912; x_wconf 85' lang='lat' dir='ltr'><strong>quana</strong></span> <span class='ocrx_word' id='word_1_410' title='bbox 1191 4845 1324 4911; x_wconf 76' lang='lat' dir='ltr'><strong>meretur,</strong></span> <span class='ocrx_word' id='word_1_411' title='bbox 1346 4838 1467 4894; x_wconf 88' lang='lat' dir='ltr'><strong>acerbius</strong></span> 
     </span>
    </p>

    <p class='ocr_par' dir='ltr' id='par_1_10' title="bbox 139 4939 968 5019">
     <span class='ocr_line' id='line_1_42' title="bbox 139 4939 968 5019; baseline 0.007 -24"><span class='ocrx_word' id='word_1_412' title='bbox 139 4939 187 5014; x_wconf 84' lang='lat'><strong>¹⁶)</strong></span> <span class='ocrx_word' id='word_1_413' title='bbox 209 4955 236 4994; x_wconf 83' lang='lat' dir='ltr'><strong>a.</strong></span> <span class='ocrx_word' id='word_1_414' title='bbox 256 4940 304 4997; x_wconf 80' lang='grc'><strong>68.</strong></span> <span class='ocrx_word' id='word_1_415' title='bbox 798 4959 851 5001; x_wconf 91' lang='lat' dir='ltr'><strong>uon</strong></span> <span class='ocrx_word' id='word_1_416' title='bbox 871 4944 968 5019; x_wconf 88' lang='lat' dir='ltr'><strong>possit.</strong></span> 
     </span>
    </p>

    <p class='ocr_par' dir='ltr' id='par_1_11' title="bbox 139 5044 1020 5124">
     <span class='ocr_line' id='line_1_43' title="bbox 139 5044 1020 5124; baseline 0.003 -24"><span class='ocrx_word' id='word_1_417' title='bbox 139 5044 187 5119; x_wconf 85' lang='lat'><strong>¹⁷)</strong></span> <span class='ocrx_word' id='word_1_418' title='bbox 209 5059 235 5099; x_wconf 85' lang='lat' dir='ltr'><strong>u.</strong></span> <span class='ocrx_word' id='word_1_419' title='bbox 256 5044 304 5103; x_wconf 84' lang='lat'><strong>51.</strong></span> <span class='ocrx_word' id='word_1_420' title='bbox 862 5049 905 5124; x_wconf 77' lang='lat'><strong>¹⁹)</strong></span> <span class='ocrx_word' id='word_1_421' title='bbox 925 5066 951 5106; x_wconf 89' lang='lat' dir='ltr'><strong>n.</strong></span> <span class='ocrx_word' id='word_1_422' title='bbox 972 5049 1020 5105; x_wconf 82' lang='lat'><strong>82.</strong></span> 
     </span>
    </p>
   </div>
   <div class='ocr_carea' id='block_1_6' title="bbox 1165 5149 1249 5225">
    <p class='ocr_par' dir='ltr' id='par_1_12' title="bbox 1165 5149 1249 5225">
     <span class='ocr_line' id='line_1_44' title="bbox 1165 5149 1249 5225; baseline -0.024 0"><span class='ocrx_word' id='word_1_423' title='bbox 1165 5149 1249 5225; x_wconf 67' lang='lat'><strong>33*</strong></span> 
     </span>
    </p>
   </div>
   <div class='ocr_carea' id='block_1_7' title="bbox 0 0 1666 5382">
    <p class='ocr_par' dir='ltr' id='par_1_13' title="bbox 0 0 1666 5382">
     <span class='ocr_line' id='line_1_45' title="bbox 0 0 1666 5382; baseline 0 4"><span class='ocrx_word' id='word_1_424' title='bbox 0 0 1666 5382; x_wconf 95' lang='lat' dir='ltr'><strong> </strong></span> 
     </span>
    </p>
   </div>
  </div>
 </body>
</html>
