3374 5388
676 289 823 356 CAPUT
863 290 907 358 V.
1425 292 1487 352 ⁴38

94 461 193 524 omnia
218 468 302 524 erant
320 459 444 541 singulis
466 460 553 523 etiam
575 458 729 540 ecclesiia,
750 477 803 542 pro
829 458 905 522 illius
925 457 1028 522 aetatis
1050 457 1191 537 moribus,
1212 457 1387 521 communia.
1431 457 1486 521 Uni

93 570 134 632 illi
160 569 309 633 sacerdoti
329 568 528 651 respondebat
549 567 673 649 qutithet
694 576 872 649 epiecopus,
895 587 913 631 a
933 568 1078 631 sententia
1094 569 1121 600 ⁴⁸
1145 567 1300 649 Cypriani,
1332 569 1382 631 uni
1404 567 1486 630 altari

92 678 279 761 singulorum
302 680 506 760 episcoporum
529 684 717 761 momento,
738 679 788 741 uni
809 678 849 742 illi
873 677 938 741 urhi
961 676 1239 759 hierosolymitanae
1261 675 1411 758 quaelihet
1430 691 1486 758 per

95 789 200 853 orhem
223 787 301 852 urhe
323 789 354 852 in
373 805 431 870 qua
452 789 548 851 visum
570 795 652 851 esset
671 789 808 851 constitui
829 794 1020 868 epteeopum,
1042 787 1107 848 nnis
1129 785 1187 848 illis
1208 787 1306 867 gentis
1327 786 1485 849 universae

95 898 293 961 conventibus
321 897 412 961 tribus
437 897 494 961 illis
523 898 731 961 anniversariis
753 896 835 961 iestis
857 893 1011 973 Paschae,
1034 894 1233 959 Pentecosten
1256 903 1344 979 atquo
1369 893 1485 960 Taber-
1590 934 1592 938 -

93 1007 278 1072 occulorum
300 1007 495 1088 celebrandis,
518 1006 712 1071 ecelesiarum
734 1006 915 1089 singularum
930 1014 1096 1069 concentus
1111 1006 1214 1070 iisdem
1236 1006 1293 1069 illis
1314 1005 1396 1070 iestis
1419 1024 1485 1069 cum

96 1136 153 1183 suo
176 1120 318 1200 cuiusque
341 1118 515 1199 episcopo.“

205 1226 308 1291 Paucis
328 1225 436 1290 deinde
457 1227 635 1308 interiectis,
663 1226 743 1291 addit
755 1228 804 1288 ⁴¹:
838 1225 930 1305 „Cum
952 1224 1149 1310 naumurum
1170 1226 1269 1307 itaque
1290 1227 1485 1291 ecclesiarum

97 1345 197 1420 typum
219 1338 350 1420 gesserit
370 1336 418 1400 illa
442 1337 607 1402 Seruatoris
629 1337 748 1415 domos
771 1336 906 1399 videmus
927 1337 1015 1399 etiarn
1037 1355 1124 1417 quaro
1140 1344 1207 1417 apte
1228 1342 1322 1399 unios
1339 1337 1488 1400 dumtaxat

96 1449 322 1528 dispensatoria
345 1446 419 1510 iacta
435 1447 473 1510 sit
493 1447 612 1528 mentio,
634 1448 683 1529 qui
698 1445 777 1509 idem
798 1444 894 1509 iuerat
913 1452 1008 1508 untua
1022 1453 1107 1529 typus
1128 1453 1267 1526 episcopt.
1310 1445 1347 1508 Et
1367 1446 1487 1528 quidem

97 1578 134 1621 ea
159 1557 207 1622 vel
229 1560 292 1641 ipsa
313 1558 388 1621 ratio
410 1556 448 1620 de
468 1555 600 1641 ainpulta
620 1556 679 1619 hoo
701 1554 838 1619 ecclesiia
860 1554 1081 1637 intelligendum
1103 1555 1223 1636 suadet,
1246 1556 1408 1638 quodcum
1428 1555 1487 1618 hoc

95 1669 124 1731 in
146 1668 235 1747 loco,
269 1668 300 1729 in
321 1684 380 1748 quo
402 1668 567 1730 sententiae
600 1667 658 1730 iam
691 1666 781 1749 volgo
811 1664 966 1737 obtinenti,
997 1664 1035 1728 de
1064 1673 1158 1728 unica
1177 1666 1326 1729 dumtaxat
1357 1667 1487 1731 eeclesia

93 1776 192 1840 fertura
221 1778 433 1859 οἰκονομικῶς
466 1775 644 1858 gratificatus
675 1783 721 1838 est
748 1774 906 1856 Dominus,
938 1782 1032 1837 untur
1061 1775 1210 1839 dumtaxat
1230 1777 1358 1840 occurrit
1377 1779 1487 1840 mentio

95 1886 339 1967 dtqaeaeatorm
362 1893 464 1968 postea
487 1904 552 1949 eom
575 1886 613 1951 de
628 1886 785 1969 evangelio
805 1903 860 1967 per
882 1883 985 1947 orbem
1000 1884 1220 1948 disseminando
1242 1887 1370 1966 apertius
1384 1886 1487 1967 loque-

98 2004 192 2076 retur,
213 2004 244 2059 ut
263 1995 388 2079 proinde
404 1994 510 2076 plures
532 1997 591 2059 iam
613 2003 715 2060 essent
735 1995 842 2058 menos
864 1995 927 2057 sive
952 1991 1099 2058 eeclesiae
1119 1995 1350 2075 constituendae,
1371 1996 1488 2059 tandem

94 2104 204 2186 plures
229 2104 266 2168 ab
293 2123 331 2168 eo
359 2106 508 2168 constituti
537 2113 605 2168 sunt
631 2105 876 2186 dteperractorea,
903 2122 970 2166 curn
991 2104 1070 2168 nulla
1091 2105 1139 2167 vel
1162 2107 1279 2168 minima
1302 2112 1489 2185 imparitatis

97 2222 176 2278 nota.
209 2214 335 2278 Omnino
350 2216 447 2277 omnia
462 2215 499 2277 ad
515 2222 644 2278 mentam
659 2214 834 2298 Cypriani⁴⁸
851 2215 1166 2278 accommodatissime.
1211 2213 1395 2297 Sequebatur
1409 2216 1488 2278 enim

96 2322 295 2408 caryotarum
322 2323 516 2387 ecclesiarum
540 2330 647 2387 unicos
671 2343 740 2387 ease
768 2343 806 2388 ex
826 2322 943 2386 Domini
965 2325 1143 2388 institutione
1177 2325 1397 2407 dispensatores
1427 2327 1489 2407 epi-

96 2416 216 2516 scopos.
232 2433 417 2516 Sequebatur
428 2435 516 2497 etiarn
527 2432 677 2497 ecclesiae
690 2430 860 2497 catholicae
872 2432 1052 2513 praelectum
1063 2437 1307 2515 episcoporum⁴⁹
1321 2434 1489 2519 colleqtum.

99 2544 143 2608 llli
174 2562 281 2626 nempe
311 2551 434 2624 parium
466 2543 522 2606 sihl
553 2545 680 2607 invicem
708 2543 909 2624 apostolorum
940 2543 1067 2626 collegio
1101 2545 1254 2625 respondit
1286 2547 1436 2628 antitypum
1460 2547 1490 2608 iu

97 2655 257 2718 ordinario
277 2653 424 2717 ecclesiae
449 2653 596 2736 regimine
618 2653 775 2735 collegium
800 2654 1025 2735 episcoporum,
1059 2656 1189 2736 ipsorum
1212 2673 1330 2737 quoque
1357 2657 1434 2718 inter
1455 2673 1490 2718 se

94 2771 243 2846 perium,
279 2765 328 2845 qui
362 2761 559 2846 einpulorum
589 2771 691 2826 essent
719 2763 912 2827 ecclesiarum
940 2763 1160 2845 dispensatores
1192 2772 1323 2844 eximent,
1361 2773 1390 2828 et
1422 2764 1491 2826 nulli

97 2874 246 2937 humanae
274 2874 408 2954 potestati
436 2872 566 2936 obnoxii.
609 2873 680 2937 Cum
702 2882 799 2937 autem
820 2895 916 2941 unam
936 2873 1084 2937 dumtaxat
1102 2872 1260 2955 sonantem
1281 2875 1494 2936 constituerent

96 2984 247 3067 apostoli,
281 2984 403 3065 reliqui,
433 2992 558 3066 excepto
580 2983 800 3066 dispensatore,
832 3001 886 3065 pro
905 2988 1036 3063 priuatis
1063 2982 1191 3046 habendi
1213 2991 1314 3062 erant,
1347 2990 1377 3045 ut
1404 2982 1491 3063 plane

98 3094 171 3158 nihil
194 3093 280 3157 iaciat
309 3094 379 3158 illud
399 3094 564 3178 symbolum
595 3092 633 3157 od
661 3114 757 3156 unum
778 3100 949 3174 episcopum
969 3094 1090 3176 reliquis
1120 3112 1174 3175 per
1203 3093 1306 3157 orbem
1336 3099 1492 3154 entonam

100 3203 366 3288 praeficiendum.“

212 3312 310 3387 Quare
331 3313 504 3397 allegoriam
521 3313 702 3377 fundamenti
722 3313 769 3376 his
784 3312 883 3377 verbis
897 3316 925 3347 ⁵⁰
949 3330 1089 3377 enomere
1105 3315 1215 3396 pergit:
1238 3313 1490 3396 „Observandum

91 3442 162 3487 non
179 3423 301 3486 ἄοοιοοι
320 3423 370 3486 hic
390 3423 512 3506 intelligi
528 3441 752 3506 quamcumque,
777 3423 829 3487 sed
842 3420 997 3503 prcdltcam
1011 3423 1159 3487 dumtaxat
1173 3431 1204 3487 et
1224 3430 1374 3502 sanctam,
1400 3441 1492 3504 quoe-

100 3551 163 3616 que
185 3532 261 3595 adeo
282 3533 303 3596 l.
324 3551 379 3615 pro
402 3531 512 3613 templo
533 3540 613 3596 esset
633 3532 776 3596 habenda.
819 3532 883 3596 Nec
913 3534 991 3596 euim
1013 3532 1080 3596 alibi
1109 3532 1243 3595 solebant
1272 3532 1375 3595 haberi
1395 3516 1493 3614 populi

100 3651 286 3724 concentus,
320 3661 394 3725 quos
424 3641 589 3719 ἐκκλησίας
614 3650 729 3705 venunt
757 3642 869 3705 LXXll.
893 3642 1086 3725 Interpretes,
1115 3661 1190 3725 quos
1212 3642 1421 3705 vocabulorum
1443 3660 1493 3704 eo

100 3754 214 3817 clesioe
242 3751 449 3816 technicorum
475 3758 612 3815 auctores
638 3752 730 3816 fuisse
764 3753 899 3816 diximus.
950 3751 994 3814 Eo
1022 3754 1155 3815 nimirum
1182 3753 1352 3835 respexisse
1381 3752 1496 3815 videtur

100 3863 255 3938 Dominus,
277 3863 356 3945 quod
371 3863 409 3926 de
422 3858 532 3927 llessia
545 3844 764 3944 praedictum⁴⁵¹
790 3870 883 3944 esset,
903 3861 967 3926 iore
982 3870 1012 3925 ut
1027 3860 1244 3944 reaedificaret
1258 3859 1494 3925 tabernaculum

103 3972 211 4037 Dauid
229 3973 310 4054 quod
330 3974 449 4050 decidit,
473 3981 503 4036 et
524 3972 631 4036 diruta
652 3979 718 4034 eiua
739 3970 964 4054 reaedificaret,
987 3981 1016 4035 et
1037 3978 1166 4056 eriperet
1188 3971 1274 4036 illud
1319 3972 1399 4037 llaec
1414 3980 1495 4036 certe

102 4176 212 4248 terunt,
246 4190 325 4246 quam
359 4174 431 4245 quod
467 4172 594 4229 catholici
629 4174 777 4246 affirmant,
828 4175 864 4229 sit
884 4173 1010 4246 Cypriani
1031 4173 1167 4246 doctnm,
1189 4174 1372 4245 praehabitum
1395 4175 1496 4232 idcirco

101 4279 226 4350 regimen
253 4278 385 4336 ecclesiae
404 4279 503 4336 Christi
524 4280 558 4336 ad
579 4296 657 4336 unum
686 4296 778 4353 supre-
827 4280 910 4336 titisse
936 4280 1056 4351 Petrum,
1088 4285 1117 4335 ut
1143 4280 1203 4336 lons
1231 4287 1304 4336 osset
1331 4298 1362 4337 ac
1389 4283 1498 4338 risihile

103 4400 177 4442 munt
195 4383 408 4459 dispensatorem
429 4374 576 4442 reuocari?
828 4386 985 4460 principium
1005 4384 1155 4442 catholicae
1176 4387 1295 4443 unitatis.

171 4491 216 4565 ⁴⁶)
235 4491 276 4549 ⁰0
295 4492 428 4549 mlii!
448 4491 575 4566 elilim
597 4491 650 4546 5¹¹⁰
671 4491 776 4561 ΨΜ
894 4526 942 4601 ⁴⁰)
958 4526 1006 4582 llis
1026 4525 1184 4598 exprimitur
1204 4528 1371 4599 anglicanum
1381 4527 1498 4601 dogma,

103 4596 164 4671 ΡΜ
179 4596 271 4671 ”mh
292 4598 378 4670 (stille
399 4614 431 4654 θ’
450 4598 538 4656 'fideli
557 4602 695 4672 l’meterem
713 4612 779 4670 ΡΜ·
829 4648 883 4706 quo
904 4632 1036 4689 ecclesiae
1062 4632 1259 4691 administratio
1285 4636 1325 4692 od
1344 4635 1500 4691 aristocra-

103 4709 168 4760 aunt
187 4719 257 4776 quae
277 4703 304 4759 in
324 4704 493 4778 praelatione
507 4704 542 4760 ad
556 4703 675 4761 eiusdem
694 4717 778 4776 opera

103 4809 241 4867 aerumnas
255 4809 346 4866 editor
358 4809 515 4866 Prudentius
529 4810 653 4867 handus
673 4808 777 4866 sorihit.

169 4914 215 4989 ο)
236 4914 305 4971 pm
327 4913 355 4986 ς.
376 4914 442 4972 m
897 4880 1031 4955 ⁸⁶)1hid.
1055 4878 1082 4950 s.
1104 4877 1180 4935 llhll.

831 4743 899 4798 hcm
919 4745 1069 4796 revocatur.

171 5021 217 5095 ⁴⁸)
244 5022 437 5097 Praepostere,
462 5038 540 5095 quum
563 5021 778 5095 exploratissima
898 5021 943 5089 Μ)
964 5019 1024 5077 Act.
1045 5019 1102 5075 xv.
1124 5017 1170 5074 16.

155 5144 281 5199 sua-pta,
295 5145 473 5188 communimine.
1235 5120 1284 5196 28
