3300 5402
622 302 768 370 CAPUT
810 302 866 365 111.
1374 304 1437 365 885

66 475 158 538 labeni
178 475 315 555 tribuitur,
336 473 414 556 qued
434 491 510 536 unus
530 490 601 553 prae
622 471 757 536 omuibus
778 471 881 535 Petrus
901 469 1113 533 nobilissimam
1132 468 1350 534 contessionem
1374 471 1435 534 edi-

65 584 141 649 derit
181 585 275 658 Quare
296 601 356 647 non
376 584 498 665 ingenio
519 579 679 662 fervidiori,
701 580 738 643 de
761 597 819 661 quo
840 597 900 643 raon
923 587 1004 643 esset
1025 598 1078 643 cur
1098 586 1175 643 taum
1196 588 1390 660 protestantes
1404 584 1432 615 ²⁸

65 692 353 771 commiscerentur,
375 691 436 757 sed
451 691 550 755 dirim
564 690 731 755 cbatismati
751 689 977 759 adscribendum
998 696 1044 752 est
1065 689 1144 771 quod
1163 707 1239 752 unus
1259 689 1362 753 Petrus
1384 710 1435 755 re-

63 802 212 882 sponderit

156 911 318 994 ¹Respondit
331 918 439 989 manen,
461 910 550 990 aiunl,
572 915 724 973 communi
736 915 863 985 marine,
886 914 1094 988 mmmunipue
1112 929 1253 989 masena.
1297 908 1336 971 nt
1358 909 1435 971 unde

61 1021 196 1101 probant
232 1022 300 1085 inde
328 1040 367 1084 ne
394 1019 474 1102 quod
498 1020 535 1083 ab
562 1017 745 1101 euangelista
770 1016 870 1099 ῥητῶς
898 1016 1080 1080 allicereturl
1107 1021 1186 1100 atqui
1214 1017 1377 1082 Matthaeus
1398 1017 1436 1081 de

59 1132 161 1193 ceteris
179 1133 295 1213 penitus
316 1131 399 1207 silet,
429 1137 459 1193 et
489 1147 528 1190 ne
550 1127 700 1192 levissimo
729 1127 848 1208 quidem
876 1128 985 1190 indicio
1006 1128 1165 1209 significat,
1187 1135 1236 1191 aut
1263 1146 1435 1191 communes

57 1240 285 1320 penestarum
308 1241 427 1318 obiisse,
450 1245 498 1301 aut
518 1237 569 1300 illi
582 1238 673 1301 luisse
688 1237 882 1301 concreditas.
923 1236 971 1299 An
992 1237 1060 1300 inde
1075 1238 1152 1319 quod
1175 1237 1277 1301 saltem
1293 1236 1435 1322 δυνάμει,

57 1356 248 1432 contextoque
262 1350 409 1413 sermonis
429 1343 585 1410 innuatur?
606 1346 660 1409 sed
683 1365 742 1408 non
762 1347 858 1409 miuus
878 1347 1088 1410 antecedentia
1109 1366 1195 1428 quam
1219 1357 1435 1429 consequentia

56 1467 223 1540 repugnant.
267 1458 443 1540 Repugnant
461 1455 689 1519 antecedentta:
711 1473 800 1537 quum
822 1457 901 1521 euim
916 1455 1046 1520 Christus
1068 1476 1173 1520 omines
1187 1459 1436 1523 indiscriminatim

54 1567 257 1650 interrogavit,
291 1582 395 1630 omnes
420 1569 489 1629 item
510 1565 759 1630 indiscriminatim
781 1566 971 1648 respondisse
994 1584 1012 1628 e
1033 1567 1132 1629 verbis
1146 1570 1172 1600 ²¹
1199 1577 1326 1648 coastat,
1349 1571 1379 1633 oi
1400 1567 1437 1633 δὲ

53 1666 146 1739 alnou.
187 1677 254 1741 blas
277 1677 366 1758 igitur
384 1674 524 1756 apostolis
544 1694 605 1740 neu
627 1683 706 1756 erat,
738 1682 769 1738 ut
789 1676 818 1738 in
843 1678 990 1739 communi
1012 1695 1115 1740 caussa
1138 1696 1207 1740 suas
1228 1678 1314 1741 Petro
1335 1690 1434 1761 partes

53 1787 277 1853 com-iterent
320 1785 494 1867 Repugnaut
509 1791 739 1866 consequentia:
762 1800 850 1866 quum
866 1784 996 1849 Christus
1011 1795 1131 1868 accepta
1147 1787 1223 1851 Petri
1241 1790 1435 1870 responsione

51 1917 109 1958 nen
132 1916 237 1960 omnes
260 1894 422 1976 apostolas,
444 1897 499 1960 sed
518 1898 613 1977 ipsum
632 1894 762 1958 uoum²²
785 1893 943 1977 μακάριον
964 1896 1080 1959 felicem
1095 1896 1330 1980 fortunatumque
1351 1920 1438 1981 prae-

49 2005 155 2069 dicarr't.
200 2007 316 2071 Omnes
338 2024 410 2070 vero
430 2005 608 2089 μακαρίους
629 2004 765 2083 dixisset,
798 2006 823 2068 si
844 2005 920 2069 Petri
950 2007 1105 2087 responsio
1135 2025 1193 2069 non
1224 2009 1287 2071 eius
1308 2011 1435 2091 propria,

50 2115 101 2178 sed
123 2117 265 2181 omnibus
286 2117 449 2179 mmmuuis
470 2117 624 2181 extitisset.
955 2184 959 2190 ,

155 2235 205 2290 50.
251 2227 398 2301 Quorsum
421 2243 493 2290 varo
514 2226 577 2308 illa,
600 2224 726 2290 beatum
741 2229 769 2261 ²³
804 2234 960 2308 propterea
988 2225 1133 2289 celebrari
1160 2227 1328 2309 Simonem,
1357 2231 1437 2311 quod

45 2357 105 2399 nen
119 2358 250 2403 carnem
264 2344 293 2399 et
308 2344 496 2421 sanquinem,
518 2336 575 2400 sed
595 2334 738 2400 caelestts
752 2330 863 2398 Patrs's
878 2333 1092 2398 revelationem
1107 2337 1171 2399 eius
1185 2336 1252 2400 fidet
1267 2340 1437 2421 magistram

45 2445 190 2527 habuerit,
215 2466 306 2530 quam
320 2446 471 2528 professus
485 2444 553 2510 esti
575 2465 612 2508 an
625 2452 761 2526 prepete,
784 2464 821 2508 an
835 2465 906 2517 nere
919 2446 948 2507 in
964 2444 1100 2508 caelestis
1114 2445 1204 2509 Patris
1226 2448 1437 2512 revelationem

43 2553 130 2620 Petra
151 2557 264 2627 lactum
285 2556 500 2637 refunderetur,
523 2556 602 2637 quod
622 2557 686 2637 ipse
707 2555 744 2617 ab
765 2554 906 2636 apostolis
928 2556 958 2616 in
984 2572 1072 2617 unam
1095 2555 1290 2637 eamdemque
1311 2575 1436 2638 respon-

43 2666 159 2730 sionem
183 2666 421 2749 conspirantibus
442 2666 616 2747 accepisset,
638 2671 669 2726 ut
683 2665 830 2727 communi
845 2664 974 2726 omnium
989 2665 1107 2727 nomine
1121 2663 1271 2728 reserretl
1293 2668 1348 2730 nisi
1363 2666 1437 2731 baec

41 2785 242 2859 praepostera
275 2776 460 2856 absurdaque
489 2775 657 2854 videantur,
683 2792 732 2837 me
758 2773 844 2855 plane
872 2772 945 2855 sugit
967 2791 1026 2854 quo
1053 2777 1156 2856 signo,
1194 2794 1291 2857 quove
1320 2779 1437 2840 criterio

41 2885 171 2953 absurda
194 2906 234 2951 ac
256 2892 447 2968 praepostera
467 2885 640 2949 iudicentur.

151 2996 259 3070 Quare
280 2995 414 3057 videmus
434 2996 544 3061 nemini
565 2996 622 3058 nisi
648 3013 666 3057 e
693 2996 913 3084 protestantium
936 2994 1063 3056 factione
1089 2993 1163 3057 baec
1192 3003 1240 3057 aut
1265 2995 1311 3058 bis
1333 2996 1437 3060 similia

39 3103 68 3165 in
91 3113 233 3171 mentera
257 3106 394 3167 venisse:
420 3106 524 3185 imme,
549 3104 628 3186 quod
649 3104 739 3166 multo
767 3111 814 3166 est
842 3102 933 3184 pluris
955 3103 1180 3184 aestimandum,
1208 3104 1342 3168 videmus
1364 3107 1435 3168 anti-

38 3232 115 3294 quos
130 3215 291 3278 ecclesiae
305 3220 413 3295 patres,
434 3231 547 3294 eosque
560 3221 653 3277 testes
668 3214 897 3295 spectatissimos
918 3214 947 3275 in
962 3232 1026 3276 eam
1042 3214 1133 3294 ipsam
1152 3214 1242 3277 ivisse
1263 3216 1436 3278 sententiam

36 3340 127 3403 quum
159 3323 370 3403 defendimus,
402 3341 488 3404 quarn
515 3330 612 3386 textas
642 3322 807 3404 Scripturas
836 3324 922 3385 unice
951 3322 1058 3402 refert,
1091 3341 1236 3405 quamque
1265 3334 1438 3407 argumenta

34 3434 286 3511 praeclarissima
306 3431 487 3497 confirmant.
530 3432 620 3495 lluius
640 3432 773 3513 prolecto
795 3433 959 3495 sententiae
986 3440 1124 3512 patrenus
1154 3433 1205 3495 luit
1232 3434 1438 3519 hierosolymi-

34 3550 123 3607 mnus
147 3542 284 3627 cyrillus
302 3546 343 3623 ²⁴,
365 3543 517 3624 inquiens:
540 3541 702 3622 „Omnibus
725 3548 822 3603 autem
844 3540 1052 3619 reticentibus,
1083 3540 1226 3605 humanas
1256 3546 1333 3607 enim
1360 3549 1438 3613 uires

34 3653 217 3716 excedebat
237 3652 405 3715 huiusmodi
425 3651 641 3730 documentum,
663 3642 765 3713 Petrus
787 3649 985 3731 apostolomm
1007 3655 1143 3733 princeps
1166 3661 1195 3715 et
1210 3671 1363 3735 supremus
1386 3676 1436 3719 ec-

29 3762 150 3827 elesiae
174 3779 294 3843 praeco
315 3762 383 3825 dicit
404 3762 441 3824 ad
462 3764 571 3842 ipsum,
601 3768 636 3823 tu
653 3781 688 3822 ea
710 3756 885 3823 Classem
928 3758 1009 3821 Hane
1031 3760 1129 3825 docuit
1149 3763 1336 3842 pictaviensis
1357 3764 1436 3828 Hila-

29 3872 93 3933 rius
114 3876 171 3951 Η,
205 3869 359 3933 scribens:
382 3871 504 3951 „Petrus
524 3872 553 3932 in
582 3877 752 3933 cunctorum
781 3868 978 3950 apostolorum
991 3869 1121 3942 ,silentio
1142 3869 1197 3933 Dei
1223 3855 1324 3935 tilam
1351 3893 1438 3936 rere-

24 4130 70 4206 pe,
93 4125 153 4190 date
175 4121 224 4206 μή
245 4120 262 4186 ὁ
283 4122 377 4207 πατήρ
397 4119 413 4185 ὁ
434 4128 551 4206 πέμψας
569 4146 604 4204 με
623 4121 722 4203 &saep
771 4144 818 4192 soc
837 4119 960 4204 λαβόντα
979 4144 1030 4200 ape
1048 4123 1159 4203 γνῶσιν.
1187 4119 1390 4206 ἀποδεχόμενος
1409 4130 1440 4188 dd

28 4230 132 4296 αὐτος,
772 4224 864 4302 αὐτόν,
884 4231 1000 4290 balanus
1019 4225 1116 4290 losada
1135 4227 1186 4300 ecla
1205 4231 1261 4292 eale
1280 4229 1410 4293 ‹lllae’
1390 4256 1438 4293 aa·

94 4346 149 4420 ²⁰)
179 4342 328 4399 Eiusmodi
353 4322 562 4400 commentamur
588 4342 721 4415 specimen
771 4330 900 4416 θρώαων
921 4330 1077 4418 ὑπολήψεις
1096 4339 1213 4418 ψευδεῖς.
1255 4342 1370 4400 Beatum
1390 4345 1438 4400 di·

25 4452 118 4509 babes
151 4453 182 4505 in
208 4446 282 4502 Putti
308 4448 509 4521 prolegomenis
536 4449 569 4503 ad
595 4446 722 4520 epistolas
772 4448 812 4502 es't
835 4445 959 4520 Petrum,
988 4455 1082 4524 utpote
1106 4451 1156 4522 qui
1180 4466 1196 4506 e
1222 4449 1320 4505 dtatm
1343 4453 1438 4523 pratea

21 4550 211 4617 catholicas.
772 4554 959 4627 ecmndonem
977 4556 1126 4629 acceperit.
1162 4554 1250 4626 (tuum
1271 4563 1362 4612 autent
1382 4555 1437 4612 Pe-

96 4680 150 4757 ar)
176 4676 280 4733 Mam,
299 4675 370 4735 xpp⁸
394 4676 440 4733 14,
773 4668 844 4717 anm
865 4660 980 4735 probat,
1007 4669 1204 4735 consequenter
1225 4662 1343 4720 ornant
1363 4662 1438 4719 alie-

93 4804 150 4879 22)
175 4798 254 4857 md·
275 4817 302 4856 v·
325 4798 371 4856 17⁸
771 4783 834 4823 runs
853 4767 992 4825 lenimus
1012 4770 1158 4842 opiniones
1176 4768 1276 4841 fabar.

89 4926 149 5002 υ)
174 4921 297 4980 mrtem.
340 4922 383 4980 aa
409 4938 466 4980 nn
495 4921 723 4994 theophanem:
836 4899 882 4974 ²⁴)
902 4900 1011 4956 caua.
1032 4899 1077 4957 XL
1102 4918 1129 4957 e·
1151 4901 1179 4956 ³·

18 5026 216 5107 Μωῐαρῑζε*
236 5021 283 5085 *ὃν
301 5026 412 5104 flama
430 5019 470 5095 alc
489 5028 519 5086 aa
539 5026 626 5092 antae
645 5019 724 5103 adae
836 5031 882 5104 Η)
900 5031 942 5093 lte
962 5031 1055 5088 tranis.
1076 5028 1123 5086 ttb.
1139 5029 1185 5085 vt.
1205 5045 1231 5084 n.
1245 5028 1293 5085 st.

74 5152 235 5206 ene-gua,
249 5153 424 5195 saansaan...
1181 5134 1229 5205 25
