3358 5400
210 336 274 397 soa
739 332 870 397 uanus
911 320 1075 400 suiuus
1149 324 1153 331 ’

210 503 310 587 logiae
333 502 465 586 corporis
483 503 616 584 humani,
639 519 736 584 aquo
758 502 928 584 metaphora
949 502 1102 585 desumpta
1124 510 1183 583 est,
1205 508 1252 567 est
1274 503 1362 567 etiam
1381 501 1504 566 mantis:
1524 520 1588 565 nan

171 648 174 657 .
212 632 272 676 non
293 611 389 676 obstat
410 612 577 695 principalis
603 619 634 675 et
660 627 720 673 non
748 611 915 693 principalis
938 610 1116 692 differentia,
1143 613 1298 695 quominus
1326 613 1356 674 in
1377 629 1432 676 suo
1453 613 1590 694 cuiusque

211 724 258 787 rei
277 739 393 805 genere
413 727 591 807 agnoscatur
610 720 813 802 reciprocatio.
856 719 1012 794 Quomodo
1036 739 1109 785 vero
1137 729 1238 804 posset
1258 721 1316 784 dici
1338 728 1424 803 caput
1449 720 1591 784 ecclesiae

213 831 264 895 ille
285 832 335 913 qui
352 838 451 912 potest
475 848 543 893 esse
561 830 604 863 ¹¹⁸
626 829 769 912 reprobus
790 837 821 893 et
839 829 1022 911 haereticus,
1053 838 1139 912 atque
1161 830 1237 893 adeo
1257 849 1316 893 nec
1336 832 1426 912 ipsius
1448 830 1590 893 ecclesiae

169 970 175 981 a
215 940 380 1004 membrum
388 936 425 1002 i“
467 939 531 1014 oum
551 940 784 1021 interrogatione
804 940 912 1020 innuit,
939 959 1004 1003 rem
1026 941 1082 1004 sibi
1101 939 1177 1004 adeo
1199 940 1379 1023 exploratam
1401 939 1592 1004 manifestam·

216 1067 274 1133 qne
295 1049 403 1131 videri,
431 1056 464 1111 ut
482 1067 581 1130 neque
601 1048 679 1111 illam
700 1047 831 1131 pluribus
852 1066 959 1113 ornare
989 1049 1103 1131 verbis,
1131 1068 1230 1131 neque
1258 1048 1446 1113 validioribus
1468 1048 1593 1113 sunum

215 1160 412 1242 argumentis,
435 1177 544 1242 operae
565 1158 690 1241 pretium
711 1176 780 1222 esse
802 1159 959 1222 censuerit
1002 1158 1067 1241 ligo
1087 1176 1160 1222 vero
1182 1159 1305 1223 efficium
1334 1167 1367 1222 ut
1386 1175 1492 1222 omnes
1514 1156 1593 1220 intel

216 1269 323 1353 ligant,
351 1288 438 1352 quarn
464 1268 541 1332 male
570 1287 646 1351 qaae
668 1267 868 1331 diuersissima
889 1275 956 1331 stunt
977 1267 1158 1332 Turebinus
1180 1258 1413 1350 commiscuerit,
1442 1268 1542 1332 mcum
1562 1287 1593 1331 ea

217 1378 391 1443 confusione
411 1378 570 1443 lectoribus
591 1377 708 1458 iecerit,
730 1378 937 1459 sineemumque
958 1379 1088 1441 veritatis
1108 1378 1267 1443 candorem
1290 1378 1460 1442 obscurarit

324 1494 394 1551 ott.
436 1488 527 1571 Igitur
548 1506 624 1569 quae
644 1485 778 1568 drudes
798 1488 891 1569 prima
910 1487 1006 1550 boote
1026 1487 1141 1552 videtur
1162 1490 1312 1570 quaestio,
1341 1506 1378 1551 ea
1397 1504 1506 1552 reuera
1526 1486 1596 1550 saul·

217 1595 316 1678 Mes
343 1604 405 1678 est,
430 1616 529 1680 neque
557 1597 678 1680 perduci
706 1595 744 1659 ad
769 1595 910 1676 liquidnm
933 1603 1046 1677 potest,
1076 1598 1133 1661 nisi
1159 1596 1237 1678 quod
1259 1620 1303 1661 ss
1327 1617 1397 1659 aeae
1417 1597 1454 1661 ad
1475 1597 1596 1660 formam

216 1714 342 1790 spectat,
363 1708 568 1788 rationemque
588 1706 727 1787 loquendi
748 1706 779 1768 in
799 1711 984 1768 antecessum
1006 1705 1186 1788 explanetur.
1228 1706 1280 1770 Est
1299 1715 1397 1770 autem
1416 1705 1596 1769 huiusmodi:

216 1836 259 1880 aaa
281 1814 424 1894 scelesto,
445 1823 475 1878 ai
492 1823 688 1896 praepositus
709 1812 756 1877 atla
770 1817 813 1848 ¹²⁷
831 1812 950 1878 Petraea
967 1816 1124 1894 credatur,
1139 1823 1240 1894 possit
1260 1822 1315 1879 out
1335 1816 1443 1879 utem
1463 1815 1597 1879 medea·

218 1922 310 1989 Petrt
329 1945 441 2005 corpus
462 1932 645 2005 nuncupant
687 1924 734 1988 Ad
757 1943 844 2007 mam
865 1924 1049 1989 enodandam
1070 1926 1272 2008 quaestionem
1303 1924 1411 2007 duplex
1429 1923 1520 1989 nobis
1540 1946 1598 2007 apo

217 2032 324 2118 seipsos·
342 2036 483 2117 suppetit,
505 2042 671 2098 caeternum
692 2033 827 2115 alterum,
849 2053 884 2097 ac
905 2051 924 2096 e
946 2034 1050 2097 diunis
1071 2035 1182 2113 libens,
1205 2035 1450 2117 munimentisque
1469 2032 1598 2098 christia·

217 2145 264 2209 nis
285 2143 479 2226 desumptum,
500 2143 624 2207 alterum
644 2149 798 2207 uternam
817 2160 853 2206 ac
872 2162 890 2206 e
908 2144 953 2207 rei
966 2144 1058 2225 ipsius
1072 2162 1129 2226 qua
1145 2144 1184 2207 de
1199 2145 1295 2225 agitur
1312 2151 1414 2207 natiue
1427 2143 1598 2226 proiectum.

218 2252 358 2317 lamvero
377 2259 512 2315 neutrum
526 2253 672 2335 permittit,
693 2257 761 2314 atne
781 2259 819 2314 ut
842 2250 972 2315 scelesto
986 2250 1077 2315 Petri
1096 2272 1209 2333 comus
1230 2253 1363 2328 dicatur,
1379 2259 1447 2314 stne
1466 2260 1505 2315 ot
1527 2250 1598 2315 bace

219 2361 340 2426 samos
353 2359 462 2446 formo
482 2382 551 2425 aum
571 2361 712 2425 doctrtao
732 2361 770 2424 de
784 2357 883 2424 Petro
902 2368 1065 2442 conspicuo
1085 2360 1231 2425 sociatae
1243 2368 1344 2442 captis
1361 2369 1435 2443 apto
1454 2382 1598 2442 magnac

220 2471 381 2535 maur.
690 2522 694 2531 .

309 2580 407 2665 ,snae
428 2582 576 2663 integrum
595 2580 680 2645 nobis
703 2599 762 2644 non
783 2589 830 2645 est
849 2598 904 2664 pro
925 2581 1044 2644 arbitrio
1061 2580 1150 2664 loqui,
1172 2580 1391 2665 carbonumque
1411 2583 1525 2647 sanitas
1544 2600 1600 2646 non
1651 2604 1652 2619 ¹

220 2697 280 2754 tam
300 2691 386 2755 nobis
408 2690 644 2771 commendetur,
668 2709 755 2772 quarn
772 2695 815 2725 ¹²⁸
838 2693 918 2755 serio
939 2691 1128 2773 mutesque
1151 2692 1334 2772 praecipitur.
1377 2688 1481 2756 blerito
1506 2700 1599 2756 antem

219 2799 307 2864 buius
327 2799 487 2863 viobtores
508 2800 585 2882 legis
607 2800 799 2879 haberemur,
821 2802 847 2864 si
869 2818 906 2863 ea
926 2798 1041 2882 quade
1062 2801 1178 2882 agimus
1198 2799 1338 2881 formula,
1359 2807 1473 2864 temere
1496 2802 1600 2884 impru-

220 2904 384 2992 denterque
405 2909 601 2973 abuteremur.
645 2909 804 2991 Ecquando
825 2911 904 2973 enim
926 2909 975 2971 uel
995 2910 1026 2971 in
1047 2908 1151 2973 divinis
1172 2908 1296 2987 litteris,
1319 2909 1368 2973 vel
1387 2911 1418 2972 in
1438 2907 1600 2974 christianis

220 3023 425 3113 monimentis,
446 3039 522 3102 quae
544 3020 629 3084 nobis
650 3022 741 3083 instar
762 3038 884 3083 normae
905 3019 1065 3099 sentiendi,
1087 3018 1284 3101 loquendique
1303 3019 1482 3102 praelucent,
1507 3018 1600 3083 eccle

221 3131 265 3197 sia
284 3131 388 3194 dicitu
407 3126 498 3192 Petri
513 3130 650 3210 corpus?
668 3148 707 3191 ne
728 3127 822 3191 semel
843 3127 970 3209 quidem.
1013 3127 1129 3191 lnterea
1149 3146 1247 3210 neque
1269 3129 1297 3190 in
1320 3128 1476 3210 Scnpttu'is
1498 3128 1602 3191 desunt

220 3258 297 3322 quac
318 3238 412 3302 uideri
432 3241 612 3318 necessaria,
632 3245 831 3321 opportuneve
848 3244 979 3319 possunt,
1002 3244 1033 3299 ut
1046 3236 1148 3300 Petrus
1169 3238 1327 3300 universae
1349 3236 1496 3300 ecclesiae
1517 3256 1600 3320 prac-

221 3350 351 3431 positus,
379 3347 503 3428 eiusque
518 3350 561 3382 ¹²⁹
591 3355 676 3428 caput
703 3347 854 3410 credatur:
885 3358 983 3427 neque
1004 3346 1034 3408 in
1055 3343 1219 3409 christianis
1241 3347 1426 3409 monimentis
1448 3347 1601 3428 appellatio

200 3459 324 3541 ⁴capitis
346 3455 432 3519 Petro
452 3455 527 3519 lacta
549 3455 740 3520 desideratur.
782 3454 846 3518 Ilnc
867 3456 944 3518 enim
966 3452 1049 3517 titulo
1070 3472 1158 3536 quum
1181 3473 1198 3517 a
1218 3455 1348 3536 patribus
1369 3473 1522 3537 seorsum,
1544 3464 1601 3519 tum

221 3585 239 3629 a
267 3564 391 3648 synodis
406 3567 460 3643 ¹⁸⁰,
490 3567 585 3648 iisque
615 3563 835 3647 particularibus
866 3571 895 3627 et
926 3564 1125 3626 oecumenicis
1155 3582 1214 3626 non
1245 3564 1448 3647 infrequenter
1475 3574 1601 3630 ornatam

201 3690 204 3697 ·
223 3673 300 3749 Quid
320 3675 410 3756 igitur
429 3694 469 3738 ex
486 3674 534 3737 his
554 3677 660 3738 iunctis
674 3673 760 3737 simul
775 3672 974 3755 copulatisque
993 3689 1180 3754 consequens
1201 3691 1270 3736 esse
1289 3671 1514 3738 arbitrabimur?
1535 3674 1601 3738 illud

222 3783 379 3866 principio,
407 3783 590 3847 interdictam
613 3785 698 3848 nobis
726 3802 795 3848 esse
816 3782 986 3863 formulam,
1016 3801 1072 3863 qua
1102 3782 1229 3846 ecclesia
1250 3798 1357 3865 corpus
1378 3783 1454 3847 Petri
1475 3784 1601 3867 appelle·

223 3899 286 3956 uu:
309 3892 380 3955 illud
400 3892 523 3972 deinde,
545 3893 757 3977 scripturarum
779 3893 964 3972 auctoritate,
989 3899 1102 3973 paurum
1125 3891 1224 3972 dictis,
1248 3891 1403 3974 ellatisque
1424 3893 1600 3977 synodorum

289 4102 349 4179 ¹²⁸)
377 4102 480 4161 Videor
507 4103 571 4159 milui
603 4104 696 4160 andus
726 4101 889 4159 donatistam
1002 4100 1063 4177 m)
1083 4118 1127 4158 nn.
1149 4100 1196 4158 38.
1218 4116 1293 4174 seqq.

223 4208 347 4283 aliquan,
368 4214 397 4267 et
411 4208 546 4266 bominem
564 4215 637 4266 certe
657 4209 738 4266 audio
758 4208 889 4265 scdasiae

222 4330 292 4387 qnae
320 4314 465 4372 invisibilis
495 4316 548 4389 sit,
580 4314 711 4372 vindicem
741 4321 769 4371 ct
799 4329 888 4369 asscr-
1001 4309 1061 4386 ¹⁸⁰)
1085 4327 1112 4368 n.
1134 4310 1202 4368 380.
1246 4311 1314 4368 ilinc
1340 4311 1401 4369 Act
1421 4311 1454 4368 ll.
1483 4311 1600 4386 spbesiai

222 4424 317 4476 torem
937 4418 1045 4475 concilii
1061 4417 1096 4475 ds
1110 4418 1231 4491 patribus
1245 4416 1388 4474 Caelestini
1408 4419 1534 4476 iudicium
1555 4419 1600 4475 ad

287 4524 348 4599 ¹¹⁷)
375 4525 538 4598 Quamquam
565 4540 609 4581 res
634 4526 671 4582 sit
690 4526 840 4582 certissima
860 4533 888 4583 st
936 4538 1032 4579 versus
1058 4523 1176 4581 Nestorii
1202 4524 1334 4581 baeresim
1366 4524 1599 4598 mnproumntiaa

222 4632 358 4705 lineasque
388 4631 586 4704 demonstrata,
620 4630 766 4705 compellor
799 4636 886 4689 tamen
936 4629 1048 4703 dicitnr,
1080 4631 1152 4703 qnod
1178 4638 1277 4687 sumtu
1302 4631 1423 4689 sambra
1447 4638 1545 4689 amoto
1568 4648 1598 4687 ae

222 4736 396 4813 bgpottsta'es
416 4737 488 4795 abuti
508 4738 681 4812 loquutione,
707 4754 741 4793 ne
761 4737 824 4809 quid
844 4739 887 4794 ui·
936 4737 1024 4808 copiti
1049 4735 1247 4808 muniat,
1281 4737 1432 4809 lacumque
1458 4744 1596 4811 propterca

223 4844 290 4902 dsar
307 4845 530 4918 praesumpsisse.
749 4867 756 4886 ·
935 4840 973 4896 sit
990 4840 1062 4912 qnod
1082 4840 1136 4897 beo
1156 4842 1235 4915 epist
1256 4842 1327 4899 xlv.
1348 4843 1382 4899 al.
1401 4842 1458 4900 lili
1480 4843 1514 4900 ad
1527 4843 1597 4900 Ana·

288 4950 348 5024 ¹²⁸)
368 4950 389 5006 l.
404 4950 472 5007 l'im.
492 4949 539 5007 Vb
560 4948 612 5024 13,
636 4948 669 5006 lb
690 4948 758 5005 Tim.
783 4948 804 5005 l.
832 4947 884 5022 ao,
933 4947 1046 5002 starium
1070 4947 1322 5004 uamlmtcmaam
1343 4948 1452 5023 scribit,
1480 4964 1537 5022 cap.
1557 4947 1594 5021 X,

222 5056 476 5115 stad'l'itlbl.
933 5052 1580 5132 ataibilaaqaaaaoaaocapitada‘aaidsrst
