3300 5402
646 256 793 328 eaeor
834 257 972 329 mill.
1438 258 1500 326 333

113 449 150 494 sc
178 449 271 512 nava,
297 430 443 495 delineata
469 439 500 494 et
527 448 684 512 expremm
712 430 846 494 inchoata
872 430 1064 512 perlectoque
1091 429 1147 492 sibi
1174 436 1274 493 mutuo
1301 430 1500 512 respondent,

115 543 268 623 perspicue
282 544 309 577 ⁴·
340 541 518 621 edocemur,
545 542 726 621 proposinam
752 539 842 603 luisse
864 539 994 616 Christo,
1022 545 1054 600 ut
1078 540 1107 600 in
1128 556 1205 601 nora
1226 541 1401 603 oeconomia
1428 556 1497 621 per·

116 668 219 715 sonam
239 650 367 713 referret
386 648 505 730 Petrus,
526 650 610 713 coitu
630 650 665 712 in
682 648 849 712 Abrabamo
871 648 1051 712 adumbratio
1072 656 1285 729 praecesserat,
1309 667 1404 732 eaque
1424 651 1500 713 inter

116 760 266 842 apostolos
286 762 492 843 praerogative
513 760 563 822 ille
578 760 730 841 emineret,
753 778 810 841 qua
825 761 900 823 inter
913 755 1092 841 patriarchas
1106 757 1289 835 Abrabamos
1310 758 1498 823 excelluerunt.

114 869 195 932 llaec
221 877 319 933 autem
349 869 402 932 ituit
429 869 546 949 propria
574 866 732 931 Abrabami
757 871 978 951 praerogativa,
1014 869 1091 933 baec
1117 871 1250 934 eiusdem
1277 852 1435 953 ὑπεροχή,
1468 879 1500 934 ut

110 997 202 1042 nemo
215 983 245 1015 ³⁹
277 979 442 1042 alterutrius
467 978 670 1060 promissionis
697 977 760 1040 sire
788 976 943 1055 cornuin,
975 979 1038 1041 sive
1064 978 1252 1058 spirttnults,
1280 998 1356 1062 quae
1381 980 1500 1045 benedt

114 1094 225 1151 morde
251 1089 370 1151 nomine
399 1086 498 1150 elierri
523 1090 553 1150 in
582 1086 739 1167 scripturis
766 1086 856 1167 solet,
886 1104 1009 1150 consors
1039 1087 1104 1151 lieri
1133 1091 1259 1170 potuerit
1286 1108 1321 1152 nc
1341 1090 1497 1172 particeps,

114 1197 164 1277 qui
185 1196 295 1278 duplici
315 1195 432 1259 vinculo
453 1194 575 1258 camah
596 1202 625 1258 et
647 1194 810 1274 aptrtluult,
830 1193 955 1276 pbpsteo
970 1195 1139 1276 moralique
1160 1216 1226 1260 eum
1248 1197 1417 1262 Abrabamo
1439 1216 1499 1263 non

114 1306 355 1387 comengeretur.
396 1305 453 1386 lpsi
483 1307 562 1367 enim
589 1306 713 1387 eiusque
742 1306 847 1368 semini
873 1305 967 1369 laone
995 1304 1112 1369 inerant
1141 1308 1372 1388 promissiones,
1404 1326 1499 1390 eaque

114 1413 166 1477 lex
192 1414 280 1494 dicta,
306 1423 339 1477 nt
368 1416 484 1477 nonnisi
511 1416 716 1479 coniunctione
737 1431 805 1477 com
827 1415 891 1494 ipso
912 1415 1035 1496 eiusque
1053 1418 1179 1513 'semine
1200 1418 1229 1478 in
1251 1424 1368 1481 ceteros
1388 1419 1498 1481 reden·

115 1523 229 1586 darent.
272 1522 367 1596 Ouum
390 1525 479 1605 igitur
499 1525 528 1586 in
549 1541 625 1587 nova
641 1525 813 1587 oeconomia
836 1541 900 1585 eam
922 1521 1037 1585 reterre
1054 1521 1156 1587 Petnrs
1177 1543 1334 1607 personum
1355 1526 1498 1609 debuerit,

115 1650 205 1714 quum
226 1634 256 1695 in
277 1634 372 1696 ueteri
385 1617 569 1697 Abrabamus
586 1642 737 1717 gesserat:
760 1652 907 1716 mumque
922 1632 1094 1716 Unigenitus
1111 1633 1202 1698 Putris
1218 1638 1244 1670 ⁵¹
1263 1634 1356 1699 iorrna
1370 1641 1398 1672 ⁵²
1420 1640 1501 1703 servi

117 1741 236 1805 indutus
258 1761 323 1805 eam
344 1741 430 1806 Petro
449 1747 683 1826 praerogativam
704 1745 890 1827 impertierit,
913 1762 999 1825 ᾳιιιιιι
1020 1742 1133 1807 loturae
1155 1744 1363 1826 dispensationi
1385 1748 1500 1829 praelu-

117 1850 193 1914 dens
211 1850 380 1914 Abrabame
402 1861 608 1935 concesserat,
636 1854 821 1916 manifestum
844 1860 906 1931 est,
934 1851 1080 1915 delectum
1107 1861 1264 1935 propterea
1293 1855 1385 1920 luisse
1405 1856 1499 1921 Simo-

116 1978 202 2040 nem,
230 1959 348 2041 Ccpbue
370 1961 487 2025 nomine
508 1962 694 2044 insignitum,
724 1961 920 2043 omnibusque
938 1960 1154 2045 praehabitum,
1183 1971 1214 2026 ut
1235 1983 1273 2026 ex
1294 1982 1331 2027 eo
1352 1973 1500 2049 umquam

115 2086 257 2150 supremo
283 2069 387 2133 Cbristi
415 2071 563 2151 ministro,
596 2079 626 2135 et
652 2073 858 2135 coniunctione
885 2089 951 2133 cum
980 2090 1018 2134 eo
1043 2079 1190 2154 tamquam
1217 2078 1378 2156 conspicuo
1406 2078 1500 2159 capite

115 2177 249 2242 membra
274 2181 372 2243 omnin
400 2180 593 2245 ecclesiastici
620 2181 752 2264 corporis
776 2180 862 2243 bonis
891 2179 1089 2263 fructibusque
1120 2182 1295 2249 christianae
1318 2186 1501 2250 institutionis

114 2290 289 2371 potirentur.

224 2398 307 2472 Quae
328 2406 426 2463 autem
448 2419 487 2462 ex
506 2399 552 2463 bis
570 2407 635 2481 apta
648 2417 785 2483 nexaque
806 2401 873 2480 sint,
898 2401 1022 2482 quisque
1046 2399 1132 2463 lacile
1151 2401 1293 2486 intelligit.
1335 2402 1401 2467 Duo
1423 2407 1501 2469 enim

118 2507 247 2570 mamma
275 2517 508 2590 consequuntur,
544 2527 620 2591 quae
646 2516 677 2572 et
704 2509 764 2571 virn
790 2509 992 2590 rationemque
1017 2510 1156 2593 primatos
1187 2513 1312 2595 egregie
1338 2513 1502 2598 declarant,

118 2635 217 2698 eoque
237 2617 318 2682 illum
338 2621 486 2700 pertinere
508 2619 678 2698 ostendunt,
701 2624 733 2680 ut
754 2634 859 2680 caussa
882 2618 934 2696 sit,
959 2615 1150 2701 efficiensque
1172 2623 1236 2684 eius
1258 2623 1373 2686 unitatis
1395 2626 1502 2705 princi-

116 2728 219 2810 pium,
240 2746 296 2809 qua
318 2727 422 2792 Christi
443 2728 572 2793 ecclesia
592 2746 680 2791 onum
702 2735 747 2792 est
769 2728 1017 2810 conspicuumque
1039 2746 1155 2811 corpus.
1198 2730 1276 2795 Sane
1297 2729 1437 2813 officium
1458 2733 1502 2793 in·

115 2839 220 2920 primis
241 2840 430 2920 consequitur
448 2838 583 2902 lidelibus
603 2838 763 2901 iniunctum
784 2835 919 2899 omnibus
940 2834 1119 2901 cohaerendi
1139 2857 1205 2927 cum
1226 2838 1328 2921 Petro,
1356 2842 1386 2903 ni
1408 2840 1445 2903 ab
1466 2842 1502 2903 iis

117 2947 226 3011 Gbristi
246 2947 488 3028 promissionibus
509 2948 599 3011 velirrt
621 2947 776 3027 excidere,
797 2946 901 3028 quibus
924 2947 1077 3028 mysticum
1096 2964 1181 3009 suom
1205 2966 1311 3029 corpus
1333 2947 1502 3032 largissime

117 3056 233 3138 ditant,
256 3057 394 3139 quodque
415 3057 492 3120 aliud
514 3057 551 3120 ab
573 3076 610 3120 eo
631 3074 691 3121 non
713 3063 760 3121 est
778 3055 857 3138 quod
878 3055 994 3119 Petrum
1017 3054 1130 3118 visibile
1152 3064 1239 3138 caput
1259 3039 1387 3121 veretur.
1425 3060 1502 3122 Coo·

110 3166 253 3246 ,sequitur
275 3165 382 3229 deinde
397 3162 490 3229 Petra·
510 3172 569 3244 tus,
590 3185 649 3249 quo
670 3166 719 3229 ille
740 3173 842 3229 anctus
864 3173 1081 3246 exornatusque
1103 3173 1133 3228 et
1147 3167 1275 3229 omrrium
1297 3184 1399 3231 secum
1421 3186 1503 3232 com·

116 3275 291 3338 munionem
326 3277 557 3357 societatemque
589 3278 727 3357 imperat,
762 3277 992 3357 imperatumque
1018 3273 1123 3355 efficit,
1158 3274 1351 3359 effectumque
1380 3277 1506 3342 custodit

118 3392 210 3466 atque
231 3391 335 3448 tuetur.
376 3384 454 3449 llibil
475 3393 573 3449 antem
591 3385 751 3450 desiderari
764 3392 861 3467 potest
881 3385 938 3447 bac
956 3383 1062 3448 Cbristi
1084 3383 1265 3448 ordinatione
1288 3384 1420 3469 validius,
1441 3388 1505 3451 sive

116 3501 156 3558 ut
169 3500 323 3573 emmer
348 3500 475 3573 potioris
496 3495 715 3559 mdtcttona‘s
737 3496 969 3574 demonstretur,
998 3495 1062 3556 siue
1082 3502 1113 3557 ut
1136 3493 1302 3577 praefisus
1323 3494 1371 3559 uu
1391 3518 1503 3579 scopus

117 3601 306 3687 efficiendae
329 3603 521 3686 tuendaeque
540 3611 670 3669 ιιιιὲωῑίι
691 3608 844 3688 aperiatur.

185 3802 230 3878 ⁴⁹)
251 3820 294 3859 ¹¹¹¹·
314 3802 362 3859 ²⁹·
383 3818 458 3877 ⁸⁰llll·
837 3806 932 3862 bannis
944 3804 1014 3861 labe
1027 3802 1208 3877 Appeodieem
1227 3805 1450 3865 hermenticaru
1470 3809 1505 3866 ad

838 3909 949 3967 llalaob.
970 3908 1003 3965 ll
1025 3908 1079 3983 1⁷,
1104 3908 1149 3965 tlt.
1171 3910 1198 3966 6
1219 3917 1247 3967 et
1267 3911 1350 3968 13
1358 3913 1406 3970 24
1491 3944 1495 3953 ·

189 3988 319 4065 ⁵⁹.)Gen
333 3988 389 4045 llll
405 3986 457 4061 13,
477 3986 547 4044 xllt.
560 3985 611 4062 16,
632 3987 789 4045 3631135-
903 4016 947 4090 ιι)
980 4015 1063 4084 qm,
1090 4015 1185 4072 pm
1212 4016 1246 4072 „q
1276 4018 1389 4093 pqqppp
1416 4018 1450 4076 11
1476 4020 1504 4076 τ

119 4093 251 4168 7-20,
275 4094 359 4151 xxu.
383 4092 427 4148 te.
450 4092 511 4149 coll.
531 4093 670 4151 nom.1.v
692 4093 743 4169 13,
764 4101 791 4149 et
840 4122 907 4178 dm„
932 4138 1044 4196 pom,
1070 4112 1186 4195 pm„
1221 4123 1307 4198 idm,
1342 4142 1377 4183 01
1407 4127 1506 4182 mm

120 4200 158 4257 ud
180 4198 264 4256 thtl
285 4198 329 4254 ῙΠ
354 4197 406 4275 ¹⁶
435 4198 480 4255 W·
501 4197 585 4255 ²2
592 4198 641 4255 29·
841 4228 948 4298 graecis
968 4228 1113 4299 latinisque
1132 4229 1252 4302 patribus
1279 4231 1506 4305 interpretatione,

840 4322 1013 4405 emmaus
1031 4327 1082 4389 mo
1101 4324 1210 4390 totum
1250 4335 1281 4391 st
1308 4339 1393 4409 ann,
1423 4338 1508 4408 imm

187 4391 317 4467 ⁵¹)U¹¹'¹⁸
329 4408 399 4449 ‘¹¹¹⁰‘
414 4390 596 4462 ¹d⁰mq¹¹⁰D²¹
608 4390 711 4445 F¹¹'¹¹⁸
704 4406 727 4446 ¹⁸
740 4396 790 4464 ⁰⁸⁸²
841 4437 955 4509 (tyrillus
983 4438 1202 4496 alexaudrinus
1194 4455 1221 4495 ιιι
1249 4439 1378 4515 Capitulis
1405 4442 1439 4498 ds
1466 4441 1509 4499 ln-

119 4498 172 4571 qui
188 4497 369 4553 nominibus
361 4498 476 4569 insignis
497 4494 554 4558 333·
552 4504 584 4575 d,
610 4497 683 4558 “rtur
675 4474 789 4592 stiffi?
841 4551 943 4601 mm
969 4544 1099 4618 „omini
1133 4562 1193 4619 ap,
1215 4545 1235 4602 1
1266 4547 1337 4619 ,pop
1369 4562 1420 4603 0„
1441 4547 1509 4623 ιω

120 4641 151 4692 et
172 4638 278 4728 33333
297 4626 385 4727 333
406 4639 523 4691 verena
544 4632 728 4691 mmmmm
745 4632 791 4690 el·
839 4652 950 4724 smper.
971 4651 1044 4708 vau.
1063 4651 1133 4708 nov
1154 4651 1264 4709 cauea.
1288 4652 1364 4709 rm
1386 4652 1463 4727 vm,
1490 4644 1510 4727 q
1603 4664 1615 4683 ·

116 4760 297 4878 nlnbtrsvit,
329 4761 427 4832 quique
454 4774 533 4815 carus
560 4758 667 4817 indutus
695 4772 728 4813 ao
752 4755 790 4821 alr
835 4774 887 4815 coa
916 4752 989 4815 deae
1017 4773 1114 4832 popqq
1144 4775 1195 4831 sps
1224 4748 1321 4815 οὐσίαι
1350 4754 1431 4830 dqtot
1458 4753 1509 4814 τοῦ

114 4883 158 4924 ra
147 4856 236 4921 tom
262 4866 372 4922 veniens
399 4879 497 4921 novum
525 4868 710 4921 munientem
738 4877 788 4919 suo
837 4857 924 4931 θοοῦ,
948 4852 1120 4936 addatur&
1138 4854 1223 4918 sul‘
1205 4881 1224 4936 q
1245 4859 1296 4920 roi
1315 4853 1430 4929 δούλου,
1461 4857 1512 4935 saie

114 4972 267 5046 sanguine,
288 4987 387 5044 sueque
408 4976 494 5033 morte
515 4971 638 5027 sarcion
679 4968 719 5025 ct.
740 4968 788 5026 Jo-
835 4959 934 5035 Μαι·
953 4967 1010 5026 aad
1029 4962 1081 5027 τοῦ
1100 4962 1201 5025 δούλου
1219 4960 1382 5041 σημαντική.

1201 5071 1289 5147 20*
1410 5070 1411 5073 ’
