3300 5402
216 202 280 264 370
706 198 837 263 umuli
878 197 1111 267 sumtuum

215 375 319 452 tmen,
341 369 433 433 τοῦτό
445 373 509 432 ἐστι
529 366 565 432 τὸ
585 365 681 451 σῶμά
697 389 761 450 μου
780 394 825 421 ==
843 370 935 432 τοῦτό
954 373 1037 434 ἐστιν
1056 368 1075 432 d
1095 363 1192 452 ἄρως
1211 370 1265 448 τῆς
1284 368 1442 449 διαθήκης
1468 365 1520 436 dael
1542 374 1592 435 toti

216 480 295 561 spec
314 476 463 542 duodone
483 475 813 560 ἐγκαινισθιισομένης.

323 592 373 650 ³8.
416 587 555 651 Jamvero
570 587 607 650 de
628 587 687 651 hoc
700 585 819 669 illotae,
842 589 982 653 amere
994 596 1083 670 atque
1093 586 1260 669 mhmtene
1274 589 1474 654 abreuntotts
1487 608 1588 673 genem

216 704 279 759 trio
298 697 473 761 brevbsime
497 697 643 761 monenda
663 696 774 779 habeo,
801 716 877 779 quae
906 716 996 780 mum
1021 698 1144 762 alicnus
1171 716 1242 763 esse
1270 701 1412 763 momenti
1441 700 1587 781 ndeamu,

216 824 314 888 neque
335 826 353 869 a
373 806 459 869 nobis
480 808 649 889 praeteriri,
678 825 776 888 neque
796 810 911 890 ingrata
934 807 1071 872 accidere
1102 808 1260 873 lectoribus
1282 809 1399 874 debent
1442 809 1486 875 Sit
1504 817 1587 873 entem

216 916 285 980 illud
306 917 440 998 primun,
462 933 523 979 non
544 934 613 980 esse
634 935 687 981 cur
709 916 746 981 ab
773 935 810 981 eo
830 920 965 981 sincerae
986 919 1233 1001 necessariaeque
1256 919 1421 984 evidentiae
1443 918 1588 982 detrimen

217 1033 276 1088 tum
296 1025 496 1108 periculumve
518 1028 681 1089 timeamus.
723 1026 775 1090 Est
796 1028 874 1090 enim
896 1046 956 1090 non
978 1029 1251 1106 innnmentornn,
1281 1029 1522 1111 probationisque
1545 1028 1587 1091 de

215 1134 319 1213 lectus,
339 1135 394 1198 sed
414 1142 623 1215 interpretum,
645 1157 809 1216 eorumque
830 1143 936 1199 uitium
958 1138 1008 1218 qui
1032 1144 1082 1200 eut
1102 1156 1225 1202 caussae
1246 1137 1354 1217 lavent,
1377 1145 1427 1201 aut
1447 1137 1490 1200 itti
1509 1136 1589 1201 rein

217 1252 331 1327 gantur.
374 1244 530 1309 Praeterea
550 1247 576 1310 si
596 1245 665 1327 quid
687 1248 787 1309 inesse
808 1245 947 1328 ponderis
974 1246 1011 1308 ad
1032 1264 1166 1309 caussam
1188 1247 1361 1325 iuvandam,
1389 1246 1588 1310 laedendanrc

216 1354 285 1417 huic
306 1354 476 1418 obscuritati
496 1354 725 1437 concederetur3
746 1354 816 1418 nihil
837 1357 867 1418 in
889 1355 1039 1438 theologia
1062 1356 1152 1437 foret,
1173 1355 1246 1419 nihil
1266 1357 1295 1418 in
1316 1356 1510 1440 philosophia,
1530 1356 1588 1419 nibil
1621 1380 1622 1391 ι

216 1466 247 1530 in
267 1463 389 1528 emona
410 1483 469 1528 non
491 1464 609 1527 dubium
637 1483 673 1527 ac
698 1482 851 1547 praeceps.
893 1464 1010 1528 Nullum
1037 1467 1115 1528 enim
1141 1465 1244 1529 harum
1271 1465 1490 1548 disciplinarum
1517 1473 1588 1546 caput
1621 1456 1622 1485 ¹

217 1575 370 1658 engone
390 1575 468 1657 licet,
491 1574 570 1656 quod
591 1573 724 1637 inanibus
744 1575 929 1655 coniecturis,
950 1573 1084 1639 absurdis
1099 1574 1323 1657 suspicionibus,
1344 1575 1589 1658 praeposterisqve

216 1686 435 1750 commentariis
457 1684 534 1765 mali,
556 1684 710 1765 deceptive
730 1683 866 1749 horm'nes
894 1691 943 1747 aut
970 1685 999 1747 in
1031 1683 1241 1747 dubitationem
1262 1702 1322 1748 non
1344 1682 1531 1762 adduxerint,
1550 1690 1589 1745 sot

215 1814 275 1860 non
300 1796 387 1859 etiam
415 1793 659 1877 expungendum,
689 1793 940 1874 reiiciendumquc
976 1793 1189 1857 contenderint.
1232 1792 1298 1868 Quo
1325 1792 1443 1857 illorum
1472 1791 1587 1866 artibus,

215 1906 344 1988 doloque
365 1904 443 1967 malo
464 1903 572 1968 lactum
593 1909 679 1985 puto,
705 1910 737 1965 ut
757 1910 876 1965 veteres
896 1910 997 1984 patres
1014 1906 1042 1937 ⁴⁰
1073 1904 1103 1966 in
1132 1903 1350 1984 disputatricem
1373 1910 1469 1966 artem
1496 1902 1588 1965 lueriu

215 2016 281 2098 plus
295 2014 390 2080 semel
405 2013 585 2093 acerbiores,
607 2018 638 2074 et
655 2030 721 2074 cum
737 2010 893 2075 haereticis
909 2015 935 2046 ⁴'
955 2012 1200 2094 eScripttsmrum
1217 2015 1398 2090 auctoritate,
1412 2012 1590 2075 testimoniis
1621 2080 1622 2089 ἶ

217 2144 275 2208 que
296 2124 507 2189 decertandum
527 2140 595 2186 esse
617 2122 761 2202 negarint.
804 2120 874 2183 lnde
907 2130 989 2185 certe
1017 2120 1124 2185 luctum
1146 2128 1207 2202 est,
1236 2129 1267 2185 ut
1293 2121 1468 2185 Prudentius
1486 2125 1512 2155 ‘¹
1540 2136 1590 2182 non

217 2235 401 2318 ineleganter
427 2234 593 2314 scripserit:

596 2342 667 2410 outo
685 2356 739 2398 non
760 2341 844 2399 llbldo
865 2344 962 2400 mentls
981 2344 1112 2400 homnae
1130 2335 1236 2401 struat?

640 2448 710 2515 omn
729 2463 784 2507 non
805 2448 933 2506 malorum
952 2439 1077 2522 pruriatl

588 2556 692 2611 Ειιιιιιιι
712 2555 847 2612 Ιιιιιιιιιι
865 2555 1063 2630 omnipollentis
1085 2556 1137 2613 Dei

641 2660 817 2718 comissis
836 2660 937 2719 litibus.

587 2766 679 2824 Fidem
699 2768 806 2825 minutis
826 2768 963 2824 dissecent
980 2766 1139 2838 anboglbus

641 2873 676 2931 Ut
696 2876 807 2947 quisque
827 2875 918 2946 lingua
938 2880 981 2929 est
1000 2875 1121 2947 nequior.

589 2979 702 3038 Solvunt
720 2979 858 3053 ligontque
878 2983 1063 3054 quaestionum
1083 2979 1188 3037 vinoilo

502 3130 508 3149 .
632 3087 681 3144 l’er
700 3086 874 3159 syllogismos
894 3088 1027 3160 plectiles.

323 3193 373 3250 34.
416 3186 509 3250 Venio
542 3189 579 3251 ad
607 3188 731 3253 alterum
757 3209 775 3252 e
805 3190 912 3271 tribus,
946 3197 976 3253 et
1006 3191 1078 3271 quin
1099 3187 1239 3267 diffitear,
1268 3183 1392 3249 munde
1419 3184 1585 3265 sincereque

215 3314 285 3377 prae
306 3316 355 3359 me
377 3296 456 3375 lero,
485 3296 642 3361 exhibitam
665 3300 703 3362 de
723 3301 850 3380 primatu
869 3319 886 3362 e
908 3298 1012 3362 divinis
1039 3297 1141 3361 litteris
1167 3294 1372 3378 probationem
1393 3294 1431 3357 ab
1462 3294 1519 3356 hoc
1543 3289 1585 3352 ob

215 3408 617 3489 scuritatisgenereneque
643 3408 1002 3491 nominenominee
1030 3406 1164 3471 solutam.
1208 3404 1245 3467 lit
1264 3405 1315 3486 qui
1338 3403 1402 3467 lieri
1425 3404 1457 3467 id
1477 3405 1585 3486 pomo

217 3532 304 3596 quum
326 3516 418 3579 tribus
432 3518 616 3580 continenter
629 3518 757 3582 saeculis
776 3518 911 3582 homines
932 3539 950 3582 a
971 3516 1113 3581 catholica
1134 3516 1342 3579 conmunione
1361 3513 1455 3593 hvisi,
1476 3523 1585 3576 nanee

217 3627 370 3706 mnumeri,
392 3627 513 3708 ingenio
533 3645 671 3709 sagaces,
692 3629 855 3692 eruditione
876 3628 1003 3691 illustres
1024 3625 1134 3688 nullum
1156 3642 1215 3688 non
1237 3625 1383 3688 moverint
1401 3623 1542 3705 lapidem,
1560 3623 1583 3678 ¹1⁸

217 3733 293 3799 Petri
315 3739 535 3819 praerogativas
556 3738 779 3819 subverterent,
807 3745 963 3819 textusque
983 3734 1138 3798 bibliorum
1165 3736 1201 3797 iis
1233 3733 1394 3797 statuendis
1422 3739 1585 3816 opportunos

217 3845 247 3906 in
273 3863 356 3908 suam
377 3850 552 3911 sententiam
579 3843 806 3928 pertraherent?
837 3853 1002 3929 portentum
1025 3843 1082 3908 hoo
1104 3843 1226 3920 luisset,
1251 3845 1334 3906 cuius
1365 3842 1476 3906 nullum
1501 3852 1583 3919 neque
1621 3814 1622 3903 Ῐ

218 3955 287 4017 oh'm
308 3957 403 4020 simile
424 3959 532 4037 extitit,
561 3976 658 4037 neque
679 3977 750 4039 spes
777 3963 823 4020 est
851 3964 883 4019 ut
907 3955 1063 4037 aliquando
1090 3952 1231 4016 videntur.
1273 3952 1386 4033 llepeto
1409 3954 1500 4035 igitur
1518 3942 1582 4030 qvod

218 4064 293 4129 ultro
322 4065 475 4148 professus
504 4085 586 4147 sum,
621 4066 690 4129 mihi
718 4066 882 4129 nullatenus
914 4064 1043 4128 insidere
1072 4071 1215 4145 mentem,
1245 4070 1277 4126 ut
1303 4062 1394 4126 talem
1420 4055 1583 4143 probotiotit

217 4176 392 4239 evidentiam
416 4176 581 4256 delendam,
603 4194 679 4256 quae
701 4175 737 4238 ab
759 4175 936 4238 obscuritate
957 4174 1044 4254 illata,
1066 4174 1175 4238 adscita
1198 4180 1227 4235 et
1248 4172 1392 4255 polemica
1406 4174 1433 4206 ⁴⁸
1464 4164 1583 4233 imum

218 4293 413 4368 exemptaque
435 4287 480 4348 sit.
522 4285 626 4366 Neque
647 4293 803 4366 propterea
825 4302 898 4366 opus
919 4283 985 4346 lore
1004 4283 1130 4347 arbitror
1142 4283 1284 4365 prolixius
1298 4282 1468 4361 ostendere,
1489 4276 1581 4341 nullm

218 4394 286 4459 inde
309 4396 479 4476 perniciem,
500 4395 704 4458 detrimentum
726 4394 836 4457 nullum
860 4395 891 4456 in
912 4395 1110 4459 necessariam
1137 4410 1300 4475 veramque
1327 4390 1501 4454 evidentiam
1525 4399 1581 4467 per

218 4525 346 4569 manne.
388 4503 572 4569 llanilcstum
592 4524 718 4587 namque
741 4522 809 4567 esse
841 4503 976 4567 omnbm
997 4503 1099 4585 debet,
1126 4502 1271 4566 eiusmodi
1300 4500 1475 4564 obscuritate
1500 4505 1582 4573 nequo

282 4727 327 4803 ⁴⁰)
362 4726 401 4783 (il.
432 4727 617 4785 Tertullianum
649 4729 682 4785 de
712 4676 883 4799 Praescriptt.
997 4726 1041 4801 ⁴²)
1063 4726 1176 4782 Praelat.
1192 4726 1220 4782 lu
1233 4723 1385 4800 Apotheos.
1404 4739 1450 4781 vv.
1465 4719 1578 4785 imi·
1621 4730 1622 4747 ¹

220 4851 278 4907 cop.
299 4832 357 4891 vu.

282 4943 326 5017 ⁴¹)
345 4941 413 4998 ibid.
435 4956 493 5013 cap.
515 4939 572 4997 XV.
994 4938 1040 5013 ⁴³)
1060 4954 1087 4993 ¹¹·
1108 4938 1157 4994 ³²·
