3300 5402
652 318 796 385 chuno
835 318 860 381 1.
1382 316 1444 379 Μ

83 489 253 571 mundaeque
274 478 494 571 episcoporum,
521 486 598 551 nulla
626 487 655 552 id
677 490 738 552 vari
765 480 906 569 specie⁸⁹
930 483 1129 551 affnmaretur.
1171 484 1256 560 Quod
1276 487 1301 549 si
1321 483 1444 566 plmima

79 604 155 678 sunt,
181 616 253 679 quae
279 616 333 680 pro
361 597 509 661 divinitate
530 597 635 661 Christi
663 597 749 661 biblia
777 599 940 675 continent,
967 595 1042 659 baud
1070 595 1159 658 multo
1188 595 1304 659 censeri
1331 594 1443 656 minora

79 715 211 788 possunt,
232 726 307 790 quae
327 727 381 790 pro
402 707 479 771 Petri
498 710 622 790 primatu
641 707 746 771 iisdem
767 704 1058 788 comprehenduntur.
1100 704 1197 778 Quare
1218 705 1244 767 si
1265 726 1283 767 o
1303 711 1445 767 motuum

78 836 200 879 masere
219 818 264 879 vis
285 817 487 900 probationum
508 816 627 880 iudicari
647 816 767 896 debeat,
791 816 837 879 vel
858 833 934 897 quae
956 831 1008 895 pro
1028 816 1151 894 primatu
1172 821 1294 894 pugnat,
1324 812 1445 893 reliquis

78 925 266 1007 anteferatur,
288 927 335 990 vel
358 926 429 990 nulli
448 934 528 989 certe
547 923 774 1007 posthabobitur.

181 1040 228 1098 tt.
271 1036 380 1099 Verum
401 1053 462 1099 non
483 1054 531 1098 me
553 1034 625 1116 sugit
648 1033 716 1114 quid
736 1034 794 1095 sint
806 1040 1000 1114 protestantes
1021 1031 1206 1112 responsuri:
1227 1029 1445 1112 respondebunt

73 1160 131 1207 non
152 1143 189 1207 de
213 1166 343 1209 austero
363 1152 507 1208 textuum
527 1143 606 1207 litem
628 1161 712 1223 esse,
741 1141 794 1205 sed
823 1142 860 1205 dc
886 1139 1009 1205 ἰΙΙονυη
1031 1147 1248 1220 pmaptcuttote
1273 1148 1364 1220 atque
1386 1147 1444 1204 aet

76 1253 188 1330 datto,
217 1272 234 1316 e
264 1254 369 1335 quibus
392 1253 506 1336 pondus
533 1258 563 1314 et
583 1252 711 1334 gravitas
733 1259 918 1315 enascuntur.
960 1250 1187 1331 Respondebunt
1204 1266 1265 1313 non
1285 1268 1353 1315 esse
1373 1270 1444 1330 sup

73 1361 224 1441 patmus
244 1369 342 1426 textus
364 1361 417 1425 sed
439 1361 660 1438 aestimandos,
688 1378 812 1442 eamque
841 1345 974 1423 caussam
999 1357 1260 1441 comprobandam,
1287 1377 1346 1422 non
1367 1376 1444 1441 quae
1547 1392 1551 1397 ·

72 1469 244 1550 mutatur
271 1471 413 1551 tentibus,
440 1470 495 1535 sed
522 1488 597 1552 quae
623 1469 784 1534 mannua
812 1466 1035 1547 luculentisque
1060 1474 1216 1532 asseratur.
1259 1468 1351 1542 Quam
1384 1485 1443 1550 ego

73 1579 212 1643 lamecu
239 1597 301 1643 non
327 1582 402 1643 meis
428 1580 599 1661 dispungam
627 1578 741 1658 verbis,
770 1579 824 1641 sed
850 1568 952 1640 contre
979 1576 1116 1657 efficiam,
1145 1584 1176 1638 ut
1195 1595 1261 1639 cum
1283 1576 1443 1659 anglicanis

73 1686 225 1770 lutherani,
250 1707 317 1751 cum
338 1688 497 1753 lutheranis
519 1687 681 1767 calviniani,
704 1695 819 1750 etcum
841 1686 887 1749 bis
908 1686 1058 1765 sociniani,
1080 1694 1370 1768 remonstrantesque
1392 1686 1443 1767 de-

75 1804 191 1860 certent.
237 1798 312 1872 Quid
340 1800 429 1880 igitur
450 1797 592 1862 lutherani
614 1799 886 1878 &perspicuitate
906 1803 1005 1878 putant
1032 1816 1136 1859 eorum
1156 1804 1311 1872 textuum,
1341 1795 1445 1877 quibus
1545 1800 1551 1811 '

75 1914 223 1988 susceptae
250 1925 372 1970 caussae
399 1907 437 1969 de
465 1907 648 1987 discrimine,
678 1907 841 1989 potionique
870 1906 1073 1987 episcoporum
1101 1907 1271 1969 auctoritate
1299 1905 1445 1987 anglicani

74 2012 307 2094 patrocinanturl
328 2033 385 2079 una
407 2018 536 2079 omnium
556 2033 615 2078 vox
636 2023 690 2095 est,
712 2015 777 2078 illos
798 2034 866 2078 esse
887 2032 946 2077 non
967 2014 1192 2077 obscurissimos
1213 2012 1311 2092 modo,
1332 2013 1387 2077 sed
1407 2012 1443 2077 ah

75 2140 246 2205 enprorsus
267 2126 398 2188 doctrina
419 2126 627 2204 alienissimos,
648 2118 686 2189 ad
706 2144 791 2206 quam
812 2123 990 2201 firmandam,
1011 2123 1270 2204 stabiliendumque
1292 2122 1328 2187 ab
1350 2123 1444 2205 angli-

77 2234 151 2296 canis
172 2242 354 2316 rumpantur.
397 2234 448 2297 His
476 2234 620 2297 simillima
649 2233 801 2297 calviniani
822 2232 981 2297 lutheranis
1000 2254 1057 2313 pro
1076 2214 1253 2313 praesentio
1271 2232 1351 2296 reali
1372 2251 1443 2297 con·

75 2342 264 2422 undantibus,
285 2351 315 2407 et
336 2344 477 2408 sociniani
495 2343 664 2406 calvinianis
685 2338 1003 2407 maenomenon
1022 2343 1270 2426 propugnantibus
1284 2350 1443 2424 opponunt,

75 2459 235 2533 negantque
256 2451 418 2533 praefracte
439 2451 546 2534 singvdi
565 2451 664 2515 alieni
683 2452 838 2532 quidquam
860 2451 938 2532 quod
954 2469 1076 2514 caussae
1098 2451 1268 2516 stowendae
1290 2452 1442 2515 conducat

77 2556 289 2642 homoquidam
316 2579 376 2644 ego
397 2560 549 2642 descriptis
575 2561 760 2641 recitatisque
781 2558 927 2641 suffragiis
947 2560 1153 2641 ostenderem,
1181 2561 1237 2624 nisi
1259 2568 1359 2625 esseut
1380 2560 1443 2624 vul·

76 2669 233 2750 gutissima,
262 2689 298 2733 uo
321 2670 427 2735 leviter
452 2673 538 2734 etiam
566 2671 685 2734 eruditis
711 2689 750 2733 ex
773 2671 891 2735 historia
918 2669 1149 2751 theologicarum
1178 2670 1443 2734 controversiarum

76 2776 222 2856 explorata,
267 2779 377 2842 Videor
404 2798 478 2862 crgo
506 2779 586 2848 milti¹
605 2779 715 2843 inferre
743 2798 803 2843 non
823 2781 924 2843 iniuria
944 2797 1048 2861 posse,
1077 2776 1148 2841 nibil
1168 2777 1322 2842 admodum
1343 2786 1441 2860 prote·

77 2885 207 2951 normas
228 2895 401 2969 suppetere,
429 2905 487 2969 quo
514 2890 748 2970 perspicuitatem
776 2887 1010 2969 evidentiamque
1032 2894 1176 2966 meum,
1206 2888 1309 2968 quihus
1334 2888 1441 2970 singuli

78 2999 197 3077 dunum,
220 2996 354 3080 gloriose
377 2997 525 3061 extollant.

177 3111 225 3168 te.
267 3105 308 3169 lta
321 3098 381 3185 sil,
410 3105 533 3170 tidenter
552 3105 691 3184 subdent,
720 3105 774 3168 sed
802 3106 866 3187 quis
888 3123 997 3169 coecus
1017 3106 1092 3170 adeo
1115 3115 1160 3169 est
1181 3108 1230 3188 qui
1250 3125 1310 3170 non
1331 3114 1440 3187 cernat,

76 3210 204 3287 primatus
227 3230 361 3276 caussam
384 3233 471 3295 quam
491 3234 545 3279 nos
560 3223 683 3295 tuernur,
704 3215 793 3298 longe
809 3234 877 3278 esse
892 3213 1089 3278 deteriorem?
1110 3216 1338 3298 expositionibus
1359 3235 1440 3278 nnm-

75 3335 126 3399 quo
147 3322 250 3401 quibus
272 3323 433 3401 innitimur,
461 3342 521 3387 non
543 3344 600 3389 una
621 3325 716 3389 solum
737 3326 785 3388 vel
805 3325 897 3390 altera
915 3326 1018 3403 factio,
1042 3326 1096 3389 sed
1116 3343 1219 3389 omncs
1240 3325 1330 3409 globo
1351 3325 1442 3389 veluti

73 3424 142 3491 tuto
167 3430 361 3513 refragantur.
411 3432 605 3516 Rebagantur
634 3434 796 3515 anglicani,
830 3434 1013 3516 refragantur
1040 3434 1183 3499 lutherani
1216 3442 1246 3498 et
1272 3435 1442 3515 calviniani,

72 3550 229 3621 omnesque
242 3539 428 3623 retegantur
447 3550 591 3623 quotquot
605 3540 751 3608 catholico
767 3550 885 3607 numism
905 3564 965 3606 non
981 3553 1154 3607 censentur.
1197 3543 1298 3624 Probe
1313 3543 1440 3607 additum

72 3641 136 3707 illud
160 3656 220 3725 est,
250 3657 394 3728 quotquot
420 3648 566 3714 catholtco
587 3660 707 3715 nomme
726 3674 788 3715 aon
808 3661 978 3715 canentur.
1025 3652 1141 3717 Revera
1162 3654 1240 3717 euim
1262 3674 1314 3717 ana
1336 3674 1440 3717 munes

73 3771 107 3813 oc
124 3754 215 3832 edna,
238 3760 288 3838 qui
309 3746 406 3840 neque
427 3768 503 3837 sunt,
524 3779 621 3843 nequo
643 3760 775 3824 dicuntur
794 3759 942 3837 catholici,
963 3761 1149 3825 adversarios
1171 3764 1345 3844 experimur.
1381 3762 1441 3827 Sed

74 3863 168 3942 quales
189 3864 396 3930 adversarios?
419 3870 468 3950 qui
487 3871 606 3933 nomine
619 3872 647 3902 ⁴⁰
671 3873 734 3952 ipso
748 3888 802 3933 suo
817 3871 1021 3952 gravissimum
1034 3870 1220 3952 sibimetipsis
1233 3871 1442 3952 praeiudicium

75 3980 181 4054 auant,
211 3993 304 4056 seque
329 3975 466 4058 indignos
487 3978 643 4042 ostendvmt
665 3979 769 4062 quihus
786 3997 874 4042 aures
892 3978 1093 4060 praebeantur.
1136 3980 1168 4044 st
1189 3979 1267 4042 enim
1287 3981 1442 4062 appellatio

72 4077 205 4146 catholici
224 4084 292 4145 nola
312 4093 358 4148 est
377 4087 516 4167 veritatis,
538 4087 623 4150 buius
637 4089 756 4170 negatio
777 4094 961 4171 copnomtnis
976 4091 1000 4121 ⁴¹
1023 4096 1135 4151 tessera
1157 4095 1203 4151 est
1223 4090 1333 4153 uronis
1353 4098 1441 4172 atque

132 4282 176 4357 ⁸¹)
198 4283 309 4342 Comtnt
328 4287 395 4343 enim
416 4302 466 4360 pro
487 4294 598 4363 utroque
618 4289 730 4345 articulo
778 4290 915 4364 pellentur.
956 4290 998 4347 Ex
1018 4306 1070 4362 quo
1091 4291 1204 4363 intelligi
1225 4293 1302 4351 datur
1321 4294 1442 4352 ludium·

76 4390 194 4455 panciora
214 4408 328 4448 nmero
353 4408 414 4448 esse
433 4409 502 4465 quae
522 4395 632 4466 abagari
653 4394 729 4451 testi·
778 4395 850 4453 tibus
871 4395 994 4471 arbitris,
1020 4415 1087 4471 quoa
1105 4398 1185 4454 nuda
1203 4400 1318 4473 inpedit
1334 4403 1439 4475 motin,

75 4494 156 4549 monia
176 4503 296 4570 possunt.
778 4504 820 4559 eui
841 4504 879 4559 sit
899 4503 1057 4561 cathoboum
1078 4519 1184 4577 nomen,
1206 4504 1241 4560 ad
1257 4507 1330 4576 qnod
1344 4522 1438 4564 omnes

132 4600 175 4673 ⁴⁰)
194 4601 325 4676 Apposita
345 4604 510 4675 Augustinus
525 4604 558 4661 da
573 4605 650 4661 utilit.
672 4621 728 4660 cre·
778 4608 913 4680 ambiunt,
949 4606 1143 4665 tribuendum.“
1196 4610 1298 4677 Quibus
1331 4613 1438 4682 gannim

77 4699 164 4779 dmdi,
185 4725 242 4783 cap.
258 4709 315 4766 Vll.
336 4726 362 4764 n.
380 4708 431 4766 tu:
472 4711 547 4784 „Una
568 4719 610 4767 est
629 4712 727 4768 code-
776 4714 870 4770 scribit
889 4716 925 4772 da
942 4731 1012 4772 cero
1030 4715 1167 4790 reliqions
1187 4732 1244 4789 cap.
1258 4716 1314 4773 xtt
1336 4705 1362 4775 n.
1379 4717 1424 4776 ta.

75 4805 142 4883 lico,
171 4817 213 4871 oui
239 4815 363 4871 haereses
389 4815 458 4871 aliae
484 4817 590 4873 diversa
619 4819 726 4874 nomina
837 4820 882 4896 ⁴¹)
903 4820 1030 4878 Pantanus
1045 4822 1078 4877 ad
1093 4824 1312 4896 Sympronianum
1326 4824 1404 4898 epist
1417 4825 1438 4881 l.

76 4910 222 4994 imponunt,
261 4937 317 4976 oum
346 4924 420 4994 ipssa
453 4923 574 4994 singulae
602 4926 728 4995 propriis
776 4925 803 4997 S.
824 4926 876 4983 tv:
909 4927 1094 4999 „christianus
1114 4928 1178 4983 mihi
1197 4942 1310 5001 molen,
1337 4929 1437 4987 cuta-

74 5022 221 5098 tttcuhulis,
248 5042 315 5098 quae
334 5043 434 5100 uagam
451 5042 506 5085 uun
527 5028 655 5102 audeant,
681 5047 726 5104 ap-
775 5032 846 5089 licus
864 5046 931 5089 varo
952 5033 1130 5107 cognonen&
1175 5030 1248 5097 onae
1272 5032 1380 5102 malem
1400 5033 1441 5090 sd·
