3324 5382
641 326 787 395 cauus
828 327 870 392 x.
945 312 948 318 ’
1383 332 1444 392 aas

70 499 314 561 resurrectionem
335 513 452 578 quoque
474 495 512 559 ad
532 494 681 577 apostolos
702 495 831 578 loquitur
850 495 968 575 dicens,
997 498 1077 557 sicat
1097 500 1182 558 misit
1201 515 1250 558 rae
1271 492 1385 572 Pater,
1415 504 1444 559 et

70 626 122 690 eqo
140 613 227 669 aritto
248 606 334 669 cos.“
377 604 491 668 Tertius
512 604 627 668 accedit
647 603 781 669 eiusdem
801 604 948 668 africanae
970 602 1116 667 ecclesiae
1138 605 1220 668 testis
1246 604 1444 669 nobilissimus

70 714 185 797 Optatus
199 718 227 751 ⁸⁸
250 713 296 778 his
318 713 432 777 tarbis:
475 713 579 793 „Bono
599 715 716 778 uniatis
737 715 840 778 beatus
861 714 963 777 Petrus
984 761 992 777 .
1010 760 1017 776 .
1032 761 1064 777 ..
1092 721 1123 777 et
1142 713 1285 795 praeferri
1306 714 1445 796 apostolis

70 823 200 888 omnibus
214 824 328 903 meruit,
351 830 381 887 et
394 823 495 886 clares
509 825 597 906 regni
618 823 766 889 caelorum
788 823 1056 887 communicandos
1073 829 1184 886 retem
1206 822 1287 888 solus
1301 826 1445 905 accepit.“

69 933 169 996 ldbum
198 950 274 1015 ergo
302 931 396 996 videri
424 950 484 996 non
513 933 601 997 debet
629 933 708 1016 quod
734 932 956 1015 Augustinus‘²
987 949 1047 997 non
1077 932 1193 997 aliunde
1220 952 1308 1015 quarn
1330 952 1348 997 e
1368 932 1446 998 Petri

71 1042 203 1106 cathedra
224 1039 346 1105 culam
366 1049 561 1107 auctoritatis
581 1043 612 1105 in
631 1042 789 1107 ecclesiam
810 1042 982 1105 catholicam
1002 1041 1186 1123 derivaverit,
1209 1042 1357 1107 scribens:
1391 1044 1447 1124 „lit

71 1152 258 1215 dubitabimus
285 1169 341 1214 nos
368 1152 432 1215 eius
460 1151 607 1215 ecclesiae
635 1151 766 1216 condere
795 1154 927 1236 gremio,
961 1169 1037 1234 quae
1056 1170 1151 1234 usque
1170 1152 1208 1215 ad
1228 1153 1445 1219 cmrlcmionem

72 1264 187 1344 generis
213 1261 333 1325 humani
361 1258 401 1324 ab
427 1259 594 1341 apastoltra
607 1266 635 1297 ⁶⁸
665 1262 739 1327 sede
764 1281 819 1344 per
846 1263 1053 1332 successiones
1080 1263 1305 1344 episcoporum,
1338 1262 1445 1327 frustra

70 1371 220 1436 haereticis
241 1370 523 1435 circumlatrantibus
546 1417 624 1453 ....,
647 1370 767 1435 wrcen
788 1379 984 1437 auctoritatis
1003 1369 1175 1435 οόιίιιιιιϊΡιι

170 1480 311 1562 Sequitur
330 1499 478 1565 nyssenus
501 1479 674 1563 Gregorius,
697 1484 779 1545 cuius
798 1484 854 1546 ista
872 1488 939 1545 sunt
955 1484 983 1517 ”
1005 1482 1195 1546 disertissima
1218 1481 1325 1545 verba:
1360 1480 1445 1559 „Per

70 1587 193 1652 Petrum
222 1592 370 1673 episcopis
400 1588 531 1653 curiam
561 1590 640 1655 dedit
667 1592 766 1656 clares
793 1591 963 1656 caelestium
997 1591 1172 1656 bonorum.“
1223 1590 1327 1673 Neque
1361 1592 1447 1655 aliter

70 1699 183 1764 Siricius
203 1719 239 1763 ac
261 1700 456 1781 Innocentius,
481 1717 604 1781 quorum
625 1699 675 1764 ille
688 1702 717 1736 ‘⁰
742 1703 796 1766 ait:
835 1702 929 1783 „Coun
948 1702 978 1764 in
999 1720 1088 1765 unum
1110 1701 1224 1784 plurimi
1248 1701 1352 1765 fratres
1374 1720 1445 1765 con-

69 1810 250 1873 venissemus
271 1809 309 1873 ad
326 1811 419 1872 sancti
432 1808 510 1872 Petri
531 1810 654 1891 apostoli
675 1810 823 1894 reliquias,
843 1832 899 1891 prr
921 1830 1010 1892 quem
1031 1818 1061 1875 et
1080 1812 1259 1892 apostolatus
1280 1819 1311 1875 et
1331 1814 1446 1894 episco-

69 1925 147 1999 patus
172 1921 202 1982 in
224 1919 340 1983 Christo
370 1920 468 2000 coepit
495 1919 678 1982 exordium.“
729 1920 917 1985 Innocentius
944 1940 1018 1985 uero
1036 1924 1062 1955 ‘¹
1095 1921 1212 1984 scribit:
1253 1921 1446 2002 „lucipiamus

69 2029 153 2109 igitur
178 2028 334 2092 adiurante
362 2035 464 2091 sancto
490 2029 624 2111 apostolo
643 2028 745 2109 Petro,
774 2052 831 2110 par
852 2051 940 2111 wear
961 2038 991 2093 et
1010 2031 1188 2112 apostolatus
1210 2038 1240 2094 et
1260 2032 1446 2113 episcopatus

69 2137 228 2202 inchrista
259 2140 356 2220 caepit
383 2139 564 2202 exordium.“
613 2138 724 2213 Quibus
753 2146 820 2203 sunt
848 2140 903 2203 ista
929 2139 1074 2204 simillima
1095 2141 1132 2204 ad
1153 2141 1309 2222 episcopos
1332 2140 1446 2203 cartha·

70 2248 206 2328 giniensis
235 2248 366 2327 concilii,
396 2266 484 2329 quum
505 2266 558 2312 eos
580 2247 648 2311 inde
669 2247 767 2311 laudat
787 2248 866 2329 quod
887 2266 941 2311 sua
962 2247 999 2311 ad
1020 2249 1113 2330 ipsum
1137 2248 1257 2312 decreta
1278 2249 1444 2313 relerentes

71 2363 99 2418 et
117 2366 260 2439 antiquae
281 2358 455 2422 traditionis
477 2355 617 2437 wemalet
640 2363 849 2434 amaverint,
877 2365 906 2421 et
923 2360 950 2392 ‘²
974 2357 1029 2421 sibi
1051 2365 1233 2440 compertum
1254 2375 1322 2422 esse
1346 2365 1446 2421 osten·

71 2464 175 2550 derint,
210 2468 302 2551 „quid
330 2467 407 2532 Petri
434 2468 498 2532 sedi
526 2465 683 2546 debeatur,
711 2488 732 2529 a
754 2487 813 2546 quo
840 2468 904 2548 ipse
933 2469 1117 2549 episcopatus
1145 2474 1175 2531 et
1200 2473 1260 2530 tota
1289 2470 1446 2532 auctoritas

72 2578 189 2641 nominis
217 2578 306 2641 huius
336 2577 488 2640 emersit“
539 2576 622 2639 Unde
650 2574 823 2639 arelatensis
850 2575 1004 2637 Caesarius
1032 2578 1070 2638 ita
1099 2575 1343 2659 Symmachum‘³
1373 2577 1446 2641 allo·

74 2694 170 2765 qrmtus
190 2695 254 2751 est:
275 2687 378 2768 „Sicut
391 2708 410 2749 a
423 2705 557 2766 ausono
578 2684 656 2748 beati
675 2684 753 2748 Petri
773 2683 897 2767 apostoli
919 2685 1105 2766 episcopatus
1124 2686 1244 2767 initium,
1264 2687 1302 2749 ita
1318 2704 1445 2749 necesse

72 2801 114 2856 est
132 2803 162 2858 ut
181 2796 346 2878 disciplinis
362 2794 594 2877 competentibus
615 2794 759 2860 Sanctitas
783 2794 889 2858 Vestra
916 2793 1040 2876 singulis
1069 2793 1221 2876 ecclesiis,
1250 2795 1318 2877 quid
1341 2796 1444 2859 obser·

71 2921 137 2967 aare
158 2906 302 2986 debeant,
326 2905 480 2969 euidenter
500 2903 665 2967 ostendat“
725 2941 728 2946 -

169 3015 217 3079 Ab
237 3015 285 3079 bis
306 3032 378 3078 vcro
400 3033 439 3077 ne
460 3014 609 3077 levissime
632 3013 750 3095 quidem
772 3014 913 3078 dissident
935 3014 998 3077 sive
1019 3015 1075 3077 ista
1089 3016 1117 3048 ⁶⁴
1140 3014 1297 3078 Bonifatii:
1340 3015 1444 3097 „lasti-

72 3124 139 3186 tutio
158 3124 333 3189 universalis
353 3124 502 3187 nascentis
522 3123 669 3187 ecclesiae
693 3125 731 3187 de
753 3122 835 3188 beati
855 3120 946 3187 Petri
972 3125 1095 3205 sumpsit
1121 3121 1235 3188 boam
1263 3126 1443 3207 principium,

72 3232 99 3293 in
118 3252 174 3314 quo
192 3237 331 3317 regimen
353 3235 418 3297 eius
439 3242 469 3297 et
489 3251 601 3296 summa
624 3235 772 3317 consistit3
800 3255 843 3297 aa
863 3240 930 3297 ears
958 3235 1036 3298 eninr
1065 3234 1266 3298 ecclesiastica
1295 3235 1445 3317 disciplina

70 3362 123 3420 per
142 3365 246 3408 aranea
268 3343 432 3421 ccclesias,
462 3343 615 3425 religionis
635 3344 693 3405 iam
714 3350 869 3407 crescente
898 3344 1024 3422 cultura,
1052 3341 1144 3426 sonte
1171 3347 1327 3408 manavit“
1376 3345 1444 3411 Siva

75 3450 165 3515 ista‘⁵
196 3455 296 3536 magni
325 3453 450 3516 Leonis:
492 3452 544 3533 „si
571 3451 640 3535 quid
668 3451 764 3516 divina
791 3451 920 3534 dignatio
948 3469 1015 3515 curn
1041 3470 1079 3516 eo
1101 3453 1216 3532 (Petro)
1242 3473 1397 3518 commune
1413 3456 1441 3488 ⁶⁶
1497 3528 1500 3533 .

73 3565 175 3626 ceteris
196 3564 286 3627 voluit
315 3582 384 3628 esse
409 3559 603 3644 principibus,
633 3579 791 3643 numquam
819 3568 881 3624 nist
903 3581 960 3640 per
985 3567 1086 3640 ipsura
1114 3563 1193 3627 dedit
1218 3564 1356 3645 quidquid
1382 3563 1445 3627 aliis

72 3687 128 3732 non
147 3673 296 3755 negavit“
337 3672 373 3734 Et
394 3672 431 3734 de
451 3671 625 3733 charismate
645 3668 860 3752 praedicandae
874 3671 1005 3733 veriatis
1022 3671 1174 3735 subdit⁶⁷r
1203 3672 1294 3736 lluius
1315 3674 1444 3735 muneris

73 3790 283 3846 aacmmenmm
302 3783 341 3845 ita
358 3780 499 3844 Dominus
520 3778 557 3842 ad
579 3780 708 3842 omniurn
730 3778 926 3861 apostolorum
952 3777 1079 3841 ollicium
1105 3780 1252 3862 pertinere
1280 3781 1385 3861 voluit,
1414 3788 1445 3843 ut

131 3990 175 4065 ⁸⁸)
196 3992 260 4049 Gon.
282 3991 401 4049 lacman.
422 3990 469 4048 lib.
483 3991 541 4048 vll.
563 4007 621 4064 cap.
635 3990 679 4047 lll.
843 3989 888 4065 Μ)
915 3990 955 4046 ct.
975 3990 1045 4046 Petri
1067 3989 1216 4047 coustantii
1236 3991 1444 4047 admonitionem

130 4097 173 4171 ³⁷)
193 4098 233 4155 De
246 4098 325 4156 utilit.
337 4097 472 4172 credendi,
487 4095 635 4170 capllVlL
649 4096 731 4153 nid.
782 4097 808 4152 iu
829 4096 907 4169 epist.
927 4095 1024 4153 xxti.
1048 4096 1203 4155 hoocentii.

132 4202 176 4278 ⁵⁸)
206 4204 279 4273 Oura
305 4211 448 4278 propterea
474 4219 529 4260 noa
555 4203 617 4260 idac
645 4202 731 4259 solum
845 4198 891 4278 ⁸³)
910 4201 990 4276 Apud
1009 4202 1108 4279 labbe,
1130 4204 1160 4262 Τ.
1173 4204 1207 4261 v.
1228 4219 1290 4277 pag.
1304 4200 1371 4260 tat.

76 4309 224 4378 quatuo
243 4312 354 4383 dicitur,
375 4308 448 4383 quod
467 4309 549 4366 luerit
568 4308 601 4364 ab
622 4316 732 4383 aposto·
843 4306 888 4382 Η)
908 4307 995 4381 Epist.
1014 4309 1085 4367 xiv.

74 4407 105 4464 lis
123 4413 250 4490 instituis,
271 4417 456 4474 verumetiam
470 4413 543 4489 quod
558 4415 732 4490 pisatitudr'ras
844 4411 890 4488 ⁶⁵)
911 4413 996 4470 Serm.
1009 4415 1056 4473 lv.
1074 4417 1101 4472 in
1115 4416 1203 4472 anniv.
1218 4414 1356 4488 Assumpt
1369 4429 1444 4488 auae,

76 4520 239 4589 mambrae
258 4524 432 4581 securitatis
450 4521 572 4579 excellat.
781 4534 838 4592 cap.
859 4519 892 4577 ll.

132 4625 176 4701 ⁸⁹)
200 4627 273 4686 Orat.
295 4628 356 4686 adr.
377 4643 426 4686 eos
446 4629 491 4702 qui
510 4627 731 4702 reprehensiones
843 4623 888 4700 ⁸⁶)
920 4625 1095 4683 Praemiserat
1119 4626 1206 4682 euim:
1246 4627 1336 4698 muas
1358 4625 1446 4683 multa

78 4740 154 4800 tegre
172 4732 266 4792 lerant.
780 4730 855 4789 sciara
873 4730 970 4789 Petraia
989 4735 1138 4809 crepuit,
1157 4732 1229 4791 ailrr'l
1240 4734 1272 4789 ia
1285 4747 1445 4809 maai

136 4834 180 4911 ⁶⁰)
198 4837 283 4912 Epist
304 4839 339 4897 sd
358 4840 502 4914 episcopos
521 4838 638 4897 Abiere.
780 4839 836 4896 oiri
854 4839 941 4912 quus
957 4842 1174 4917 participatione
1193 4839 1329 4898 troadait

134 4939 178 5017 ⁶¹)
197 4944 282 5019 Epist.
303 4946 336 5004 ll.
361 4946 395 5003 ad
415 4946 572 5004 vicutciun
595 4944 732 5003 rothoma·
843 4944 889 5022 Μ)
901 4944 1033 5020 Epistll.
1047 4947 1082 5004 ad
1096 4948 1239 5023 episcopos
1252 4945 1330 5001 Pron.
1348 4941 1443 4999 Viaca.

78 5056 190 5113 iurem
209 5067 235 5108 n.
249 5051 277 5109 2.
781 5068 839 5128 cap.
861 5052 883 5110 l.
