3258 5400
590 336 736 407 CAPUT
776 339 900 407 XVIII.
1382 343 1442 404 1⁷³

76 522 110 568 eo
128 504 204 587 quod
224 525 241 569 a
263 506 370 570 ceteris
393 507 520 570 mittatur
539 508 695 590 apostolis:
718 510 801 591 quasi
823 508 968 572 interioris
989 509 1104 570 numeri
1126 507 1163 570 sit
1176 506 1328 571 habendus
1347 507 1374 571 is
1395 508 1445 589 qui

74 615 200 697 mittitur,
228 615 266 678 ab
294 616 413 698 eisqui
440 618 580 680 miserunt
610 618 699 681 illum.
743 618 861 701 Sopiunt
881 619 936 700 ipsi
958 617 1015 680 bac
1039 618 1169 698 ratione,
1198 626 1228 680 et
1252 616 1330 680 idem
1349 617 1445 681 dicant

73 724 145 806 quod
164 725 267 789 Anus:
310 724 428 807 Filium,
458 728 536 808 quod
563 747 580 791 a
602 728 686 792 Patre
706 730 744 792 sit
764 731 885 810 missus,
913 746 981 792 esse
1002 727 1086 790 Patro
1106 728 1259 790 minorem.
1302 726 1444 809 lgnorare

71 835 182 917 insuper
208 836 420 899 conducuntur
452 837 600 918 complura
625 840 655 901 in
677 839 819 922 scripturn
848 837 960 919 divina,
988 844 1018 900 et
1041 838 1193 899 innumera
1221 854 1297 918 quae
1319 845 1386 900 sunt
1407 836 1443 900 de

71 942 111 1006 bis
130 946 160 1007 in
178 945 309 1026 profanis
330 948 445 1029 scriptis
466 946 615 1029 exemplu:
645 947 750 1030 quibus
770 951 841 1012 sutis
862 965 1009 1031 superque
1029 947 1214 1028 perspicuum
1235 945 1379 1027 redditur,
1408 945 1445 1010 od

71 1072 103 1117 ea
122 1072 196 1136 quae
219 1057 339 1120 memmi
360 1058 488 1121 omnium
510 1059 572 1121 visu
601 1064 668 1120 sunt
696 1075 764 1121 esso
786 1059 924 1120 momenti
945 1056 1131 1138 peragenda,
1160 1057 1208 1138 qui
1230 1057 1304 1119 inter
1324 1063 1440 1120 ceteros

70 1165 216 1245 primatum
240 1173 396 1248 gererent,
425 1165 539 1249 legatos
569 1167 691 1230 missos:
719 1184 785 1229 oum
813 1168 868 1249 ipsi
888 1183 947 1228 non
968 1167 1012 1228 sic
1033 1165 1151 1248 quidem
1175 1169 1246 1228 mitti
1267 1166 1443 1247 dicerentur,

71 1276 145 1356 quasi
172 1294 189 1338 a
218 1276 331 1339 maiore
353 1278 500 1366 minores,
531 1283 613 1341 etot
634 1296 652 1340 a
677 1276 795 1339 domino
816 1274 937 1356 subditi,
966 1274 1020 1337 sed
1041 1274 1120 1356 quod
1142 1283 1318 1357 rogarentur
1338 1275 1376 1340 ob
1396 1295 1444 1340 su·

69 1383 150 1447 lutem
178 1385 310 1449 omnium
340 1405 405 1449 eum
435 1389 585 1470 suscipere
605 1386 793 1449 functionem.
836 1384 992 1450 Subiiciam
1014 1385 1052 1449 de
1072 1384 1125 1448 bis'
1139 1384 1260 1448 alterum
1283 1404 1322 1449 ex
1341 1387 1443 1467 veteri,
1543 1462 1548 1469 ,

69 1493 184 1558 ulterum
207 1512 282 1558 vero
304 1513 343 1558 ex
363 1513 440 1559 nouo
462 1504 636 1562 testamento
658 1495 842 1580 exemplum,
862 1493 965 1558 addam
988 1502 1018 1557 et
1038 1496 1153 1557 tertium
1176 1513 1215 1557 ex
1234 1502 1354 1557 auctore
1376 1514 1443 1577 pro-

70 1602 147 1688 luno,
175 1613 208 1669 ut
236 1624 286 1670 res
314 1607 393 1669 omni
419 1607 626 1689 scripturarum
653 1624 766 1689 genere
786 1612 890 1669 testato
908 1603 1055 1667 reddatur.
1097 1603 1219 1685 Legitur
1240 1605 1269 1667 in
1290 1606 1390 1686 primis
1413 1606 1442 1667 in

69 1714 136 1779 libro
161 1716 256 1780 Josue
270 1718 311 1796 ⁷²,
332 1714 407 1779 tilios
428 1716 535 1797 lsrael,
564 1724 597 1779 ut
617 1718 655 1781 de
675 1735 710 1780 re
732 1732 852 1797 magna,
881 1712 919 1777 ud
939 1711 1173 1794 investigandum
1194 1712 1232 1776 de
1253 1713 1335 1777 altari
1365 1714 1443 1795 quod

68 1832 140 1890 truns
161 1808 323 1890 Jordanem
344 1833 501 1890 erexerant
520 1827 570 1890 lilii
590 1826 694 1890 Ruben
721 1834 752 1889 et
772 1824 834 1888 Ged
862 1831 892 1887 et
912 1822 1009 1886 media
1029 1821 1120 1885 tribus
1142 1821 1293 1887 llanasses
1314 1824 1444 1886 interra

69 1933 187 2015 Galaud,
209 1936 326 1998 misisse
347 1934 492 2017 Phineen,
522 1939 570 2018 qui
592 1935 754 1999 habebatur
775 1935 904 1998 omnium
925 1934 1077 2015 princeps,
1107 1939 1136 1995 et
1157 1932 1261 1995 decem
1284 1932 1372 2012 ulios,
1395 1933 1445 2013 qui

69 2044 233 2128 meingulis
248 2044 352 2108 decem
368 2046 498 2110 tribubus
512 2047 666 2128 primatum
680 2045 833 2128 gerebant.
865 2045 991 2108 Rursum
1004 2041 1091 2104 simili
1104 2041 1172 2105 bulo
1187 2051 1312 2126 urgente
1328 2061 1442 2123 caussa,

69 2153 101 2217 ad
121 2155 350 2237 perquirendum
372 2154 441 2237 quid
462 2154 680 2238 degentilibus,
702 2158 751 2239 qui
773 2156 887 2219 Christo
909 2155 1074 2234 crederent,
1096 2152 1243 2235 agendum
1262 2160 1352 2234 esset,
1375 2172 1443 2215 num

70 2265 234 2330 circumcidi
253 2263 409 2328 deberent:
431 2272 500 2328 tuno
521 2268 570 2349 qui
592 2274 675 2329 erunt
688 2266 863 2330 Antiochiae
884 2264 997 2345 fideles,
1016 2263 1134 2327 Paulum
1155 2272 1184 2326 et
1204 2263 1373 2347 Barnubom
1390 2263 1443 2326 mi-

1 2421 2 2444 ,
68 2383 164 2438 serunt
191 2375 230 2439 ud
256 2374 466 2438 consulendum
493 2375 641 2457 apostolos
669 2375 899 2460 lerosolymam,
935 2374 1014 2457 quod
1045 2392 1069 2436 s.
1099 2373 1192 2437 Lucas
1207 2376 1234 2408 ¹³
1265 2381 1386 2437 testetur
1415 2376 1445 2437 in

67 2483 152 2548 Actis.
196 2483 258 2551 Sed
277 2483 344 2567 quid
365 2484 504 2567 profanus
526 2492 643 2566 auctor,
670 2487 756 2548 etiam
782 2486 812 2548 in
833 2484 878 2548 bis
899 2503 975 2567 quae
996 2491 1061 2547 sunt
1083 2484 1269 2567 iudaeorum,
1298 2484 1443 2567 Josephus

69 2594 184 2658 iudaeus
204 2594 330 2658 inbono
351 2596 566 2659 sententium⁷⁴
591 2594 714 2677 scribat,
742 2593 919 2657 adducamus
942 2595 972 2657 in
998 2594 1135 2658 medium.
1177 2595 1306 2659 ludaeos
1328 2613 1443 2676 nempe,

70 2706 115 2785 qui
134 2713 219 2770 erent
238 2703 440 2786 lerosolymis,
462 2722 549 2785 quum
571 2705 712 2768 aduersus
734 2704 895 2787 Agrippam
916 2723 1000 2768 suum
1022 2706 1150 2786 ipsorum
1171 2720 1285 2788 regern,
1307 2724 1363 2767 neo
1385 2722 1444 2766 non

70 2813 207 2878 adversus
225 2813 343 2876 Festum
367 2814 533 2894 praesidem
553 2833 686 2877 caussam
708 2813 860 2894 baberent,
884 2815 999 2877 misisse
1019 2814 1141 2877 llomem
1163 2814 1199 2877 ad
1219 2814 1368 2879 Neronem
1390 2814 1444 2875 im-

68 2930 231 3003 peratorem
257 2941 317 2986 non
337 2923 432 2986 solum
453 2943 492 2987 ex
512 2923 684 3006 primoribus
704 2924 874 2987 iudaeorum
898 2923 1001 2987 decem
1028 2924 1157 3007 legatos,
1184 2924 1238 2988 sed
1260 2930 1289 2986 et
1314 2940 1380 2984 curn
1400 2921 1443 2983 eis

69 3030 218 3097 ismaelem
241 3050 385 3096 summum
407 3033 582 3116 pontificem,
605 3041 635 3097 et
657 3035 706 3115 qui
726 3033 796 3096 huic
816 3033 964 3097 secundus
986 3033 1089 3096 ordine
1110 3032 1272 3110 uidebatur,
1295 3029 1442 3094 chelciam

70 3146 139 3207 sacri
161 3143 315 3209 custodem
337 3145 451 3207 aerarii.
493 3142 572 3206 Ecce
593 3160 679 3223 quam
701 3142 833 3207 invalidis
856 3150 886 3205 et
905 3142 991 3224 plane
1005 3141 1203 3205 inefficacibus
1224 3140 1382 3204 rationibus
1403 3138 1444 3201 illi

71 3251 232 3318 obnituntur
253 3255 283 3316 in
303 3255 457 3336 primatum
480 3252 570 3333 Petri,
598 3269 663 3314 oum
690 3254 819 3315 omnium
849 3253 1010 3334 principem
1038 3252 1142 3315 eadem
1168 3251 1244 3315 baec
1264 3251 1365 3333 ipsau
1391 3250 1442 3314 de-

71 3360 178 3429 clarare
201 3364 384 3428 uideantur.“

128 3565 173 3641 ⁷²)
195 3566 255 3623 los.
276 3563 357 3621 xxtt
774 3568 918 3638 propterea
937 3561 1007 3618 Petri
1031 3563 1191 3619 ouctmbete
1212 3576 1280 3636 opus
1301 3563 1392 3637 inisse,
1413 3568 1442 3618 ut

126 3671 171 3747 ⁷³)
193 3672 254 3728 Aet.
275 3670 333 3727 xv.
777 3669 811 3725 ab
837 3670 871 3725 iis
896 3686 931 3725 ex
958 3668 1112 3725 iudaeorum
1138 3674 1218 3740 ponte
1246 3671 1290 3742 qui
1311 3669 1345 3726 nd
1365 3668 1441 3725 Cbri·

126 3778 171 3854 ²⁴)
193 3776 333 3850 Antiqmtt„
354 3775 435 3832 llebr.
455 3774 502 3831 lib.
523 3774 556 3831 ll.
578 3791 635 3848 oop.
656 3773 714 3832 vlt
777 3781 847 3832 strum
866 3781 1044 3848 accusarem,
1064 3775 1091 3830 iu
1111 3792 1190 3832 unum
1211 3776 1334 3847 idemque
1353 3777 1442 3831 socie-

128 3883 173 3959 ⁷⁵)
194 3884 351 3940 Praesertim
377 3883 401 3938 si
426 3888 454 3938 et
482 3881 545 3938 illud
573 3880 729 3953 attendatur,
779 3882 842 3937 tutis
863 3895 961 3953 corpus
986 3883 1174 3955 reciperentur.
1215 3881 1255 3937 Ci.
1277 3880 1442 3937 Archaeolo·

72 3985 220 4047 inimicitias
255 3990 363 4045 omnino
393 3989 580 4044 acerbissimas
617 3986 727 4043 iudaeos
776 3988 848 4057 mam
883 3985 1027 4061 biblicum,
1063 3994 1173 4045 aucwre
1207 3987 1328 4043 lobrnno
1357 3986 1440 4061 labo,

71 4091 134 4151 iuter
157 4097 389 4168 samerituoosque
413 4095 550 4166 extitisse,
573 4108 728 4165 summeque
779 4091 805 4165 s.
827 4091 895 4149 ³26.
