3258 5400
181 271 242 331 ιιι
592 352 599 365 ,
703 267 836 333 amna
876 267 1043 335 omnus

180 437 300 502 στόλων
320 440 465 517 πιριέχιι
496 434 582 501 Acta
605 435 812 518 apostolorum
831 435 881 501 to
901 436 979 501 liber
998 443 1135 515 νοσιιιιι,
1158 444 1301 517 quodam
1317 444 1404 520 qesta
1423 443 1539 501 αιιιάιιιι

179 544 275 609 ιιιιιιιὶ
292 544 500 625 apostolorum
520 555 661 611 coatiact.

289 662 356 720 loo.
399 655 472 721 Sunt
498 657 553 719 ista
582 657 752 736 verissima,
781 657 876 721 minus
903 665 1001 722 omen
1031 675 1117 740 quam
1144 676 1199 740 par
1223 657 1314 737 foret,
1345 656 1488 719 enucleata
1516 664 1540 720 et

180 766 415 849 ebcumsoripta,
447 773 534 847 atque
562 764 637 828 adeo
658 765 837 847 huiusmodi,
867 785 943 849 quac
963 768 1021 830 νὶιιι
1043 768 1134 848 ipsam
1156 766 1238 847 libri,
1267 785 1303 829 ac
1323 783 1412 847 prope
1432 767 1539 827 οικονο

179 876 257 956 μίαν
277 894 337 938 non
357 876 472 958 penitius
493 874 651 938 declarant.
695 874 779 948 ouoo
800 875 838 938 de
858 877 893 938 iis
910 877 997 939 etiam
1012 875 1204 958 repetendum
1220 875 1353 957 arbitror,
1375 893 1449 956 quae
1464 875 1541 957 cory-

179 992 326 1048 sostcmus
343 988 367 1019 ¹⁷
398 984 535 1065 affirmat,
568 984 636 1047 dum
669 1002 803 1048 caussam
832 986 967 1066 aperiens
996 1002 1071 1066 quac
1102 986 1217 1067 priscos
1244 985 1390 1048 ecclesiae
1418 986 1541 1049 antistites

178 1096 336 1176 permovit,
364 1102 396 1157 ut
412 1094 557 1177 publicam
583 1093 725 1157 Actorum
744 1094 900 1157 lectionem
921 1093 1025 1157 diebus
1052 1093 1256 1176 adsigrmrent,
1286 1112 1361 1175 quac
1382 1092 1481 1156 curisti
1498 1089 1542 1155 τὸν
1618 1140 1619 1143 ,

179 1201 316 1285 σταυρὸν
343 1204 397 1267 καὶ
423 1203 478 1282 τήν
503 1202 675 1268 ἀνάστασιν
703 1210 939 1286 consequuntur,
971 1203 1075 1285 inquit:
1118 1205 1197 1285 „Cur
1222 1204 1310 1285 igitur
1337 1221 1397 1266 non
1424 1202 1470 1265 illa
1493 1210 1542 1265 bun
1618 1222 1619 1255 ι

180 1316 260 1394 (post
280 1314 373 1375 sancti
391 1314 512 1397 Spiritus
534 1315 704 1391 adventum)
725 1314 874 1395 legamus,
895 1313 950 1377 sed
971 1315 1067 1376 statim
1087 1320 1154 1394 post
1175 1331 1293 1376 crucem
1316 1319 1347 1374 et
1367 1315 1542 1375 resurrectio
1618 1346 1619 1363 ι

181 1442 265 1504 nem,
291 1442 424 1487 caussam
446 1443 564 1489 omnem
586 1424 743 1506 diligenter
764 1423 911 1486 attendite.
954 1422 1055 1488 Statim
1076 1430 1143 1504 post
1163 1440 1292 1504 crucem,
1311 1424 1542 1485 resurrectionen
1616 1438 1619 1475 τ

150 1527 155 1537 ’
179 1533 283 1598 Christi
312 1536 536 1615 annunciamus,
564 1535 617 1609 τῆς
646 1529 682 1595 δὲ
711 1528 915 1608 ἀναστάσεως
942 1529 1101 1610 ἀπόδειξις
1122 1536 1183 1595 ἐστι
1210 1525 1250 1596 τά
1274 1536 1388 1610 σημεῖα
1415 1523 1453 1594 τά
1479 1528 1567 1614 aaa,
1617 1552 1619 1587 1

178 1642 320 1720 στολικά,
349 1646 413 1708 τῶν
441 1642 476 1707 δὲ
503 1643 639 1724 σημείων
663 1640 881 1706 ἀποστολικοῖν
912 1640 1131 1706 διδασκαλιῖόν
1158 1646 1223 1705 ἐστι
1243 1643 1335 1705 τοῦτο
1362 1640 1398 1704 τὸ
1418 1639 1542 1723 βιβλιον.
1616 1660 1619 1699 ι

178 1744 199 1815 ὃ
223 1755 327 1817 τοίνυν
353 1752 494 1835 μάλιστα
520 1754 680 1815 πιστοῦται
699 1745 755 1828 τήν
781 1748 954 1816 ἀνάστασιν
974 1745 1029 1829 τάν
1049 1748 1249 1827 δεσποτικήν,
1277 1752 1370 1813 τοῦτο
1397 1742 1476 1830 perd
1501 1746 1543 1811 τὸν
1616 1772 1619 1810 ι

139 1948 143 1960 .
177 1861 313 1943 σταυρὸν
334 1864 387 1928 καὶ
409 1856 465 1940 τήν
486 1859 656 1947 ζωηιγόρον
677 1860 852 1926 ἀνάστασιν
871 1859 996 1936 εὐθέως
1023 1861 1053 1923 ol
1074 1865 1203 1940 πατέρες
1225 1859 1463 1941 ἐνομοθετησαν
1481 1857 1545 1923 ἀνα-
1616 1882 1619 1919 ι

177 1970 414 2053 γινώσκεσθαι
440 1990 529 2056 porro
552 1971 760 2036 demonstratio
781 1972 1006 2036 resurrectionis
1026 1970 1166 2033 miracula
1188 1978 1256 2033 sunt
1277 1971 1455 2054 apostolica;
1475 1974 1547 2049 atpd

1616 1992 1619 2029 l

177 2078 255 2143 ndat
279 2079 368 2144 aliud
391 2091 437 2145 ιιι
464 2080 544 2145 liber
571 2087 645 2158 ιἰισ,
680 2102 773 2160 poam
788 2079 1035 2160 ἰγοιιολισοιιιιιι
1061 2077 1166 2143 auleolo
1192 2079 1427 2143 οιινιισιιιονασι.
1474 2078 1545 2154 Ouod
1614 2102 1619 2140 t

177 2191 265 2272 igitur
286 2190 450 2256 dominicae
470 2192 694 2254 resurrectionis
716 2193 842 2254 maxime
868 2190 956 2254 fidem
984 2190 1068 2271 facit,
1094 2189 1153 2253 boc
1180 2191 1275 2253 statim
1301 2198 1369 2273 post
1391 2196 1547 2255 crucemel
1617 2214 1619 2243 ι

177 2299 253 2362 vitae
274 2299 452 2383 largitricem
474 2301 722 2363 resurrectionem
742 2309 840 2384 patres
861 2300 921 2383 legi
943 2298 1135 2363 debuerunt.“
1177 2298 1205 2361 Α
1233 2299 1337 2380 quibus
1358 2302 1409 2364 vix
1430 2303 1481 2364 ista
1500 2298 1545 2362 dll-

178 2407 274 2471 lerunt
304 2429 380 2491 quae
397 2410 474 2473 'alibi
490 2413 516 2444 ¹⁸
545 2410 657 2473 scribit:
700 2408 795 2488 „Kal
820 2403 999 2492 γάρτοῦτο
1020 2405 1155 2489 μάλιστά
1180 2412 1245 2471 ἐστι
1265 2409 1350 2472 τουτὶ
1371 2407 1408 2473 τὸ
1426 2408 1546 2494 βιβλίον,

178 2513 336 2595 ἀπόδειξις
364 2516 583 2595 ἀναστάσιας.
609 2518 722 2584 τούτου
746 2519 984 2593 ἀνατιθέντος,
1012 2515 1081 2601 dorp
1106 2519 1159 2581 καὶ
1185 2512 1224 2582 td
1251 2512 1333 2582 ἀλλα
1360 2518 1545 2602 προάβιιιιιν.

178 2623 226 2689 ‘H
239 2626 299 2707 plu
320 2620 377 2691 οὖν
399 2628 565 2705 ἀπόθεσις,
587 2631 640 2693 καὶ
659 2631 677 2693 ὁ
698 2632 755 2693 τοῦ
773 2627 897 2713 βιβλίου
919 2627 1037 2702 σκοπὸς
1051 2623 1147 2701 ἅπας,
1168 2623 1214 2701 οἱς
1231 2620 1273 2691 ἄν
1294 2648 1339 2702 τις
1361 2630 1547 2711 παχνμιριάς
1618 2660 1619 2690 ι

179 2731 348 2821 συλλαβών
368 2736 464 2817 ciana,
493 2733 585 2813 οὗτος
612 2737 748 2822 μάλιστά
773 2743 864 2803 ἐστιν.
906 2740 961 2802 llic
982 2740 1088 2821 quippe
1109 2736 1184 2799 liber
1206 2737 1335 2818 inprimis
1358 2748 1405 2802 est
1426 2756 1546 2803 resume
1616 2766 1619 2797 t

180 2848 283 2910 ationis
311 2847 535 2917 demonstratio:
566 2869 622 2932 qua
651 2849 775 2931 credita,
803 2857 903 2913 cetera
930 2848 1016 2912 facile
1037 2846 1205 2911 succedunt
1224 2844 1463 2929 'Mgumentum
1484 2865 1548 2928 ergo
1618 2878 1619 2903 ι

49 2974 56 2985 ’
179 2964 209 3018 et
232 2975 341 3040 scopus
360 2957 445 3021 huius
466 2959 546 3040 libri,
566 2967 598 3023 ut
620 2962 785 3023 summatim
806 2960 918 3039 dicam,
938 2958 987 3022 hic
1007 2960 1187 3039 potissimum
1210 2957 1286 3020 est.“
1396 2958 1407 2973 ³

287 3071 355 3129 170.
399 3066 459 3132 Sed
493 3086 591 3149 neque
620 3075 739 3143 σκοπὸς
766 3068 1011 3133 demonstrandae
1039 3068 1263 3131 resurrectionis
1296 3086 1314 3129 e
1341 3066 1410 3130 libri
1435 3068 1549 3130 lectione

179 3174 421 3257 deprehenditur:
443 3194 541 3257 neque
561 3177 635 3240 liber
655 3181 719 3262 ipse
741 3181 857 3244 censeri
877 3186 974 3261 potest
992 3177 1200 3242 miraculorum
1221 3172 1373 3257 συλλογή,
1396 3196 1487 3258 quom
1506 3176 1552 3238 mi·

178 3284 276 3347 rocula
297 3303 366 3366 pars
386 3287 458 3367 sint,
479 3305 577 3368 neque
598 3290 718 3351 ommno
742 3290 867 3352 maxima
889 3306 1001 3368 corum,
1024 3286 1128 3368 qubus
1149 3285 1225 3349 liber
1246 3288 1440 3367 componitur.
1480 3285 1550 3366 Ergo
1612 3314 1619 3353 ,ι

178 3413 217 3457 ne
245 3392 313 3456 vitio
342 3402 489 3459 vertemus
510 3395 735 3479 chrysostomo,
767 3397 845 3481 quod
875 3400 904 3461 in
932 3396 1098 3460 definiendo
1118 3395 1259 3459 Actorum
1281 3413 1372 3478 scopo
1399 3398 1552 3459 averiutc

179 3501 353 3567 deflexerit?
381 3508 598 3569 accusationem
629 3508 724 3570 minus
743 3526 867 3589 aequam
888 3506 938 3569 ille
966 3525 1039 3570 ase
1061 3506 1249 3589 deprecatur,
1277 3504 1345 3567 dum
1371 3506 1487 3568 scribit:
1514 3499 1552 3577 ἀς
1618 3542 1619 3551 1

180 3606 222 3676 ἀν
248 3635 293 3687 τις
319 3618 514 3696 παχνμεριῦς
531 3617 557 3649 ¹⁹
580 3609 747 3697 συλλαβών
768 3617 863 3680 stane.-
892 3634 968 3698 quae
991 3616 1190 3699 negligentius
1209 3614 1445 3679 blontfauccnius
1465 3614 1551 3689 vertit,

178 3729 214 3784 ιιι
240 3731 415 3787 summatim
441 3725 562 3801 dicem3
591 3723 742 3808 reddenda
767 3743 893 3807 namque
918 3732 1000 3806 sunt,
1028 3732 1059 3787 ιι
1089 3732 1141 3805 pat
1168 3731 1215 3787 ret
1235 3744 1386 3787 ιιιοιιοοιι
1404 3725 1552 3808 pinpoicrt

179 3838 316 3896 minerba
334 3831 561 3913 omnplectotur.

284 3941 381 4015 Quare
403 3943 491 4007 multa
512 3952 580 4007 sunt
600 3946 708 4008 nostris
722 3945 872 4025 similiora,
894 3952 924 4007 et
943 3945 1061 4026 propios
1083 3942 1120 4006 ad
1134 3945 1286 4006 vamtatem
1308 3942 1462 4024 accedunt,
1485 3958 1553 4024 quae

178 4048 403 4139 Chrysostomus
417 4058 446 4087 ²⁰
480 4053 517 4117 de
548 4054 654 4117 eodem
686 4054 760 4116 libro
797 4054 893 4136 paullo
931 4062 1016 4117 antea
1050 4053 1182 4118 subtilius
1220 4060 1374 4117 monuerat
1409 4053 1553 4133 inquiens:

178 4157 271 4236 „Kal
289 4158 352 4243 γάρ
373 4159 431 4237 τάς
453 4161 656 4243 προρῥήσιις,
681 4146 724 4239 ἀς
749 4169 783 4228 ἐν
810 4166 876 4239 τοῖς
905 4162 1102 4244 εὐαγγελίοις
1124 4164 1142 4225 ὁ
1163 4162 1300 4245 Χριστὸς
1321 4164 1552 4248 προαναφωνεῖ,

178 4268 293 4345 ταύτας
315 4274 360 4345 εἰς
382 4273 476 4353 ἔργον
495 4269 692 4350 ἐξελθούσας
713 4272 858 4339 ἐνταῦθά
877 4278 959 4337 ἐστιν
980 4271 1074 4349 idaia,
1097 4273 1150 4335 καὶ
1171 4270 1228 4336 ἀπ’
1249 4270 1438 4337 αὐτῶντῶν
1460 4291 1555 4355 apop-

178 4377 289 4462 μάτων
317 4380 561 4463 διαλάμπουσαν
592 4376 647 4460 τάν
669 4382 844 4461 ἀλήθειαν,
880 4385 933 4448 καὶ
955 4376 1072 4459 πολλὴν
1092 4370 1162 4445 τάν
1181 4382 1337 4463 μαθητῶν
1364 4376 1418 4460 τὴν
1442 4384 1494 4445 ἐπὶ
1523 4378 1553 4442 τὸ

178 4487 300 4570 βιλιιον
325 4484 501 4572 μεταβολὴν
516 4489 571 4568 τήν
598 4491 743 4556 ἀπὸτοῦ
770 4494 944 4575 πνεύματος
971 4490 1080 4564 αὐτοῖς
1109 4495 1321 4574 ἐγγενομένην.
1364 4492 1446 4566 Quae
1481 4492 1553 4554 enim
1618 4480 1619 4483 ¹

248 4750 290 4826 ¹⁷)
311 4752 409 4808 llomil.
431 4769 477 4809 cur
497 4754 523 4810 in
544 4753 700 4812 Pentecoste
718 4754 786 4810 Acta
807 4756 845 4811 le·
957 4754 998 4829 ¹⁹)
1029 4754 1078 4810 Vel
1098 4749 1274 4829 τιαχντιροῖς,
1302 4759 1332 4809 ιιι
1356 4755 1448 4811 eadem
1474 4751 1556 4824 signi·
1618 4802 1619 4807 ,

108 4870 114 4879 ’
182 4862 295 4931 gantur,
315 4875 341 4913 ιι.
364 4859 391 4914 o.
894 4861 1016 4917 flcatione
1037 4861 1082 4916 alii
1103 4860 1211 4917 codices
1231 4861 1332 4934 legunt

247 4988 291 5064 ¹⁸)
312 4988 340 5044 ln
360 4988 430 5045 Acta
451 4988 575 5063 Apostol.
596 4989 703 5046 homl
724 5007 749 5046 n.
765 4990 792 5047 2.
957 4990 1002 5065 ²⁰)
1022 4990 1052 5049 ln
1072 4990 1142 5047 seta
1161 4990 1287 5067 Apostcl.
1307 4992 1416 5051 boml„
1435 5008 1461 5051 ιι.
1479 4990 1505 5049 l.
