3324 5382
186 251 248 313 tiro
675 245 807 310 LIBER
847 242 1082 312 SECUNDUS

187 416 321 483 hostibus
341 415 517 499 pollicearis.
561 414 650 500 Atqui
669 414 730 481 huo
750 423 865 500 spectat
885 414 1026 496 iormnia,
1061 413 1115 480 vrri
1144 412 1239 479 πύλαι
1259 409 1344 496 ᾅδου
1364 410 1404 478 ori
1425 415 1577 493 κατισχύ-

188 526 422 604 cessaveritis,
444 546 502 610 qua
522 527 751 592 temulentissime
771 526 903 604 edicitur,
925 526 1036 591 nemini
1063 544 1081 588 a
1103 525 1218 590 Christo
1242 526 1442 605 comtandam,
1461 529 1578 591 nemim·

188 639 365 721 triumphum
385 637 523 720 promitti,
545 639 595 720 qui
615 656 681 701 cum
696 637 782 701 Petro
805 639 920 702 iunchrs
940 635 1129 719 sociatusque
1151 653 1211 700 non
1233 638 1380 701 manserit
1415 636 1579 720 Perspicua

134 744 140 753 ’
189 750 277 832 igitur
298 749 336 813 de
354 746 459 831 efficto
480 755 602 823 constat,
625 766 684 831 que
706 746 854 811 christiani
875 764 996 825 omnes,
1017 746 1133 828 ipsique
1152 746 1277 829 apostoli
1297 755 1328 811 et
1341 746 1494 811 custodire
1509 766 1579 811 curm

189 859 276 923 Petro
297 860 436 924 unitatem
459 857 601 933 debeant,
637 866 667 921 et
690 858 906 939 separationem
932 856 970 919 ab
991 874 1028 920 eo
1049 873 1109 919 nou
1129 874 1217 920 secus
1238 874 1274 920 ac
1295 856 1452 921 maximam
1474 876 1580 940 supre
1648 872 1649 875 ’

114 947 116 951 ’
189 989 326 1052 mamque
341 968 502 1052 perniciem
516 968 656 1032 demere.
692 967 838 1050 Obligatio
853 974 951 1032 autern
965 964 1152 1047 officiumque
1166 973 1226 1029 tam
1238 967 1395 1031 universae
1416 967 1579 1048 ecciesiae,

190 1099 276 1163 mam
298 1079 438 1162 apostolis
456 1079 625 1161 impositum
654 1077 817 1142 servandae
844 1062 1030 1160 tuendaeque
1060 1094 1127 1139 eum
1156 1075 1242 1140 Petro
1267 1077 1434 1158 societatis,
1467 1076 1581 1160 [cent
1648 1166 1649 1169 Ἴ

191 1198 285 1254 tatem
306 1188 434 1265 includit,
457 1195 730 1268 auctoritatemque
751 1188 963 1270 complectitur,
985 1205 1042 1268 qua
1062 1186 1163 1250 Petrus
1177 1184 1426 1251 indiscriminatim
1440 1187 1582 1252 omnibus
1648 1212 1649 1243 t

191 1300 352 1365 custodiam
373 1299 489 1363 unitatis
509 1300 681 1382 praecipiat,
717 1319 753 1363 ac
775 1297 941 1378 divisionis,
970 1297 1195 1379 schismatisque
1215 1296 1357 1379 flagitium
1377 1297 1415 1360 ab
1436 1299 1581 1363 universo

191 1428 316 1493 corpore
343 1410 517 1492 longissime
547 1416 655 1473 arceat
704 1408 871 1473 Posteriora
896 1409 986 1492 igitur
1009 1407 1134 1472 termula
1161 1409 1368 1490 praerogativa
1394 1409 1582 1490 exprimitur,

192 1539 267 1603 quae
285 1520 329 1584 od
346 1517 511 1583 sublimius
533 1516 624 1582 Petri
643 1525 701 1596 ior,
718 1525 922 1599 potiorensqoe
941 1526 1154 1583 maritetur
1175 1525 1339 1582 revocatur.

296 1628 344 1692 tt
369 1634 496 1693 tertiam
515 1628 641 1708 accedo,
677 1647 752 1711 qnae
778 1627 1023 1710 praecedentibus
1051 1627 1189 1692 illustrior
1214 1645 1274 1691 non
1302 1626 1406 1691 iniurh
1433 1627 1583 1692 udatur.

193 1738 299 1803 Verbis
320 1757 459 1821 namque,
480 1739 535 1802 καὶ
558 1736 652 1802 δώσω
673 1738 723 1801 σοὶ
744 1736 799 1814 τας
821 1739 904 1814 κλεῖς
924 1740 978 1829 τῆς
998 1735 1159 1820 βασιλείας
1179 1738 1243 1801 roiv
1263 1734 1419 1829 oripuroiv,
1449 1736 1584 1802 mimam

190 1849 431 1932 praenunciatur,
452 1856 483 1911 ut
503 1847 605 1911 Petrus
627 1856 801 1927 conparate
822 1849 866 1913 od
883 1869 1011 1934 reqnom
1031 1846 1195 1924 caelorum
1216 1865 1381 1929 omnesque
1402 1847 1479 1912 adeo
1500 1848 1584 1912 chri·

191 1959 301 2023 stianes
316 1958 380 2021 sive
394 1957 552 2039 discipulos
567 1956 766 2041 subditosque,
789 1960 852 2023 sive
867 1961 1023 2042 magistros
1037 1977 1074 2023 ac
1091 1958 1283 2041 praepositos,
1306 1977 1342 2021 ea
1357 1975 1489 2038 munera,
1513 1977 1582 2022 eas
1648 1934 1649 1975 ³

192 2088 251 2152 que
265 2067 354 2131 obeat
365 2075 475 2149 partes,
498 2085 573 2150 quiae
589 2065 722 2130 eloctum
736 2065 879 2149 symbolo,
900 2068 1105 2152 cloatqertqae
1120 2062 1315 2150 appellatione
1333 2068 1582 2132 demonstrantur.

191 2177 239 2241 Ab
260 2177 319 2240 hoc
340 2184 437 2240 antem
464 2177 589 2240 clavium
616 2176 766 2260 symbolo,
796 2185 883 2260 atque
904 2179 941 2241 ab
960 2177 1019 2240 hac
1039 2176 1183 2261 claugor-i
1202 2178 1395 2261 appellatione
1416 2177 1517 2240 divelli
1541 2179 1584 2241 si·

193 2287 340 2370 gnificatio
361 2287 463 2369 nequit
482 2292 561 2349 turis
583 2293 613 2348 et
630 2293 800 2365 potestatis.
846 2286 944 2351 Tertia
964 2288 1056 2371 igitur
1076 2286 1200 2352 iormula
1228 2286 1385 2369 singularis
1412 2287 1583 2368 eximiaque
1648 2340 1649 2347 ,

194 2398 271 2461 Petri
294 2397 451 2459 auctoritas
473 2397 503 2458 in
523 2414 650 2478 regnum
671 2396 830 2475 caelorum,
852 2414 1017 2479 omnesque
1039 2397 1103 2460 eins
1122 2397 1210 2479 regni
1231 2398 1323 2476 cives,
1345 2396 1410 2460 sive
1426 2397 1582 2476 maximos,
1648 2436 1649 2439 =

195 2508 259 2571 sive
280 2505 402 2581 medios,
428 2505 492 2568 sive
512 2505 628 2570 infimos
648 2504 884 2587 splendidissime
906 2506 1076 2570 ostenditur.
1568 2520 1570 2523 ’
1648 2504 1649 2519 ’

303 2613 377 2688 Quid
398 2630 488 2695 porro
509 2623 623 2693 quarto
644 2634 680 2678 ac
700 2613 873 2696 postremai
897 2634 995 2698 quove
1016 2623 1151 2698 spectem
1171 2616 1271 2697 verba,
1295 2617 1348 2680 καὶ
1369 2612 1391 2680 li
1409 2609 1470 2681 teir
1486 2616 1583 2700 δήσῃς

194 2725 245 2790 ἐπὶ
266 2726 319 2802 τῆς
340 2724 409 2804 γῆς,
432 2724 519 2788 ἔσται
541 2722 708 2807 δεδεμένον
726 2729 761 2788 ἐν
780 2732 846 2800 τοῖς
866 2722 1032 2805 οὐρανοῖς·
1064 2726 1117 2791 καὶ
1139 2718 1159 2789 δ’
1180 2718 1238 2790 dds
1258 2724 1351 2808 λύσῃς
1372 2725 1424 2789 ἐπὶ
1443 2726 1498 2802 τῆς
1513 2727 1581 2806 γῆς,

197 2837 282 2899 ἔσται
303 2834 471 2914 λελυμένον
489 2837 525 2897 ἐν
544 2836 610 2909 τοῖς
631 2831 802 2914 ούρανοῖςλ
835 2833 944 2898 nullutn
970 2842 1017 2899 est
1040 2836 1192 2918 negotium
1220 2835 1258 2899 ad
1286 2835 1417 2900 caeleste
1443 2854 1581 2918 regnum,

194 2943 464 3026 aedificandamque
485 2943 642 3007 ecclesiam
662 2943 822 3026 pertinens,
850 2944 929 3026 quod
949 2943 1025 3008 Petri
1046 2946 1209 3009 auctoritati
1228 2945 1285 3009 bac
1305 2945 1501 3027 promissione
1522 2964 1582 3009 noa

196 3056 372 3120 subiicietur.
415 3053 500 3126 Quod
522 3055 600 3117 enim
620 3052 662 3116 illi
683 3053 841 3117 obnoxium
870 3052 935 3117 iore
964 3053 1154 3136 praedicitur,
1190 3052 1310 3118 euermr
1337 3053 1452 3135 verbis,
1487 3050 1583 3119 sert

197 3158 253 3229 teir
281 3162 393 3247 δήσῃς,
430 3164 483 3227 καλ
504 3155 601 3227 ὅέδν
621 3161 722 3246 λύσῃς.
770 3161 845 3227 Sunt
872 3170 970 3227 autem
996 3163 1072 3227 baec
1101 3165 1176 3227 iutra
1204 3181 1288 3227 suum
1320 3180 1416 3247 genus
1448 3162 1580 3246 infima,
1648 3180 1649 3191 ¹

198 3273 285 3337 nvrllis
306 3273 444 3338 adstricta
465 3273 612 3351 limitibus,
634 3289 769 3355 queque
785 3271 909 3353 plenam
929 3272 1044 3337 terendi
1056 3274 1153 3358 leges,
1174 3256 1379 3357 iudicandique
1401 3282 1581 3354 potestaten

200 3383 440 3465 complectuntur.

307 3492 515 3575 Conspirant³¹
541 3493 629 3575 igitur
650 3491 806 3573 termulae,
827 3510 925 3575 neque
946 3494 1042 3558 minus
1062 3492 1196 3577 anotre
1217 3494 1346 3575 divisim,
1369 3512 1457 3576 quam
1479 3512 1582 3559 omnes

201 3603 379 3667 coniunctim
400 3602 573 3667 ostendunt:
594 3602 615 3665 i.
638 3621 690 3666 eas
711 3602 797 3667 Petro
818 3604 1037 3687 praerogativas
1058 3605 1194 3687 promitti,
1216 3604 1322 3686 quibus
1340 3604 1468 3686 ipsemet
1481 3611 1582 3667 anctus

200 3714 238 3778 ad
259 3714 399 3778 eximium
421 3712 567 3795 quoddam
589 3731 655 3776 cum
678 3712 791 3776 Christo
813 3713 960 3777 ecclesiae
981 3714 1094 3796 capite,
1131 3732 1330 3796 supremoque
1360 3715 1492 3796 principe
1511 3730 1582 3776 con·

200 3826 323 3888 sortium
350 3822 579 3906 proveheretur
614 3830 771 3905 provectus
798 3829 897 3887 autem
924 3821 956 3885 ii.
979 3823 1054 3888 inter
1081 3823 1230 3905 apostolos
1257 3824 1383 3905 primatu
1411 3823 1581 3899 excelleret,

199 3934 365 4017 potionique
386 3934 560 3997 anctoritate
581 3933 611 3995 in
631 3932 799 3996 universum
820 3932 925 3996 Christi
944 3950 1070 4016 regnum
1091 3934 1242 4015 potiretur.

614 4124 1016 4200 OOROLLARIUM
1065 4126 1175 4201 VIII.

314 4280 381 4339 150.
423 4274 516 4339 Immo
538 4283 568 4340 et
586 4276 657 4340 illud
677 4295 736 4341 non
758 4277 890 4342 dissimili
910 4277 1117 4360 perspicuitate
1139 4277 1347 4360 demonstrant,
1370 4276 1484 4341 collatis
1500 4276 1584 4342 Petro

202 4385 432 4469 praerogativis,
467 4386 654 4471 institutoque
682 4389 806 4470 primatu
822 4405 871 4451 ·eo
898 4387 1043 4451 Christum
1069 4395 1236 4471 spectasse,
1270 4394 1303 4451 ut
1330 4394 1514 4467 complesse

203 4497 298 4577 regni,
321 4512 452 4576 suaeque
472 4494 617 4559 ecclesiae
639 4504 752 4561 onitate·
772 4492 984 4563 consuleretur.
1019 4496 1065 4561 tic
1078 4498 1219 4581 principio
1241 4497 1359 4579 quidem
1381 4496 1584 4561 consuleretur

267 4664 313 4741 Ἰ)
334 4666 390 4734 Qus
410 4665 586 4722 consensione
599 4667 663 4724 nihil
676 4668 711 4725 ad
725 4684 783 4726 cam
797 4684 872 4726 com·
920 4668 1112 4744 opportunius,
1139 4684 1217 4742 quum
1237 4668 1323 4743 recipi
1342 4666 1406 4725 iliae
1425 4667 1583 4743 probarique

208 4773 382 4830 mandandam
403 4770 665 4851 interpretationem,
697 4790 775 4848 quam
796 4776 873 4832 arbi·
921 4783 1060 4851 remeant,
1081 4775 1340 4850 quinconmentarii
1354 4782 1509 4849 eonemtns,
1524 4792 1584 4849 par-

206 4880 325 4955 bnimns‚
347 4880 591 4957 accommodatius3
621 4898 652 4938 ao
675 4881 742 4943 nihil
769 4898 872 4940 rursum
922 4885 1038 4958 tiumqne
1059 4882 1196 4944 harmonia
1217 4880 1334 4940 maditus
1354 4881 1553 4938 labetacteatur.
1648 4914 1649 4919 κ

206 4988 383 5061 profligandis
418 4990 622 5064 protestantium
657 4987 873 5063 expositionibus
