3358 5400
190 288 251 347 232
710 276 841 342 mult
881 274 1047 343 somus

189 450 325 529 ἐκλήθη,
349 444 455 526 ἐπειδὴ
475 438 675 523 doemonia
700 444 780 512 κατὰ
799 440 855 524 τὴν
874 446 992 524 slsum·
1017 445 1047 509 ri
1065 448 1179 525 ποιεῖς,
1207 441 1384 528 e'r'm‘lpmarer
1403 445 1569 525 munem
1675 452 1676 461 ’

190 558 245 640 τήν
272 560 482 641 προςηγορίαν
508 559 565 621 τοῦ
590 555 756 632 δεσπότου,
784 550 824 634 ἣν
848 555 948 633 ἔθηκε
967 558 1013 640 τῷ
1032 555 1179 639 μαθητῇ.
1208 553 1308 632 δειλὸς
1329 558 1348 619 d
1367 558 1494 639 Πέτρος
1515 560 1569 623 καὶ

192 668 365 751 ἄνανδρος,·
393 669 446 733 καὶ
464 668 510 743 τίς
531 684 590 729 σου
610 669 709 731 ταῦτα
728 663 869 745 ἀνέξεται
891 666 1055 748 leronem·
1097 664 1171 740 Ouid
1191 664 1258 729 aial
1279 665 1395 732 timidus
1414 667 1516 732 Petrus
1535 676 1568 732 et

190 801 292 865 parum
312 776 470 843 suenuusl
500 797 538 840 an
557 795 618 839 non
639 775 748 839 idcirco
771 772 887 837 Petrus
909 783 956 838 est
975 775 1151 857 appellatus,
1177 776 1257 859 quod
1277 775 1455 842 immobilem
1475 776 1568 842 habe·

190 900 238 955 ret
258 886 365 954 nuent
395 886 463 969 quid
484 888 565 968 agis,
591 886 631 948 mi
652 882 765 949 homol
792 903 934 950 reverere
955 902 1064 949 nomen
1086 887 1165 968 quod
1186 885 1327 969 discipulo
1347 888 1484 969 imposuit
1508 886 1568 950 [lo-

191 1002 296 1063 minus.
340 997 468 1061 Timidus
483 995 586 1059 Petrus
600 1003 631 1058 et
645 1013 748 1077 parum
762 990 921 1058 strenuusl
941 1000 971 1057 et
992 995 1057 1076 quis
1077 995 1136 1059 hoc
1157 996 1194 1059 ab
1216 996 1275 1059 ullo
1296 997 1372 1060 sinat
1389 993 1568 1060 affirmaril“
1675 992 1676 1019 ³

299 1112 369 1169 301.
411 1105 544 1189 Denique
566 1124 604 1169 ne
624 1103 741 1187 singula
754 1107 796 1138 ¹⁰¹
821 1121 998 1207 persequar,
1027 1103 1058 1168 id
1079 1123 1132 1169 eos
1153 1108 1327 1188 commovit,
1351 1105 1389 1169 de
1410 1124 1468 1188 quo
1485 1108 1569 1173 tastis

193 1227 239 1283 est
258 1217 389 1299 locuples
408 1220 450 1251 ¹⁰²
473 1216 678 1299 Hieronymus,
699 1216 850 1298 inquiens:
894 1213 996 1295 „lianc
1020 1222 1117 1279 summ
1138 1215 1382 1298 explanationem,
1403 1234 1491 1298 quam
1509 1217 1569 1298 pri·

192 1346 257 1391 mus
275 1331 316 1362 ¹⁰⁸
341 1327 487 1410 Origenes
513 1328 543 1388 in
572 1324 687 1389 decimo
708 1325 886 1390 stromatum
913 1322 1005 1405 libro,
1034 1322 1085 1386 ubi
1109 1326 1260 1406 epistolam
1282 1325 1362 1389 Pauli
1389 1324 1427 1390 ad
1454 1325 1568 1389 Galatas
1675 1326 1676 1343 ¹

192 1440 412 1521 interpretatur,
436 1444 466 1500 et
486 1437 577 1500 ceteri
598 1434 737 1516 deinceps
759 1435 933 1515 interpretes
954 1441 1022 1497 sunt
1042 1435 1173 1516 sequuti,
1195 1435 1243 1499 illa
1265 1435 1312 1500 vel
1332 1436 1458 1499 maxime
1479 1453 1568 1499 causa

193 1546 446 1628 subintroducunt,
474 1554 506 1608 ot
526 1544 686 1628 Porphyno
705 1543 903 1626 respondeant
923 1542 1149 1625 blasphemanti,
1176 1547 1228 1627 qui
1248 1545 1327 1609 Pauli
1348 1546 1445 1628 arguit
1463 1562 1568 1627 proca·

193 1660 319 1738 citatem,
341 1656 420 1739 quod
438 1662 605 1736 prinemem
618 1652 826 1735 apostoloram
840 1652 956 1717 Petrum
971 1672 1060 1717 ausus
1080 1661 1127 1717 est
1139 1654 1369 1737 reprehendere,
1391 1662 1421 1719 et
1441 1673 1568 1738 arguere

192 1770 222 1831 in
244 1768 365 1848 taciem,
387 1785 424 1830 ac
442 1769 556 1830 ratione
577 1766 796 1847 constringere,
818 1762 898 1847 quod
917 1762 994 1826 male
1015 1762 1133 1845 lecerit,
1154 1764 1246 1846 idest,
1273 1765 1361 1828 ineo
1382 1782 1484 1829 errore
1505 1763 1569 1828 lue·

192 1880 244 1959 rit,
267 1880 297 1941 in
317 1893 375 1959 quo
395 1876 448 1939 lauit
469 1877 532 1957 ipsa
553 1877 602 1958 qui
624 1875 711 1939 alium
732 1875 829 1957 arguit
847 1873 1096 1956 delinquentem.“

299 1989 409 2051 Verum
430 1985 507 2048 unde
529 1982 687 2067 Porphyrio
710 1984 811 2046 venire
832 1984 861 2045 iu
884 1990 1013 2047 mentem
1033 1984 1134 2065 potuit,
1154 1991 1186 2046 ut
1206 1983 1244 2047 de
1264 1983 1350 2048 Petro
1371 1983 1568 2067 apostolurum

191 2100 336 2183 principe,
363 2097 459 2179 deque
480 2094 559 2159 Pauli
581 2095 775 2176 procacitate,
805 2112 863 2175 qua
884 2093 1111 2157 contameliosus
1131 2094 1162 2155 in
1181 2093 1261 2157 illum
1281 2094 1382 2176 luerit,
1404 2093 1569 2178 cogitaret?

192 2206 261 2270 inde
287 2205 435 2288 proiecto,
464 2202 542 2285 quod
570 2203 822 2285 pervulgatissima
853 2209 934 2267 esset
961 2203 1037 2267 Petri
1065 2203 1236 2284 celebritas,
1265 2212 1473 2287 compertaque
1494 2204 1569 2268 illias
1663 2202 1674 2215 '

193 2316 269 2377 inter
289 2313 437 2395 apostolos
458 2311 642 2395 praestantia.
686 2311 750 2386 ouo
771 2312 879 2375 lactum
899 2314 986 2376 ctiam
1008 2320 1054 2376 est
1074 2320 1106 2376 ut
1124 2312 1257 2394 Phlegon
1277 2314 1399 2378 Adriani
1415 2318 1456 2349 ¹⁶⁴
1480 2315 1569 2379 liber·
1618 2355 1620 2359 -

192 2432 239 2486 tus
260 2422 340 2485 illum
361 2442 427 2485 com
446 2420 569 2502 Christo,
593 2420 720 2484 mammo
742 2439 815 2484 sane
835 2439 951 2504 errore,
973 2441 1071 2505 neque
1092 2422 1209 2486 aliunde
1230 2430 1328 2487 nmen
1349 2424 1463 2506 oborto,
1484 2444 1570 2508 prse-

192 2540 311 2615 postere
344 2531 535 2595 commutarit.
578 2529 622 2593 De
655 2548 713 2613 quo
744 2549 847 2595 errore
881 2532 925 2595 sic
955 2531 1044 2596 habet
1059 2535 1102 2567 ¹⁶⁵
1132 2533 1298 2616 Origenes:
1340 2536 1569 2616 „Verumtamen
1622 2518 1626 2524 ’

194 2641 325 2724 Phlegon
349 2643 380 2706 in
400 2641 646 2723 decimo-tertio,
674 2649 736 2722 aut,
765 2639 915 2718 nilallor,
942 2642 973 2704 in
992 2640 1238 2724 decimo-quarto
1261 2643 1486 2727 Chromcontm,
1517 2646 1570 2711 xci

194 2746 249 2828 τήν
272 2753 343 2833 napi
369 2774 462 2817 τινων
486 2751 662 2833 μελλόντων
688 2752 866 2833 πρόγνωσιν
892 2748 992 2815 ἔδωκε
1018 2753 1064 2835 τῷ
1083 2751 1226 2836 Χριστῷ,
1255 2756 1431 2836 surandela
1452 2759 1570 2833 ἐντοῖς

194 2864 263 2944 περὶ
282 2862 408 2946 Πέτρου
436 2861 481 2937 ὠς
502 2862 577 2943 ,περὶ
601 2864 659 2925 τοῦ
676 2849 794 2938 Ἰησοῦ,
822 2878 922 2925 rerum
944 2861 1134 2943 quarumdam
1161 2863 1322 2928 lumranam
1347 2869 1569 2948 praescientiam

194 2974 307 3037 Christo
328 2973 441 3054 tribuit,
466 2972 597 3054 wmvis
618 2979 698 3036 erret
718 2974 747 3034 in
769 2971 901 3057 nomine,
922 2969 1038 3034 Petrum
1059 2990 1112 3054 pro
1135 2973 1409 3057 lesu,appellans.“

300 3089 368 3146 302.
412 3082 479 3165 Age
510 3083 582 3163 iam,
613 3082 815 3163 rationemque
844 3080 1052 3161 interpretandi
1083 3101 1100 3145 a
1129 3083 1279 3148 Clemente
1312 3084 1501 3150 alexandrino
1533 3088 1570 3151 ad

194 3193 432 3277 Chrysostomum
458 3211 551 3276 usque
578 3194 608 3255 in
634 3209 743 3273 graeca
770 3188 899 3253 ecclesia
925 3192 1012 3253 unice
1040 3186 1219 3257 obtinentem
1241 3212 1308 3256 cum
1329 3212 1365 3257 ca
1393 3197 1570 3279 componito,

194 3323 281 3386 mam
300 3324 317 3366 a
338 3302 458 3367 saeculo
480 3301 706 3365 sexto-decimo
726 3298 978 3382 praehabendam,
1000 3298 1272 3383 defendendamque
1292 3310 1486 3385 protestantes
1507 3307 1570 3368 eni·
1675 3298 1676 3325 ¹

194 3415 353 3475 stimanmt
396 3411 562 3475 Cuiusmodi
588 3411 640 3476 tihi
661 3419 783 3494 utraque
806 3407 938 3474 videturl
966 3427 1097 3473 consona
1122 3402 1161 3473 nc
1183 3430 1221 3474 an
1242 3410 1383 3476 dissonai
1410 3414 1512 3478 similis
1533 3435 1570 3479 au

195 3519 330 3584 diversa?
361 3520 397 3584 ad
427 3522 562 3585 eamdem
588 3540 626 3584 an
651 3521 688 3583 ad
709 3520 879 3584 dissimilem
900 3520 997 3602 potius
1023 3522 1256 3603 contrariamque
1283 3539 1416 3586 normam
1444 3520 1570 3588 exactal

194 3646 292 3709 neque
308 3648 416 3711 anceps
436 3638 614 3711 potestesse
630 3630 775 3709 iudicium,
798 3648 895 3712 neque
911 3628 1035 3693 difficilis
1050 3638 1081 3694 et
1094 3629 1231 3712 impedita
1251 3633 1415 3712 responsio.
1456 3632 1570 3697 Etenim

194 3738 215 3800 l.
242 3737 338 3800 nullus
365 3745 410 3800 est
441 3756 615 3820 graecorum
642 3747 771 3823 meum,
801 3742 850 3822 qui
878 3759 896 3801 e
922 3740 1016 3820 primo
1040 3739 1191 3824 alteroque
1222 3742 1362 3824 epistotae
1390 3742 1428 3806 ad
1456 3741 1570 3806 Galatam

196 3849 289 3930 capite
318 3848 496 3932 singularem
515 3849 593 3912 Petri
621 3851 821 3914 auctoritatem
845 3866 905 3913 non
933 3849 1114 3932 colligatae
1142 3850 1330 3915 demonstret.
1373 3853 1461 3934 Atqu
1481 3869 1570 3916 nemo

196 3966 241 4021 cst
259 3960 478 4039 protestantium
501 3961 549 4041 qui
571 3978 610 4021 ex
631 3959 736 4023 eodem
758 3960 839 4024 tonte
860 3979 896 4024 ea
917 3977 952 4024 se
972 3960 1090 4023 haurire
1110 3978 1201 4042 posse
1221 3959 1346 4043 diffidat,
1368 3962 1472 4044 quibus
1493 3962 1570 4026 Petri

194 4068 347 4150 primatum
362 4070 476 4150 quatiat,
498 4066 683 4151 funditusque
706 4071 860 4133 convellat.
901 4069 948 4133 tta
968 4068 1044 4134 haec
1059 4069 1093 4133 ll
1109 4072 1210 4153 graeci
1226 4078 1325 4152 patres
1342 4072 1458 4155 singula
1480 4091 1571 4154 quae·

197 4196 254 4260 que
275 4156 431 4260 diligenter
452 4185 601 4258 venantur,
625 4196 701 4260 quae
721 4179 878 4244 efferendis
892 4178 969 4243 Petri
989 4180 1120 4246 laudibus
1143 4180 1350 4245 conducerent.
1392 4181 1482 4263 Atqui
1502 4198 1572 4262 pro·

194 4293 334 4351 testantes
361 4287 436 4352 haec
462 4288 558 4351 omnia
585 4288 700 4351 silentio
728 4290 767 4352 ita
794 4297 945 4372 premunt,
971 4297 1004 4352 ut
1023 4309 1062 4353 ns
1083 4290 1246 4355 advertisse
1269 4290 1387 4374 qaridern
1409 4290 1572 4354 videantur.

260 4479 319 4556 ¹⁰¹)
339 4481 413 4549 Quae
440 4495 538 4553 magno
564 4493 673 4536 numero
692 4478 783 4535 Patres
804 4480 859 4536 cot-
906 4479 992 4537 decim
1012 4480 1153 4537 mustabat
1170 4481 1261 4556 tibris,
1282 4487 1310 4537 et
1330 4483 1357 4538 iu
1377 4488 1498 4554 quartum
1516 4482 1573 4539 An·
1626 4486 1630 4493 ‘

195 4588 324 4658 legerunt.
906 4586 992 4644 toniui
1018 4587 1057 4642 Pii
1089 4602 1183 4643 anniam
1214 4587 1368 4661 desinebat,
1400 4603 1454 4645 non
1487 4604 1572 4662 pauca

259 4692 319 4767 ¹⁰²)
338 4691 506 4764 spirante
520 4690 813 4763 numentanus.
830 4693 857 4749 s.
907 4693 1005 4749 tanen
1034 4692 1142 4748 rtatim
1173 4694 1238 4751 ooo.
1260 4693 1380 4768 xcvu,
1415 4693 1512 4751 sarae
1542 4696 1570 4751 n
1675 4682 1676 4691 ‘

258 4797 316 4871 ¹⁰³)
342 4797 493 4855 Praeivisse
521 4798 680 4855 Clementem
708 4797 857 4854 alexandri·
908 4794 1028 4875 Φλέγων,
1038 4799 1153 4856 Vossius
1167 4800 1200 4857 ds
1213 4801 1339 4857 ilistoric
1354 4798 1464 4857 Graecis
1477 4801 1525 4857 lib.
1536 4801 1569 4861 11.

195 4923 256 4963 num
276 4921 327 4962 suo
344 4906 408 4965 loco
428 4902 468 4975 (n.
489 4903 573 4979 297.)
593 4905 751 4962 monuimus.
906 4920 964 4977 cap.
982 4904 1027 4961 ttt
1048 4912 1077 4962 et
1095 4906 1243 4963 Salmasius
1264 4909 1291 4963 in
1311 4907 1489 4980 spartianum.

260 5012 320 5088 ¹⁰⁴)
339 5012 379 5071 De
399 5012 552 5085 Phlegontis
569 5011 701 5069 Chronico
722 5010 793 5083 quod
813 5027 857 5068 sc·
972 5009 1031 5086 ¹⁰⁰)
1051 5011 1118 5069 Con.
1139 5012 1258 5088 Celsum
1278 5012 1324 5071 lib·
1338 5013 1372 5072 ll·
1390 5031 1418 5072 n·
1433 5012 1480 5071 14·
