3358 5400
670 317 815 386 CAPUT
855 316 966 386 XXV.
1446 318 1508 381 258

129 486 241 569 φολλοω
259 493 434 552 coutantur
450 492 617 568 principiis,
640 487 744 552 Paulus
766 488 861 569 tradit,
880 464 1102 567 luculenterque
1121 485 1258 550 declarat.
1301 483 1350 548 Ad
1371 484 1508 567 ephesios

129 599 210 661 enim
236 615 398 662 conversus
423 596 489 661 illos
517 607 576 681 quo
596 597 800 689 nehomentius
819 604 930 680 potest,
958 597 1141 677 cohortatur,
1169 599 1243 657 ut⁴¹
1267 578 1364 658 vehat*
1376 595 1508 676 impensa

130 726 202 771 cura
222 710 326 790 τηρεῖν
344 703 401 783 τήν
421 708 547 783 ἑνότητα
565 708 623 771 τοῦ
641 705 816 789 πνεύματος
836 711 871 770 ἐν
890 708 934 791 τῷ
953 704 1116 789 συνδέσμῳ
1129 706 1182 783 τῆς
1196 702 1316 787 εἰρήνης
1338 711 1421 767 tuert
1442 711 1509 767 unt-

129 825 225 881 tatem
243 819 370 900 spiritus,
392 834 450 898 qua
462 818 490 851 ⁴·
512 815 591 879 idem
613 816 710 880 dicant
730 824 761 880 et
780 816 915 896 sentiant,
936 815 1058 898 perlecti
1080 817 1138 879 sint
1155 818 1190 878 ἐν
1209 816 1255 897 τῷ
1273 812 1362 897 αὐτῷ
1382 815 1434 878 vot
1455 814 1508 879 καί

125 929 161 989 ἐν
179 929 219 1008 τῇ
238 923 318 1010 συκῇ
334 925 456 1010 γνώμῃ,
477 932 508 988 et
528 944 546 989 e
567 944 624 1008 qua
638 928 666 960 ⁶⁰
687 944 745 1008 pax
764 925 894 1007 prodeat,
919 927 1001 989 cuius
1022 924 1139 988 vincrrlo
1158 923 1230 986 nihil
1249 924 1324 987 adeo
1344 925 1506 988 seiunctum

125 1042 171 1098 est
191 1054 228 1099 ac
247 1035 396 1099 diversum
418 1034 497 1118 quod
518 1054 578 1098 non
604 1036 634 1097 in
654 1053 743 1098 unum
766 1034 929 1118 colligetur.
974 1035 1048 1099 Tum
1070 1032 1242 1116 multiplices
1264 1033 1380 1097 subiicit
1401 1034 1508 1097 adhor-

121 1146 242 1209 tationis
264 1134 386 1208 caussas
399 1148 439 1227 ⁵¹,
470 1147 619 1227 inquiens:
653 1138 715 1208 Ἓν
735 1147 831 1227 σῶμα
851 1146 905 1210 καί
924 1145 960 1209 ἒν
980 1146 1116 1227 πνεῦμα,
1143 1141 1260 1218 καθώς
1281 1145 1335 1208 καὶ
1356 1144 1507 1223 &stridens

121 1257 158 1318 ἐν
175 1254 240 1339 μιᾷ
266 1253 367 1319 ἑλπίδι
394 1258 447 1332 τῆς
469 1255 606 1333 κλήσεως
627 1251 733 1336 ὑμῶν·
761 1248 806 1331 είς
828 1254 954 1336 κύριος,
983 1254 1044 1338 μία
1061 1253 1178 1330 πίστις,
1206 1254 1241 1316 ἓν
1260 1251 1440 1339 βάπτισμα,
1461 1250 1506 1330 είς

122 1363 208 1440 θεὸς
231 1364 284 1428 καί
302 1365 404 1448 πατήρ
425 1366 566 1429 πάντων·
589 1365 608 1427 d
628 1364 680 1428 art
699 1363 828 1428 πάντων
850 1365 904 1429 καὶ
921 1360 1121 1429 διαστάντων
1140 1363 1194 1427 καὶ
1215 1367 1249 1426 ἐν
1266 1366 1398 1428 hectun
1421 1361 1504 1445 ὑμῖν.

120 1476 239 1551 Quibus
258 1475 335 1539 haec
354 1477 432 1539 inest
454 1475 613 1539 sententia:
642 1473 876 1538 contendendum
897 1473 1008 1537 idcirco
1034 1494 1051 1537 a
1072 1473 1157 1539 vobis
1178 1480 1224 1537 est
1243 1482 1275 1536 ut
1301 1466 1357 1550 τήν
1378 1474 1505 1550 ἑνότητα

118 1588 182 1649 τοῦ
210 1583 386 1668 πνεύματος
414 1591 514 1648 sancte
544 1583 727 1661 custodiatis,
758 1584 825 1665 quia
853 1582 925 1646 nihil
945 1591 992 1647 est
1019 1584 1098 1665 quod
1118 1583 1195 1647 hanc
1216 1604 1233 1647 a
1256 1583 1349 1646 vobis·
1366 1585 1505 1647 unitatem

119 1714 184 1760 non
206 1696 342 1778 postulet,
362 1693 433 1756 nihil
455 1694 533 1776 quod
556 1692 634 1757 illius
655 1685 859 1758 necessitatem
880 1710 940 1757 non
960 1694 1149 1757 demonstret.
1192 1693 1380 1757 Demonstrat
1399 1701 1505 1757 cottas

120 1814 263 1888 eorporis
281 1811 403 1888 σημαία
430 1805 481 1883 (ih
501 1804 608 1885 σῶμα)
636 1804 714 1886 quod
740 1813 787 1869 est
806 1805 947 1885 ecclesia,
976 1812 1006 1867 et
1026 1804 1108 1867 cadus
1130 1820 1184 1866 vos
1205 1820 1287 1885 para,
1315 1803 1505 1885 membraque

120 1919 214 1982 estis:
236 1917 415 1980 demonstrat
435 1921 541 1978 undar
561 1911 719 1995 spiritur,
744 1914 793 1992 (o
812 1918 966 1999 πνεῦμα),
988 1933 1046 1997 quo
1067 1921 1158 1977 totum
1179 1931 1302 1996 corpus,
1331 1913 1505 1996 singulaque

120 2025 259 2091 membra
275 2027 352 2089 intus
370 2024 492 2105 aluntur,
513 2024 686 2109 penitusque
706 2022 911 2088 informantur:
933 2024 1115 2089 demonstrat
1134 2031 1241 2089 unitas
1262 2021 1407 2087 bonoram
1428 2045 1506 2104 quae

121 2155 231 2199 omnes
251 2142 392 2215 sperant,
420 2141 473 2215 qut
491 2153 657 2215 caponum
677 2138 863 2197 vocationem
884 2133 957 2216 (μία
978 2133 1064 2210 ἐλπίς
1091 2136 1144 2210 τῆς
1165 2131 1302 2210 κλήσεως
1321 2130 1425 2216 ὑμῶν)
1455 2153 1504 2199 se-

122 2247 208 2327 quuti
235 2252 315 2308 sunt:
342 2243 520 2306 demonstrat
545 2249 649 2306 onum
675 2241 801 2307 Domini
829 2236 888 2323 (εἷς
910 2244 1032 2328 κύριος)
1060 2244 1107 2308 cui
1128 2260 1230 2309 omnes
1252 2263 1407 2326 paremus,
1435 2249 1505 2308 unt-

121 2363 176 2419 tas
190 2357 219 2391 ⁵³
237 2353 315 2437 fidet
336 2353 409 2436 (μία
428 2352 542 2432 πίστις)
574 2353 707 2416 omnihus
728 2355 910 2437 propositae,
941 2361 1046 2418 undar
1067 2361 1147 2417 attur
1168 2373 1226 2437 quo
1245 2376 1301 2435 per
1322 2352 1504 2435 dapttsmum

8 2518 10 2521 ,
123 2465 176 2541 (ἓν
203 2461 376 2547 βάπτισμα)
406 2465 435 2527 in
460 2482 550 2527 unum
578 2481 683 2546 corpus
713 2463 897 2548 copulamur,
924 2484 960 2530 ac
979 2471 1087 2529 undas
1106 2462 1169 2529 Bet
1188 2473 1218 2529 et
1239 2462 1350 2529 Patris
1372 2472 1504 2531 omnium

8 2556 10 2581 '
124 2568 189 2651 (είς
208 2571 287 2649 θεὸς
308 2573 361 2638 καί
381 2567 482 2655 πατὴρ
504 2572 656 2657 πάντων),
678 2592 753 2657 quac
774 2592 835 2638 nou
855 2575 924 2638 sinit
944 2582 975 2638 ut
995 2572 1192 2655 cohaeredes,
1214 2573 1378 2658 fratresque
1399 2577 1429 2639 in
1450 2593 1504 2658 op-

123 2683 235 2764 positas
256 2691 481 2766 pugnantesque
502 2692 599 2766 partas
619 2683 778 2748 discedant.

234 2799 303 2856 329.
345 2792 483 2857 Jamvero
505 2812 594 2876 quum
615 2801 658 2857 tot
677 2794 735 2857 sint
751 2792 880 2874 nomina,
901 2792 1006 2875 quihus
1026 2793 1234 2857 necessitatem
1255 2793 1419 2857 servandae
1439 2795 1503 2856 uni-

123 2902 191 2966 tatis
211 2901 314 2966 Paulus
341 2901 506 2984 confirmat,
536 2904 606 2967 illud
631 2912 729 2969 tamen
757 2905 887 2968 omnium
907 2904 1031 2984 primum
1044 2905 1071 2937 ⁸⁴
1095 2910 1248 2984 recenset,
1278 2903 1355 2984 quod
1377 2901 1504 2966 eeclesia

124 3028 215 3074 unurn
236 3012 273 3075 sit
294 3030 415 3095 corpus,
435 3013 471 3078 o
490 3014 598 3096 σῶμα,
620 3022 707 3096 atque
728 3014 804 3077 adeo
825 3020 926 3095 suapte
947 3020 1048 3076 natura
1068 3012 1107 3075 ita
1127 3019 1302 3094 comparata,
1324 3019 1356 3075 ut
1375 3012 1503 3094 partibus

125 3119 330 3184 dissidentibus
345 3122 580 3188 manifestissime
602 3122 790 3204 periclitetur.
834 3121 893 3187 Sed
916 3122 1061 3203 quodnam
1076 3122 1220 3204 significat
1240 3120 1367 3205 corpus?
1389 3121 1503 3185 visibile

124 3247 166 3292 ne
185 3238 214 3292 et
235 3229 405 3308 αίσθητόν,
435 3250 472 3295 an
492 3230 635 3295 invisibile
656 3239 686 3295 et
706 3228 866 3314 clupeatos?
893 3231 1011 3314 plenum
1031 3250 1086 3310 ne,
1108 3232 1270 3314 integrum,
1293 3233 1415 3313 suisque
1436 3250 1502 3313 par·

124 3336 203 3400 tilius
223 3338 397 3422 absolutum,
418 3361 455 3405 an
478 3359 625 3422 mancum,
646 3341 786 3424 mutilum,
809 3338 973 3425 ἀκέφαλον
994 3347 1025 3404 et
1045 3342 1139 3423 capite
1161 3339 1361 3405 deminutum?
1381 3360 1502 3423 persua·

125 3446 198 3510 dere
226 3448 295 3513 mihi
321 3469 380 3514 non
405 3469 526 3532 possum
548 3450 613 3513 lore
635 3450 762 3533 aliquos,
790 3453 839 3534 qui
860 3452 1027 3533 opinentur,
1056 3469 1123 3515 esse
1150 3452 1267 3532 quidem
1295 3451 1451 3515 ecclesiam
1473 3459 1503 3514 et

123 3555 251 3647 axPaulo
272 3560 307 3621 ἒν
329 3562 423 3642 σῶμα
443 3562 612 3641 nuncupari,
635 3559 689 3623 sed
710 3558 854 3624 invisibile
875 3568 905 3624 et
923 3558 1069 3644 ἀόρατον,
1091 3579 1150 3625 non
1172 3563 1360 3644 conspicuum
1384 3568 1414 3625 et
1433 3565 1503 3626 αλσ-

124 3666 235 3745 umor,
257 3687 392 3732 mancum
414 3677 444 3733 et
457 3667 629 3755 οὶκέφαλον,
651 3688 711 3734 non
727 3671 846 3752 plenum
866 3687 981 3753 suoque
995 3672 1091 3753 capite
1109 3672 1289 3735 insinuatum.
1319 3671 1404 3746 Quod
1424 3673 1502 3736 enirn

123 3773 262 3861 οίόρατον
281 3788 335 3862 est,
359 3782 473 3844 nonnisi
495 3781 622 3845 absurde
641 3782 697 3845 τοῦ
718 3778 865 3862 σώματος
886 3783 1005 3844 nomine
1025 3783 1210 3871 exprimitur3
1233 3790 1263 3846 et
1284 3783 1362 3863 quod
1382 3781 1502 3870 οίκέφα-

121 3885 179 3951 λον
192 3896 246 3971 est,
265 3898 425 3954 monstrum
439 3892 557 3974 quidem
570 3912 605 3956 ac
620 3899 794 3974 portentum,
808 3908 914 3973 corpus
936 3909 1006 3954 vero
1023 3894 1138 3955 censeri
1151 3911 1210 3955 non
1223 3899 1328 3974 potest
1349 3892 1395 3955 Ac
1409 3892 1499 3975 longa

8 4052 10 4059 ,
125 3999 221 4063 minus
242 4003 358 4064 censeri
379 4011 476 4084 potest
496 4002 532 4067 eh
551 4003 655 4084 σῶμα,
677 4019 766 4082 quum
781 4000 914 4064 distincta
928 4001 1103 4084 diversaque
1125 3982 1256 4064 membra
1277 4003 1386 4067 unitate
1407 4003 1502 4066 solurn

124 4111 241 4192 capitis,
272 4112 361 4174 veluti
391 4111 538 4175 efficiente
570 4111 696 4193 quodam
725 4110 881 4192 principio,
919 4110 956 4174 ad
986 4112 1125 4175 unitatem
1157 4113 1288 4194 corporis
1320 4112 1500 4196 redigantur.

186 4314 232 4390 ⁴⁸)
252 4313 350 4388 Ephes.
371 4314 417 4372 tv.
437 4315 466 4372 ³.
750 4348 754 4357 ·
900 4312 945 4387 ⁵²)
972 4312 1015 4368 nt.
1035 4304 1115 4387 ἡμῖν,
1141 4313 1190 4370 sed
1214 4319 1352 4388 utrumque
1377 4316 1503 4373 omitten-

187 4454 233 4532 ⁴0)
253 4455 274 4512 Ι.
295 4456 357 4513 cor·
378 4455 398 4511 Ι.
420 4452 468 4512 10·
838 4417 900 4474 dum
913 4418 1120 4494 patartllillius,
1134 4418 1285 4499 Bergelius,
1307 4418 1501 4481 Grleshaehins.

900 4523 945 4599 ⁸⁸)
972 4524 1084 4582 Nomina
1108 4524 1199 4594 πίστις
1219 4533 1246 4585 et
1265 4525 1341 4595 unu
1364 4535 1503 4603 utramque

190 4593 340 4669 ⁰·)1totis
360 4595 443 4667 igtur
461 4583 611 4671 atnepos
622 4581 791 4709 aittltt'ntt
838 4629 1061 4702 ,mascaronem
1080 4631 1270 4709 minoren
1290 4634 1504 4713 neormam

127 4705 171 4758 0⁸²
189 4700 312 4773 0ll0⁶⁸¹⁶2
332 4701 405 4757 ⁰¹¹i¹¹⁸
425 4712 521 4755 “um
540 4689 634 4772 θύτης
647 4692 698 4756 '⁰²3
709 4713 790 4755 ''m''
838 4738 980 4795 eommoda
999 4740 1120 4797 reddent

125 4824 222 4884 paroc.
267 4807 336 4865 Aliis
365 4812 409 4864 est
437 4822 555 4880 σοναα,
583 4805 789 4879 meatumque
900 4843 945 4918 u)
973 4817 1379 4922 0mm00p901m0‚qunm
1402 4847 1503 4921 reliqna

127 4911 157 4973 3?
175 4912 288 4972 Mdllssl
303 4930 365 4989 lm·
838 4954 927 5007 mento
945 4949 1032 5007 solum
1053 4958 1080 5010 et
1098 4952 1151 5009 ilde
1172 4958 1325 5026 tenemur,
1345 4952 1417 5009 istud
1436 4966 1504 5011 varo

190 5052 234 5129 ν)
254 5051 353 5128 spru.
376 5050 421 5113 tv.
441 5051 538 5113 4-7.
838 5054 1302 5133 rpnpoqnonmusurpem.
