3374 5388
671 238 819 306 CAPUT
861 238 919 306 Vl.
1382 334 1391 355 ·
1426 234 1487 300 tto

109 408 185 490 quod
206 407 339 473 catholici
358 407 532 490 prohtentur
551 409 590 472 ale
608 415 759 489 minata,
790 425 849 490 quo
876 426 952 472 unus
971 425 1043 490 prae
1065 406 1200 470 omnibns
1221 405 1324 471 Petrus
1345 414 1448 471 auctus
1470 426 1487 469 a

106 516 218 581 Christo
240 517 325 582 luerit
345 537 382 582 ac
402 519 517 582 dimtus.
560 518 607 581 Ab
628 518 675 582 his
697 526 795 581 autem
816 517 995 581 alienissima
1016 522 1083 579 sunt
1105 534 1182 598 quae
1209 516 1264 579 sibi
1290 522 1486 598 protestantes

105 634 233 706 sumunt,
261 646 350 710 quum
372 634 475 691 mator
498 628 691 712 dopmnta'aae
712 626 840 711 aepulae
860 626 1060 710 apostolorum
1087 625 1262 708 aequalitate
1291 632 1425 706 utuntur,
1457 632 1488 688 ut

106 735 271 799 catholicam
292 739 563 819 interpretationem
585 739 775 820 proscribant
819 737 923 801 Omnia
944 737 1033 819 igitur
1054 753 1105 798 sus
1127 735 1224 817 deque
1254 739 1393 815 miscent,
1421 733 1488 815 plo

108 851 231 925 οἰεὲεοιιο
251 847 433 930 dapmatiata
453 849 482 911 in
503 847 725 911 hermencutica
747 849 949 912 controversia
971 863 1031 909 non
1052 844 1180 909 obscure
1201 844 1364 908 abutnnmr.

209 961 256 1019 9⁰.
299 956 365 1030 Quo
379 965 532 1039 comperto
547 956 649 1037 abusu,
671 957 791 1020 arduum
807 957 893 1020 nobis
907 956 984 1020 haud
998 957 1055 1019 erit
1067 954 1198 1019 alterins
1214 973 1332 1036 quoque
1348 961 1486 1035 annania,

106 1081 191 1146 quem
211 1066 264 1148 ipsi
285 1089 330 1130 ea
351 1075 460 1129 cacata
481 1074 614 1142 sumum,
645 1085 761 1148 nosque
781 1065 962 1130 οἰοιονιοοοι
981 1066 1227 1148 nuncupavimus,
1251 1065 1383 1128 delectus
1406 1067 1487 1129 vitin-

105 1191 162 1254 qua
188 1176 362 1257 patefacere.
411 1175 527 1239 Etenim
556 1176 577 1238 Ι.
605 1193 694 1258 quum
726 1176 764 1239 de
792 1175 950 1258 probandis
986 1175 1223 1258 improbandisve
1247 1175 1358 1239 iuribus
1389 1176 1487 1258 dispu-

101 1289 182 1362 tatur,
207 1285 275 1348 nihil
301 1305 370 1349 esse
392 1287 537 1367 antiquius
561 1285 659 1363 debet,
682 1304 769 1367 quam
792 1294 824 1349 ut
843 1272 1056 1365 instrumenta,
1087 1285 1262 1367 tabulaeque
1287 1286 1485 1365 consulantur,

99 1393 200 1473 quibus
220 1393 344 1458 illorum
365 1401 517 1458 institutio
538 1397 713 1458 continetur.
756 1395 1046 1477 institutionemque
1068 1402 1128 1475 est,
1164 1414 1182 1457 e
1203 1412 1260 1475 qua
1281 1397 1399 1491 proprie
1425 1397 1487 1457 inm

97 1503 231 1587 pendent,
254 1524 392 1588 quaeque
414 1505 533 1586 arbitrii,
556 1504 713 1586 iudiciique
736 1502 832 1589 lepam
853 1506 1008 1569 constituit.
1052 1504 1156 1586 Neque
1178 1504 1309 1586 periculo
1332 1511 1431 1583 vacat,
1462 1504 1487 1566 si
1574 1524 1606 1597 ··

100 1612 276 1678 institutione
298 1616 444 1696 seposita,
477 1636 521 1677 eac
543 1622 705 1677 eumcum
718 1613 940 1699 factorumque
972 1634 1081 1677 norma
1103 1613 1240 1677 iudicium
1261 1621 1399 1675 acaciana
1419 1631 1487 1694 pro·

100 1724 258 1787 nunciatur.
303 1723 381 1786 Nihil
404 1725 482 1787 enim
514 1724 634 1806 impedit
661 1726 817 1805 quominus
838 1724 905 1806 quis
925 1731 973 1787 aut
1002 1725 1065 1787 iura
1093 1744 1155 1786 aon
1176 1730 1354 1786 exacuerit
1382 1720 1487 1804 qulbus

99 1831 278 1915 potiebatur,
311 1832 359 1896 vel
381 1850 441 1896 non
469 1855 507 1897 ea
528 1831 727 1913 amplitudine
754 1833 939 1914 exercuerit,
970 1850 1027 1914 qua
1047 1840 1170 1914 poterat
1213 1833 1297 1896 Unde
1320 1832 1390 1896 illud
1411 1831 1487 1913 apud

97 1942 226 2007 eruditos
246 1945 328 2005 viros
350 1945 594 2024 receptissimum,
618 1962 713 2025 genus
734 1962 803 2007 esse
822 1949 1103 2022 perniciosissimae
1110 1940 1278 2026 fallaciae,
1311 1944 1336 2005 si
1358 1961 1397 2005 ex
1417 1959 1488 2004 usus

98 2054 291 2135 exercitiique
313 2052 431 2116 delectu
446 2054 536 2134 ipsius
552 2055 622 2117 iuris
644 2054 856 2135 potestatisque
877 2052 1009 2116 delectus
1024 2052 1223 2116 concludatur.
1267 2052 1342 2126 Ouid
1356 2053 1487 2114 iamvero

58 2222 63 2229 ,
96 2159 316 2241 protestantest
338 2166 367 2226 in
381 2163 437 2226 hac
457 2163 494 2226 de
509 2164 621 2226 iuribus
642 2161 718 2226 Petri
740 2162 855 2244 capitali
870 2163 1043 2243 quaestione
1065 2164 1213 2227 minimam
1229 2163 1266 2227 de
1288 2160 1487 2225 instrumentis

93 2269 257 2354 tabulisque
281 2273 466 2336 institutionis
487 2292 587 2337 curam
610 2280 730 2354 gerunt,
752 2289 846 2353 seque
869 2279 945 2335 totos
966 2272 1003 2334 ad
1025 2290 1124 2335 ιιειιιιι.
1147 2273 1332 2350 exercitium,
1354 2271 1488 2350 laetaque

93 2389 280 2445 convertunt
324 2382 396 2445 Eam
424 2384 513 2464 igitur
532 2384 634 2445 ineunt
655 2382 856 2464 explanandae
878 2384 1099 2446 conhoversiae
1127 2380 1288 2462 rationein,
1316 2399 1391 2463 quac
1417 2389 1487 2443 eta

93 2507 192 2554 rerum
215 2499 322 2556 natura
344 2492 474 2569 dissidet,
496 2500 526 2555 et
545 2492 664 2574 probari
685 2512 702 2555 a
725 2492 810 2556 nobis
831 2511 890 2556 non
911 2500 1016 2575 potest
1114 2488 1118 2495 '

201 2600 382 2664 Praesertim
405 2619 493 2683 quum
515 2600 548 2664 ll.
578 2601 636 2664 alio
658 2618 755 2684 coque
777 2602 926 2665 deteriore
953 2603 1024 2664 vitio
1053 2599 1221 2664 maculetur.
1264 2598 1386 2662 Habitus
1408 2600 1486 2662 anim

95 2726 153 2791 quo
168 2711 232 2774 iura
256 2729 325 2774 cum
345 2728 410 2791 usu,
427 2708 629 2792 exercitioque
651 2711 820 2790 cohaerent,
844 2719 889 2774 ast
910 2711 950 2773 illi
964 2709 1127 2774 simillimus
1141 2728 1177 2772 ac
1197 2707 1284 2790 plane
1298 2726 1373 2771 unus
1394 2708 1487 2771 idem-

92 2834 150 2898 que
172 2839 234 2902 quo
256 2836 383 2884 caussae
404 2838 472 2883 cum
494 2820 634 2901 proiectis
662 2841 701 2884 ex
726 2823 761 2885 iis
783 2820 938 2885 effectibus
965 2821 1178 2884 devinciuntur.
1221 2818 1376 2881 Neminem
1397 2836 1487 2901 porro

91 2925 177 3008 latet,
211 2932 292 3009 vim,
325 2929 551 3012 facultatemque
582 2949 707 2994 caussae
728 2933 877 2995 aestimari
906 2932 959 2994 rite
988 2948 1047 2993 non
1067 2949 1175 3013 posse,
1206 2930 1232 2991 si
1251 2927 1367 3007 aliquot
1389 2925 1490 2989 solam

91 3039 230 3101 eiaadem
254 3034 392 3122 effectus
413 3039 650 3103 considerentur:
675 3062 797 3104 summa
820 3047 969 3122 spectetur
982 3048 1107 3123 oportet,
1129 3048 1160 3102 ut
1180 3038 1345 3102 cuiusmodi
1366 3038 1414 3101 illa
1442 3040 1487 3119 sit,

92 3157 298 3231 quantumque
322 3148 431 3229 valeat,
464 3148 616 3212 iudicetur.
660 3150 841 3232 Quamquam
869 3152 959 3233 igitur
989 3148 1216 3232 protestantibus
1242 3149 1488 3230 permitteremus,

92 3265 123 3320 ut
144 3258 183 3322 de
207 3258 288 3322 l’etri
308 3259 419 3322 iuribus
441 3279 479 3321 ex
500 3259 621 3322 historia
643 3263 791 3340 potiusne
812 3267 921 3323 eventu
943 3277 1030 3341 quam
1052 3277 1090 3321 ex
1104 3259 1166 3341 ipsa
1183 3257 1361 3320 institutione
1383 3257 1488 3320 decer-

90 3376 216 3451 nerent3
249 3367 307 3431 hac
329 3367 477 3431 dumtaxat
497 3368 566 3450 lege
595 3368 624 3432 id
647 3388 663 3431 a
686 3369 773 3432 nohis
794 3370 919 3450 permitti
940 3374 1060 3450 posset,
1089 3375 1121 3429 ut
1146 3367 1217 3430 nibil
1245 3383 1348 3428 eorum
1370 3366 1486 3429 silentio

87 3483 266 3559 tegeretur,
299 3496 375 3559 quae
397 3477 433 3540 ad
454 3478 531 3541 illius
553 3476 642 3557 lacta,
672 3486 816 3561 gestaque
840 3479 1020 3542 referuntur:
1053 3476 1123 3539 nibil
1152 3494 1254 3539 eornm
1280 3478 1489 3558 praeteriretur

87 3589 215 3668 quaein
237 3580 402 3669 evangeliis
418 3589 457 3668 ⁴⁰,
480 3606 557 3670 quae
571 3590 600 3651 in
614 3589 698 3651 Actis
709 3592 749 3667 ⁴⁷,
772 3605 908 3670 quaeque
922 3590 951 3650 in
972 3586 1140 3669 apostolicis
1154 3586 1257 3650 litteris
1274 3589 1302 3621 ⁴⁸
1325 3594 1488 3650 narrantur.

86 3694 126 3759 Aa
147 3714 227 3760 vero
250 3694 357 3758 horum
379 3715 417 3759 ne
440 3698 570 3760 omnium
590 3696 755 3760 habuerunt
777 3698 832 3778 ipsi
853 3698 1014 3774 rationem,
1045 3703 1094 3759 aut
1121 3715 1160 3759 ex
1181 3696 1285 3759 horum
1313 3714 1427 3760 summa
1450 3697 1486 3759 de

84 3805 311 3887 praerogativis
333 3804 428 3884 Petri,
451 3806 548 3886 deque
569 3813 712 3888 potestate
733 3804 894 3887 phraseos,
926 3805 976 3868 dai
998 3802 1092 3888 ταύτῃ
1111 3809 1146 3887 τῇ
1168 3811 1264 3888 πέτρᾳ
1286 3805 1486 3888 οἰκοδομήσω

84 3936 153 3997 μου
177 3910 239 3992 τήν
260 3915 425 3992 ἐκκλησίαν
451 3917 579 3979 arbitrati
610 3914 699 3979 santi
721 3918 811 4007 immo
832 3935 850 3979 a
871 3916 1020 3977 sexcentis
1042 3916 1252 3996 propemodum
1276 3916 1378 3997 lactis,
1411 3934 1487 3997 quae

85 4045 145 4091 nos
168 4043 230 4089 sno
254 4024 361 4088 looo⁴⁹
384 4025 595 4106 expendimus,
629 4024 784 4108 atquibus
807 4025 960 4104 primatum
982 4023 1079 4102 Petri,
1112 4042 1339 4107 supremamque
1361 4028 1486 4089 auctori-

84 4144 180 4200 tatem
205 4134 416 4213 stabilivimus,
450 4137 565 4199 nonnisi
595 4152 683 4197 unum
705 4133 867 4221 alterumve
884 4136 911 4167 ³⁰
936 4136 965 4195 in
986 4152 1111 4196 examen
1132 4135 1188 4215 ipsi
1209 4143 1360 4216 vocarunt,
1390 4154 1425 4199 ac
1450 4156 1487 4198 ex

85 4263 149 4308 uuo
173 4251 290 4308 tantum
312 4243 444 4307 alterove
477 4245 545 4326 quid
570 4245 608 4308 dc
630 4246 692 4307 iure
714 4243 806 4322 Petri,
836 4243 933 4324 deque
955 4242 1168 4326 significatione
1196 4244 1361 4326 evangelici
1390 4253 1486 4309 textus

83 4353 283 4417 sentiendum
305 4355 341 4417 sit
363 4362 552 4436 praepostera
575 4354 750 4418 deductione
772 4353 990 4416 concluserunt.

201 4461 302 4543 Atque
324 4462 392 4525 heic
406 4463 451 4526 lll.
476 4483 523 4526 me
545 4465 658 4527 veritati
673 4470 894 4545 prospectorum
910 4461 1043 4543 arbitror,
1065 4464 1090 4525 si
1113 4462 1188 4527 ahud
1211 4472 1364 4544 praeterea
1386 4473 1486 4528 notem

83 4592 146 4656 quo
172 4571 303 4651 seducti,
324 4572 498 4655 deceptique
518 4580 712 4656 protestantes
735 4570 876 4636 videntur.
919 4571 1002 4634 Haud
1023 4571 1119 4635 multis
1149 4591 1222 4655 opus
1243 4581 1290 4637 est
1310 4581 1339 4636 ut
1362 4576 1486 4656 quisque

152 4758 205 4832 ⁴⁴⁶)
228 4754 287 4813 bib.
301 4757 323 4813 l.
342 4756 450 4829 antid.
465 4774 539 4832 seqq.
808 4766 810 4770 ’
880 4758 924 4834 ”)
945 4758 1012 4816 lbid.
1034 4775 1079 4815 uu.
1099 4757 1167 4816 259.
1188 4774 1264 4834 seqq.

154 4864 206 4937 ⁴⁷)
230 4860 298 4920 still·
316 4880 364 4929 iffi·
387 4861 454 4920 ¹⁶3·
472 4879 547 4938 ttqq·
851 4913 854 4919 ‚
879 4864 926 4941 ⁵⁰)
951 4864 991 4922 Ea
1010 4866 1134 4922 nimirum
1153 4866 1239 4923 solum
1260 4880 1328 4939 quac
1348 4870 1487 4922 narrantur

153 4970 204 5046 ⁴⁹)
229 4967 295 5027 lbid.
316 4988 360 5028 ιιιι.
383 4968 448 5027 150.
467 4986 542 5046 seqq.
562 4986 606 5028 nn.
621 4967 679 5026 269
693 4982 769 5042 seqq.
818 4969 879 5026 Act
901 4970 933 5027 ll.
957 4971 1002 5027 tt.
1023 4988 1114 5048 seqq,
1139 4971 1171 5028 X.
1192 4977 1220 5029 et
1238 4971 1296 5028 xv.
1320 4971 1346 5027 ¹l.
