3358 5400
649 288 795 359 aanor
837 238 947 358 xxm
1432 290 1494 354 aes

103 459 304 542 usmpaverit,
326 476 403 542 quae
421 457 471 523 ille
486 464 589 525 contm
603 458 726 524 lloisem
748 459 863 525 emtis:
885 458 1031 546 sufficiat
1045 457 1108 537 itit,
1130 464 1204 541 meta
1217 465 1315 524 mnis
1328 458 1495 524 matcaudo

105 576 293 632 concionem
312 576 367 643 eri,
390 576 419 631 el
437 575 469 632 in
485 576 561 649 ipsis
584 578 630 633 est
646 568 809 634 Dominus.
854 569 920 633 Car
933 569 1065 633 elevaris
1079 591 1176 651 supra
1187 568 1333 651 populum
1345 567 1496 632 Domini?

106 680 233 761 contigit
253 697 293 742 ne
312 686 345 742 ut
365 679 451 744 Petro
473 687 672 762 opponeretur
692 679 772 761 qood
792 681 916 761 ipsemet
939 681 1129 745 severissime
1142 682 1171 714 ⁸⁰
1194 686 1362 743 notaverat:
1384 696 1423 742 ne
1445 678 1495 742 do

103 794 238 852 mair
267 796 300 852 tn
328 788 447 853 cleris?
476 809 513 853 an
541 789 643 853 saltem
675 778 813 872 contigit,
839 799 871 855 ut
896 808 990 855 nonis
1010 790 1111 854 Aaron
1125 793 1152 826 ³¹
1177 795 1327 871 repeteret
1349 803 1425 869 quae
1454 786 1496 850 illi

105 897 310 980 imprudenter
332 899 514 964 exciderant:
537 920 612 963 num
629 920 688 981 per
701 898 801 964 solemn
811 898 942 964 Molesta
961 899 1108 981 loquatur
1128 907 1177 963 eri
1198 896 1377 963 nonam?
1396 917 1496 961 norme

104 1015 136 1070 et
155 1006 245 1071 nodis
266 1008 410 1073 cmiter
431 1017 480 1071 est
501 1007 674 1091 loquatur?

215 1117 294 1182 Nihil
322 1118 466 1183 eiusmodi
493 1120 524 1182 in
551 1120 634 1182 Actis
663 1127 828 1202 comparet,
856 1119 910 1184 sed
936 1137 1009 1183 oves
1035 1119 1114 1183 iuxta
1133 1124 1327 1201 pastoresque
1353 1136 1388 1182 se
1408 1117 1495 1183 Petro

105 1227 277 1311 morigeros
297 1228 454 1311 praebent,
476 1228 575 1310 illique
595 1229 748 1310 praeeunti
770 1228 881 1293 dociles
903 1229 1113 1310 obsequuntur.
1383 1212 1387 1221 ’

217 1343 288 1400 263.
331 1338 391 1403 Sed
412 1338 481 1402 ideo
505 1357 543 1401 ne
565 1337 644 1421 quod
658 1338 760 1401 Petrus
781 1339 867 1402 unius
889 1341 979 1402 instar
1000 1338 1131 1403 emultis
1153 1345 1249 1402 semet
1264 1345 1394 1421 gereret,
1417 1337 1496 1419 quod

105 1445 291 1510 reclamandi
312 1448 431 1511 eccesie
454 1448 587 1529 deesset,
618 1448 666 1511 vel
686 1465 790 1511 omnes
811 1449 855 1510 sic
877 1455 977 1512 essent
999 1450 1096 1512 animo
1118 1449 1292 1530 comparati,
1324 1453 1355 1508 ut
1376 1445 1497 1509 mallent

105 1558 283 1638 mvisdma
305 1574 441 1638 quaeque
462 1556 611 1639 perferre,
634 1576 721 1639 quam
742 1556 838 1622 fratris
859 1557 994 1622 licentius
1015 1560 1131 1641 agentis
1151 1557 1339 1622 ambitionem
1361 1573 1496 1637 compes·

106 1663 201 1729 cerei
223 1666 313 1729 immo
334 1664 436 1729 Petrus
457 1668 568 1730 nentini
589 1685 727 1749 umquam
750 1674 813 1730 erat
835 1666 992 1748 secundos,
1017 1668 1125 1749 primas
1147 1666 1202 1730 sibi
1223 1671 1394 1728 constanter
1414 1682 1497 1728 arro·

104 1774 211 1857 gabat,
242 1773 418 1839 clementiae
447 1779 485 1840 ita
513 1777 648 1840 studebat
672 1784 703 1840 ut
724 1777 874 1841 severitati
900 1796 959 1840 non
980 1783 1131 1860 parceret,
1162 1793 1198 1839 ac
1216 1777 1293 1839 inter
1312 1773 1415 1838 fideles
1437 1792 1497 1837 non

106 1882 232 1947 deerant
254 1884 303 1964 qui
324 1885 401 1948 iusta
422 1904 540 1969 quoque
562 1906 598 1950 ac
619 1887 749 1969 legitima
771 1886 897 1969 iniquius
919 1886 998 1950 serre
1021 1886 1198 1950 viderentur.

216 1994 262 2056 Ac
277 1996 442 2058 severitatis
458 1996 576 2078 quidem
591 1997 751 2078 specimina
773 1997 933 2060 existimari
951 1997 1055 2059 merito
1070 1995 1179 2059 debent
1202 2013 1292 2076 quum
1306 1993 1451 2057 sententia
1464 1995 1493 2026 '²

104 2104 137 2168 in
163 2103 308 2166 Ananiam
334 2109 364 2166 et
392 2104 544 2187 Saphiram
570 2107 777 2188 pronunciata,
810 2111 872 2168 tum
902 2105 1039 2169 iudicium
1066 2123 1123 2187 quo
1155 2105 1304 2169 Simonem
1331 2102 1495 2165 divinorum

104 2212 313 2276 charismatum
330 2221 479 2276 exsortem
502 2213 668 2279 declaravit.
711 2213 816 2297 Neque
835 2215 883 2278 illa
898 2214 1054 2278 admodum
1069 2214 1106 2277 ad
1125 2213 1274 2277 lenitatem
1290 2212 1406 2294 inllexa,
1429 2213 1492 2294 qui-

102 2324 161 2388 bus
186 2323 331 2408 mnodum
352 2322 518 2405 alloquutus
539 2332 585 2387 est
598 2325 645 2387 ³³:
668 2325 724 2388 νῦν
743 2316 801 2388 oria
819 2326 849 2388 ri
869 2321 1030 2406 πειράζετε
1049 2324 1104 2387 τὸν
1127 2320 1223 2403 nicom
1245 2322 1320 2403 qaid
1339 2329 1402 2387 tom
1423 2342 1496 2407 erqo

106 2433 211 2498 Deum
230 2433 383 2496 tentalis?

216 2543 278 2607 Etsi
299 2560 371 2607 vero
392 2544 495 2626 negari
510 2545 628 2608 minime
644 2543 759 2625 debeat,
782 2546 949 2627 omnigenis
969 2544 1121 2609 nautibus
1134 2546 1162 2578 ³⁴
1187 2521 1377 2627 apostolicam
1399 2543 1496 2607 eccle·

106 2655 181 2719 siam
205 2654 358 2735 floruisse,
378 2653 553 2717 dissimulari
574 2656 644 2718 item
666 2671 726 2718 non
746 2634 843 2738 potest
857 2654 948 2718 luisse
961 2654 1117 2718 nonnullos
1139 2657 1189 2738 qui
1209 2674 1226 2718 a
1244 2662 1322 2718 tanto
1339 2652 1496 2736 perlectio-

1 2789 2 2806 ι
107 2765 154 2827 nis
176 2761 305 2826 culmine
327 2761 475 2827 abessent
517 2763 607 2827 Erant
621 2761 649 2798 ³⁵
674 2765 723 2846 qui
745 2772 974 2845 murmurarent,
997 2766 1047 2846 qui
1060 2765 1089 2797 ³⁶
1113 2764 1274 2828 seditiones
1296 2764 1423 2843 cierent,
1447 2762 1497 2843 qui

106 2880 210 2936 contra
231 2874 386 2954 ipsummet
407 2873 523 2936 Petrum
535 2876 563 2907 ⁸⁷
587 2874 700 2935 animos
721 2872 776 2936 sibi
797 2881 966 2955 sumerent,
992 2873 1203 2955 audentiusque
1225 2873 1431 2954 disceptarent.

0 2959 1 2976 ἵ
215 2981 401 3045 Restitissent
431 2999 506 3064 ergo
533 2982 637 3062 Petro,
664 3001 762 3064 neque
790 2982 877 3047 iacile
905 2984 1043 3048 sivissent
1070 2991 1100 3046 ut
1129 2985 1192 3066 ipse
1214 2982 1303 3046 veluti
1331 2989 1497 3044 ceterorum

110 3094 170 3157 dax
204 3100 235 3156 et
260 3099 346 3173 caput
370 3091 491 3173 plurima
520 3090 622 3168 solus,
657 3092 754 3154 omnia
781 3098 902 3173 primm
936 3100 1107 3175 capesseret
1133 3099 1163 3155 et
1194 3097 1408 3174 exequeretur,
1442 3089 1497 3151 nisi

107 3202 220 3286 liquido
242 3208 380 3282 nossent,
409 3200 588 3283 firmiterque
610 3201 818 3283 credidissent,
845 3202 885 3266 illi
905 3221 977 3285 prae
998 3202 1106 3264 ceteris
1126 3200 1217 3264 fuisse
1239 3220 1257 3265 a
1278 3199 1393 3263 Christo
1417 3216 1498 3262 com·

108 3314 228 3376 missam
257 3308 430 3392 ecclesiam,
461 3329 528 3374 eum
556 3329 644 3394 supra
666 3319 783 3375 ceteros
806 3312 906 3375 claves
928 3313 1097 3394 accepisse,
1128 3312 1192 3373 iure
1213 3310 1370 3391 cilicioque
1392 3307 1521 3375 confir-2

108 3420 207 3486 mandi
227 3419 333 3489 batres
354 3419 445 3483 fuisse
469 3420 620 3501 donatum,
648 3439 772 3504 remque
799 3421 985 3484 christianam
1011 3422 1147 3485 insuam
1167 3419 1301 3501 tutelam,
1331 3421 1372 3483 uti
1393 3419 1498 3484 christi

113 3532 272 3610 vicanum,
294 3530 454 3612 recepisse.

217 3645 288 3702 264.
330 3639 422 3702 lmmo
444 3638 589 3702 aiinmare
611 3657 671 3703 non
691 3640 897 3721 dubitaverim,
927 3658 986 3723 quo
1013 3622 1144 3722 quisquis
1166 3647 1247 3703 esset
1267 3640 1397 3703 sanctior
1418 3646 1447 3702 et
1467 3640 1497 3702 in

109 3750 266 3814 christiana
288 3748 470 3830 perfectione
491 3751 668 3831 provectior,
693 3768 730 3813 eo
753 3749 970 3832 diligentiorem
992 3750 1111 3813 daturus
1132 3767 1263 3831 operam,
1285 3769 1324 3813 ne
1346 3768 1380 3814 se
1396 3748 1497 3812 Petnts

109 3862 218 3924 ceteris
246 3857 426 3941 praeferret,
455 3859 511 3922 nisi
535 3877 588 3941 pro
617 3868 699 3923 certo
726 3860 894 3937 habuisset,
925 3861 1040 3923 eximiis
1060 3858 1141 3923 illum
1163 3860 1267 3940 donis,
1296 3858 1496 3943 singularique

110 3971 283 4033 auctoritate
303 3968 394 4031 luisse
416 3968 552 4034 divinitus
574 3977 698 4033 auctum.
741 3969 827 4044 Quod
849 3987 938 4051 quum
959 3970 1118 4034 obscurum
1140 3979 1243 4053 suapte
1264 3978 1369 4054 sponte
1382 3972 1412 4004 ⁸⁸
1437 3985 1497 4031 non

57 4116 65 4127 ·
110 4082 164 4161 sit,
186 4080 223 4143 iis
243 4077 374 4141 redditur
395 4079 558 4143 evidentius
580 4098 656 4161 quae
678 4098 783 4144 sacrae
804 4079 918 4144 litterae
940 4080 977 4143 de
998 4078 1087 4143 Paulo
1108 4080 1248 4144 raserunt

175 4273 453 4350 ”NWSS
895 4275 1146 4352 mmmm

178 4378 449 4455 ⁸wmma
894 4415 1158 4493 mmmm

175 4486 222 4561 ⁸²)
242 4484 265 4542 ll
286 4502 336 4559 qua
356 4485 519 4560 Porphyrius
544 4493 633 4543 natam
658 4485 711 4543 sibi
736 4500 783 4543 oe·
992 4559 997 4571 ⁸

114 4594 251 4649 castorem
271 4592 449 4667 existimavit,
475 4608 527 4666 qua
547 4592 618 4649 Petri
640 4591 782 4649 crudelita-
810 4582 813 4589 ’
894 4555 940 4632 ³⁷)
960 4556 1026 4613 und·
1047 4558 1092 4614 ΧῙ·
1113 4556 1141 4614 2·

113 4705 167 4756 tem
196 4699 378 4755 insectaretur.
430 4699 469 4755 Ci.
502 4698 643 4756 liarooium
674 4698 708 4755 ad
738 4715 781 4756 an.
893 4695 940 4771 ³⁸)
960 4696 1061 4754 Summi
1081 4697 1152 4754 enim
1171 4696 1298 4753 momenti
1317 4699 1375 4751 erat
1392 4710 1498 4766 carme

113 4802 237 4862 xxxiv.
258 4802 284 4876 S.
307 4803 440 4861 cctxtv.
832 4804 957 4860 naratio
984 4803 1210 4861 administrandae
1236 4802 1368 4859 sedeciae
1388 4815 1403 4855 ι
1424 4798 1500 4856 Chri·

179 4908 225 4985 ³³)
244 4909 304 4968 nce
326 4910 385 4968 llll.
409 4909 454 4967 10.
833 4914 877 4965 sto
904 4909 1025 4967 tustimta
1052 4910 1200 4984 cuiuspiam
1220 4908 1369 4966 tenuitate
1388 4903 1500 4960 sabver-

180 5014 226 5092 ³⁴)
244 5015 312 5073 ibid
332 5017 379 5076 Ν.
400 5016 448 5075 32.
468 5032 543 5091 seqq.
835 5020 942 5072 teretur.
1194 5031 1198 5039 ⁴
