3324 5382
704 274 835 343 Idm
876 272 1109 342 sccunbus

730 747 1086 845 ntttttttl.

537 940 761 1025 chlunwtnr
793 944 885 1009 verbu
916 945 1012 1030 βόσκε
1043 946 1096 1008 καὶ
1126 945 1288 1026 ποίμαινει
1317 979 1358 991 -—
1389 947 1421 1004 in
1449 961 1508 1019 quo
1542 937 1606 1022 dis-

420 1055 551 1143 serant:
572 1091 613 1102 —
642 1055 718 1135 qnid
737 1077 754 1118 e
773 1055 987 1141 culpatissimo
1013 1076 1075 1117 usu
1102 1055 1260 1118 denotent:
1289 1092 1324 1101 -
1359 1072 1489 1132 punmce
1511 1046 1606 1112 Petri

428 1171 644 1230 auctoritatem
669 1165 870 1250 praeferant:
896 1203 938 1215 —
971 1163 1097 1249 stapulo
1125 1163 1342 1244 expenduntur
1369 1166 1522 1224 sermonis
1549 1160 1608 1223 nd-

426 1283 550 1339 iuncto:
572 1313 614 1325 -
641 1274 700 1339 loci
718 1274 863 1356 paralleli
885 1284 1121 1355 comparantur:
1141 1312 1183 1322 -
1210 1293 1415 1354 supremoque
1439 1265 1535 1333 Petri
1550 1292 1607 1350 po-

428 1392 525 1448 testne
547 1384 737 1449 adstruitur:
759 1423 801 1433 —
832 1406 892 1466 ouo
912 1408 950 1449 eo
972 1392 1102 1464 spectet,
1133 1405 1229 1464 quone
1242 1381 1346 1468 suerit
1366 1379 1494 1445 εοιιείίίο
1516 1386 1607 1442 insti

428 1501 516 1556 tuto:
538 1531 579 1541 —-
607 1493 784 1559 declaratur
806 1493 926 1559 collatis
948 1501 988 1556 iis
1011 1516 1090 1574 punc
1110 1491 1264 1556 bobentnr
1291 1488 1364 1556 doli.
1387 1487 1432 1554 X.
1454 1490 1607 1552 3-4-

429 1604 667 1686 8-26-27,
700 1614 729 1668 et
759 1603 873 1685 Eplres.
895 1601 957 1667 lV.
982 1609 1032 1667 11.
1056 1625 1156 1686 aequ.-
1185 1643 1223 1651 -
1260 1612 1326 1666 turn
1357 1601 1423 1665 ideo
1457 1608 1605 1664 inrtnutu

365 1758 367 1769 .
427 1714 608 1797 ostenditur,
630 1723 668 1778 nt
681 1713 799 1779 Petrus
814 1726 896 1780 esset
908 1724 1017 1797 partor
1036 1712 1231 1790 universalis,
1253 1713 1358 1776 Meton
1378 1718 1604 1787 oecumenicus,

425 1830 609 1905 principium
630 1835 723 1906 atone
743 1825 885 1909 efficiens
907 1823 1140 1889 ecclesiasticae
1164 1829 1295 1886 unitatis
1323 1827 1430 1905 oripo?
1453 1858 1497 1868 -
1530 1841 1606 1883 non-

429 1932 516 1997 nullo
538 1933 725 2020 colliguntur
742 1933 955 2016 praeclariora
977 1941 1189 1999 cormcetorio:
1209 1970 1250 1979 -
1271 1929 1404 2013 definis
1425 1936 1606 2004 tractationi

430 2051 604 2125 inponitur.

324 2303 393 2361 234.
431 2248 630 2379 Quemquam
652 2298 802 2379 explorata
817 2296 888 2360 satis
902 2295 996 2358 videri
1016 2294 1122 2358 debeat
1140 2300 1241 2373 potior
1262 2292 1404 2376 όίοιιίίοο,
1427 2289 1605 2354 sublimior·

217 2428 275 2488 pne
293 2414 490 2471 auctoritatis
508 2407 639 2491 prodor,
661 2407 699 2471 od
721 2426 808 2490 quem
830 2406 960 2470 Christus
981 2403 1098 2467 Petrum
1120 2402 1236 2485 everdt3
1257 2402 1426 2484 diligentior
1448 2408 1550 2465 tamon
1570 2421 1606 2466 ac

217 2535 307 2601 prope
330 2517 453 2580 dixerim
478 2516 659 2580 enucleatior
684 2517 827 2598 inspectio
855 2514 1013 2580 verborum
1042 2511 1166 2595 βόσκειν
1194 2514 1247 2577 καί
1275 2511 1453 2594 ποιμαίνειν
1481 2530 1538 2592 pro
1567 2530 1605 2574 εο

185 2708 193 2717 „
217 2645 275 2709 mro
297 2625 471 2689 adhibentur
492 2634 647 2702 conmxtu,
677 2642 736 2688 non
757 2624 906 2688 minimum
928 2623 1078 2703 conseret,
1104 2631 1136 2686 ut
1154 2623 1270 2705 plenius
1290 2629 1444 2703 utrumque
1465 2638 1605 2703 compro

215 2737 308 2800 betur.
358 2735 431 2797 lllud
458 2742 555 2798 nutem
583 2735 725 2817 principio
752 2731 1041 2817 animadvertendum
1070 2735 1217 2813 occurrit,
1250 2728 1606 2814 codenrcsipnificctionc

214 2843 338 2929 βόσκειν
359 2845 605 2927 introeuntium
626 2846 715 2925 sumi,
744 2862 800 2926 qna
826 2861 916 2907 voces
944 2839 1039 2923 οίρνία
1067 2842 1118 2906 καί
1144 2838 1287 2923 πρόβατα
1313 2847 1496 2923 usurpantur.
1541 2840 1605 2903 Hae

217 2975 289 3019 vero
309 2962 485 3037 usurpantur
504 2955 743 3035 μεταφορικοῖςι
776 2953 880 3015 eadem
902 2953 992 3033 igitur
1012 2950 1148 3014 translata
1170 2950 1382 3033 significatione
1404 2948 1530 3031 βόσκειν
1551 2950 1606 3013 καί

218 3067 397 3148 ποιμαίνειν
415 3064 605 3146 accipiuntur.

322 3175 461 3239 damvero
488 3180 545 3236 tam
570 3179 707 3252 proprie,
741 3190 828 3254 quam
855 3169 1059 3251 metaphorice
1083 3169 1214 3233 nonnihil
1233 3171 1275 3234 eb
1304 3171 1429 3233 invicem
1456 3177 1605 3252 potestate

217 3286 332 3349 distant.
374 3284 418 3347 De
440 3301 499 3365 quo
521 3282 689 3346 discrimine
719 3289 845 3364 egerunt
873 3281 1004 3363 pinibus
1031 3299 1121 3363 quum
1146 3279 1194 3345 alii
1209 3283 1237 3360 ¹,
1267 3288 1328 3343 tum
1353 3279 1602 3345 διεοιίίιοοκιοιο2

218 3399 268 3459 et’
288 3395 500 3473 Wetestenius,
524 3391 714 3473 collectisque
738 3392 879 3474 exemplis
902 3391 1101 3471 ostenderunt,
1124 3389 1220 3452 lotias
1241 3388 1276 3452 τὸ
1298 3389 1483 3470 ποιμαίνειν,
1505 3410 1604 3472 anpu-

216 3511 297 3568 etius
325 3502 360 3566 τὸ
385 3502 509 3586 βόσκειν
540 3509 650 3583 patere.
701 3499 764 3562 Hoc
791 3501 868 3563 enim
893 3508 1012 3564 αείίοία
1033 3497 1175 3580 loquendi
1195 3507 1314 3562 ratione
1334 3499 1413 3562 volet
1434 3498 1532 3561 aliurn
1549 3521 1604 3574 pa·

217 3636 319 3690 scere,
348 3635 386 3676 oc
407 3611 499 3675 alteri
527 3610 718 3691 suppeditato
739 3606 804 3671 cibo
822 3610 1002 3689 procidere3
1033 3610 1087 3673 scd
1109 3608 1199 3691 longe
1220 3616 1266 3672 est
1287 3608 1425 3689 amplior,
1452 3609 1603 3691 multoque

217 3726 343 3791 nobilior
365 3730 496 3806 potestas
518 3741 593 3804 quae
614 3723 661 3804 spi
681 3714 859 3801 ποιμαίνειν
878 3718 989 3783 subest.
1032 3717 1144 3781 Omnes
1158 3724 1239 3779 eninr
1253 3738 1356 3794 carae,
1376 3719 1603 3797 procidentiae·

219 3858 278 3916 qne
303 3843 393 3899 octus
418 3831 643 3913 complectitur,
670 3835 842 3913 incipietque
862 3836 994 3912 inopine
1014 3850 1034 3890 n
1046 3826 1148 3913 [σείει
1171 3834 1263 3907 otene
1287 3824 1451 3889 ambitione
1480 3826 1604 3890 alienis·

218 3954 314 4021 nimo,
336 3963 466 4006 munero
488 3947 604 4018 omnio,
624 3938 865 4026 sanctionesque
888 3959 993 4003 eornm
1013 3934 1172 4021 cipmficot
1193 3943 1246 4016 pai
1262 3936 1451 4015 praecident.

326 4059 398 4116 235.
442 4052 530 4115 Cuius
551 4049 772 4132 significationis
792 4056 835 4112 tot
856 4049 949 4112 terme
971 4046 1077 4112 adsunt
1097 4054 1205 4126 testes,
1235 4053 1305 4128 quot
1328 4047 1417 4128 prisci
1443 4049 1603 4127 scriptores

219 4164 379 4228 laudentur.
423 4161 552 4225 Homero
567 4161 701 4224 solemne
717 4166 772 4237 est,
794 4157 1027 4238 appellationem
1045 4164 1181 4238 pastoris
1203 4155 1327 4240 rapidus
1349 4156 1462 4236 indere,
1486 4162 1598 4238 quare⁴

221 4281 251 4336 et
270 4269 490 4354 Ἀγαμέμνονα
511 4279 540 4334 et
562 4268 715 4351 Δρύαντα
732 4260 825 4331 avocat
854 4274 987 4350 ποιμένα
1007 4268 1112 4342 λαῶν,
1142 4267 1234 4347 idest,
1262 4264 1392 4347 βασιλέα
1414 4266 1538 4344 όχλων,
1563 4269 1602 4330 uti

221 4381 395 4447 scholiastes
415 4381 547 4444 advertit.
589 4380 663 4444 ilinc
683 4377 759 4460 apud
779 4377 968 4462 Hesychium
989 4375 1121 4460 ποιμήν·
1143 4374 1306 4459 βασιίεόςε
1328 4383 1414 4457 atque
1438 4376 1508 4439 hinc
1529 4378 1599 4441 ilta⁵

221 4492 296 4575 apud
311 4490 500 4556 scholiastem
515 4489 666 4574 Odysseae
681 4489 904 4572 animadversio,
927 4493 1074 4572 ποιμένος
1095 4488 1214 4551 nomine
1237 4489 1496 4568 καταχρηστικῶς
1518 4505 1600 4549 usum

223 4622 291 4668 esse
306 4601 474 4681 Homerum,
495 4608 528 4662 ut
546 4590 713 4681 ιίιιιμίίοεοι
730 4609 886 4681 pastorem
907 4598 1043 4682 effemet3
1066 4598 1182 4680 κυρίως
1203 4594 1282 4662 enim
1296 4616 1356 4661 non
1377 4602 1527 4680 crespino,
1549 4596 1600 4662 sod

286 4799 312 4872 ¹)
333 4797 372 4855 ct.
393 4797 525 4856 Koccbcri
539 4796 667 4855 Αιικίεείι
687 4798 720 4854 od
741 4798 802 4856 iob.
816 4796 886 4854 XXI.
997 4796 1025 4871 ³)
1045 4794 1075 4851 ln
1096 4794 1168 4851 notis
1189 4794 1223 4850 ad
1242 4793 1269 4849 h,
1289 4794 1307 4849 l.

226 4903 361 4962 15-18.
999 4900 1027 4978 ⁴)
1045 4900 1120 4958 Iliad
1140 4900 1161 4957 L
1183 4898 1329 4972 63-263,
1350 4898 1448 4971 Odyss
1467 4898 1514 4956 lv.
1536 4896 1598 4956 532.

286 5008 315 5083 ²)
327 5007 438 5091 θείας.
457 5008 479 5064 1.
498 5005 635 5065 biberent.
655 5023 745 5081 graec
767 5008 794 5081 ς.
810 5008 858 5066 23.
999 5007 1028 5085 ⁵)
1047 5007 1091 5066 Ad
1111 5008 1207 5081 odyss.
1227 5003 1274 5064 XL
1294 5003 1342 5061 82.
