<?xml version="1.0" encoding="UTF-8"?>
<!DOCTYPE html PUBLIC "-//W3C//DTD XHTML 1.0 Transitional//EN"
    "http://www.w3.org/TR/xhtml1/DTD/xhtml1-transitional.dtd">
<html xmlns="http://www.w3.org/1999/xhtml" xml:lang="en" lang="en">
 <head>
  <title>
</title>
<meta http-equiv="Content-Type" content="text/html;charset=utf-8" />
  <meta name='ocr-system' content='tesseract 3.04.00' />
  <meta name='ocr-capabilities' content='ocr_page ocr_carea ocr_par ocr_line ocrx_word'/>
</head>
<body>
  <div class='ocr_page' id='page_1' title='image "./commentariusdep00passgoog_0371.png"; bbox 0 0 3300 5402; ppageno 0'>
   <div class='ocr_carea' id='block_1_1' title="bbox 654 246 1451 317">
    <p class='ocr_par' dir='ltr' id='par_1_1' title="bbox 654 246 1451 317">
     <span class='ocr_line' id='line_1_1' title="bbox 654 246 1451 317; baseline 0.003 -2"><span class='ocrx_word' id='word_1_1' title='bbox 654 246 800 317; x_wconf 74' lang='lat' dir='ltr'><strong>chron</strong></span> <span class='ocrx_word' id='word_1_2' title='bbox 841 250 866 313; x_wconf 88' lang='lat' dir='ltr'><strong>l.</strong></span> <span class='ocrx_word' id='word_1_3' title='bbox 1389 252 1451 317; x_wconf 70' lang='lat'><strong>³59</strong></span> 
     </span>
    </p>
   </div>
   <div class='ocr_carea' id='block_1_2' title="bbox 67 414 1450 3568">
    <p class='ocr_par' dir='ltr' id='par_1_2' title="bbox 68 414 1450 1701">
     <span class='ocr_line' id='line_1_2' title="bbox 79 414 1450 503; baseline 0.004 -23"><span class='ocrx_word' id='word_1_4' title='bbox 79 414 229 480; x_wconf 76' lang='lat' dir='ltr'><strong>cmlesbm</strong></span> <span class='ocrx_word' id='word_1_5' title='bbox 246 414 434 495; x_wconf 70' lang='lat' dir='ltr'><strong>aediderunt,</strong></span> <span class='ocrx_word' id='word_1_6' title='bbox 454 420 680 501; x_wconf 85' lang='lat' dir='ltr'><strong>quaepernenit</strong></span> <span class='ocrx_word' id='word_1_7' title='bbox 699 419 847 503; x_wconf 89' lang='lat' dir='ltr'><strong>usquead</strong></span> <span class='ocrx_word' id='word_1_8' title='bbox 867 436 932 499; x_wconf 88' lang='lat' dir='ltr'><strong>nes,</strong></span> <span class='ocrx_word' id='word_1_9' title='bbox 954 417 1096 482; x_wconf 76' lang='lat' dir='ltr'><strong>cunodita</strong></span> <span class='ocrx_word' id='word_1_10' title='bbox 1114 420 1181 483; x_wconf 89' lang='lat' dir='ltr'><strong>sine</strong></span> <span class='ocrx_word' id='word_1_11' title='bbox 1201 417 1340 501; x_wconf 80' lang='lat' dir='ltr'><strong>hebone,</strong></span> <span class='ocrx_word' id='word_1_12' title='bbox 1361 418 1450 485; x_wconf 78' lang='lat' dir='ltr'><strong>Scri·</strong></span> 
     </span>
     <span class='ocr_line' id='line_1_3' title="bbox 76 525 1448 615; baseline 0.006 -27"><span class='ocrx_word' id='word_1_13' title='bbox 76 533 234 605; x_wconf 73' lang='lat' dir='ltr'><strong>ptaroeata</strong></span> <span class='ocrx_word' id='word_1_14' title='bbox 244 533 426 590; x_wconf 80' lang='lat' dir='ltr'><strong>tractatione</strong></span> <span class='ocrx_word' id='word_1_15' title='bbox 433 525 621 607; x_wconf 68' lang='lat' dir='ltr'><strong>plenbatrne,</strong></span> <span class='ocrx_word' id='word_1_16' title='bbox 637 547 736 611; x_wconf 89' lang='lat' dir='ltr'><strong>neque</strong></span> <span class='ocrx_word' id='word_1_17' title='bbox 750 528 976 593; x_wconf 87' lang='lat' dir='ltr'><strong>additamentum</strong></span> <span class='ocrx_word' id='word_1_18' title='bbox 985 548 1084 611; x_wconf 89' lang='lat' dir='ltr'><strong>neque</strong></span> <span class='ocrx_word' id='word_1_19' title='bbox 1095 529 1271 594; x_wconf 89' lang='lat' dir='ltr'><strong>ablationem</strong></span> <span class='ocrx_word' id='word_1_20' title='bbox 1286 532 1448 615; x_wconf 83' lang='lat' dir='ltr'><strong>recipiens3</strong></span> 
     </span>
     <span class='ocr_line' id='line_1_4' title="bbox 78 630 1449 724; baseline 0.005 -27"><span class='ocrx_word' id='word_1_21' title='bbox 78 641 106 697; x_wconf 86' lang='lat' dir='ltr'><strong>et</strong></span> <span class='ocrx_word' id='word_1_22' title='bbox 120 630 204 697; x_wconf 79' lang='lat' dir='ltr'><strong>lectio</strong></span> <span class='ocrx_word' id='word_1_23' title='bbox 221 642 287 698; x_wconf 81' lang='lat' dir='ltr'><strong>rinc</strong></span> <span class='ocrx_word' id='word_1_24' title='bbox 302 634 477 718; x_wconf 75' lang='lat' dir='ltr'><strong>salsedcne</strong></span> <span class='ocrx_word' id='word_1_25' title='bbox 494 640 532 714; x_wconf 80' lang='lat'><strong>⁸⁰,</strong></span> <span class='ocrx_word' id='word_1_26' title='bbox 555 644 585 699; x_wconf 88' lang='lat' dir='ltr'><strong>et</strong></span> <span class='ocrx_word' id='word_1_27' title='bbox 605 638 773 701; x_wconf 81' lang='lat' dir='ltr'><strong>secundam</strong></span> <span class='ocrx_word' id='word_1_28' title='bbox 795 637 979 718; x_wconf 75' lang='lat' dir='ltr'><strong>Scripturas</strong></span> <span class='ocrx_word' id='word_1_29' title='bbox 1000 645 1152 717; x_wconf 66' lang='lat' dir='ltr'><strong>expositio</strong></span> <span class='ocrx_word' id='word_1_30' title='bbox 1172 638 1309 724; x_wconf 77' lang='lat' dir='ltr'><strong>legitime</strong></span> <span class='ocrx_word' id='word_1_31' title='bbox 1329 648 1360 703; x_wconf 84' lang='lat' dir='ltr'><strong>et</strong></span> <span class='ocrx_word' id='word_1_32' title='bbox 1380 640 1449 704; x_wconf 80' lang='lat' dir='ltr'><strong>dili·</strong></span> 
     </span>
     <span class='ocr_line' id='line_1_5' title="bbox 73 731 1449 832; baseline 0.006 -26"><span class='ocrx_word' id='word_1_33' title='bbox 73 763 154 826; x_wconf 76' lang='lat' dir='ltr'><strong>pena,</strong></span> <span class='ocrx_word' id='word_1_34' title='bbox 175 753 205 807; x_wconf 85' lang='lat' dir='ltr'><strong>et</strong></span> <span class='ocrx_word' id='word_1_35' title='bbox 224 751 292 807; x_wconf 75' lang='lat' dir='ltr'><strong>ren</strong></span> <span class='ocrx_word' id='word_1_36' title='bbox 308 744 452 825; x_wconf 69' lang='lat' dir='ltr'><strong>nemenio,</strong></span> <span class='ocrx_word' id='word_1_37' title='bbox 473 754 504 808; x_wconf 87' lang='lat' dir='ltr'><strong>et</strong></span> <span class='ocrx_word' id='word_1_38' title='bbox 525 752 593 809; x_wconf 77' lang='lat' dir='ltr'><strong>abac</strong></span> <span class='ocrx_word' id='word_1_39' title='bbox 614 745 818 828; x_wconf 73' lang='lat' dir='ltr'><strong>blasphemia,</strong></span> <span class='ocrx_word' id='word_1_40' title='bbox 842 731 872 812; x_wconf 82' lang='lat' dir='ltr'><strong>et</strong></span> <span class='ocrx_word' id='word_1_41' title='bbox 893 748 1080 830; x_wconf 85' lang='lat' dir='ltr'><strong>praecipuum</strong></span> <span class='ocrx_word' id='word_1_42' title='bbox 1102 748 1266 813; x_wconf 80' lang='lat' dir='ltr'><strong>dilectionis</strong></span> <span class='ocrx_word' id='word_1_43' title='bbox 1283 752 1311 785; x_wconf 77' lang='grc'>”</span> <span class='ocrx_word' id='word_1_44' title='bbox 1334 766 1449 832; x_wconf 87' lang='lat' dir='ltr'><strong>munus,</strong></span> 
     </span>
     <span class='ocr_line' id='line_1_6' title="bbox 75 853 1449 939; baseline 0.006 -23"><span class='ocrx_word' id='word_1_45' title='bbox 75 853 149 934; x_wconf 84' lang='lat' dir='ltr'><strong>quod</strong></span> <span class='ocrx_word' id='word_1_46' title='bbox 163 862 208 916; x_wconf 86' lang='lat' dir='ltr'><strong>est</strong></span> <span class='ocrx_word' id='word_1_47' title='bbox 220 855 376 936; x_wconf 68' lang='lat' dir='ltr'><strong>pretiosius</strong></span> <span class='ocrx_word' id='word_1_48' title='bbox 391 872 477 936; x_wconf 88' lang='lat' dir='ltr'><strong>quam</strong></span> <span class='ocrx_word' id='word_1_49' title='bbox 493 856 612 937; x_wconf 75' lang='lat' dir='ltr'><strong>agnitio,</strong></span> <span class='ocrx_word' id='word_1_50' title='bbox 633 856 791 938; x_wconf 77' lang='lat' dir='ltr'><strong>gloriosius</strong></span> <span class='ocrx_word' id='word_1_51' title='bbox 805 864 903 920; x_wconf 88' lang='lat' dir='ltr'><strong>autem</strong></span> <span class='ocrx_word' id='word_1_52' title='bbox 918 875 1005 938; x_wconf 88' lang='lat' dir='ltr'><strong>qnam</strong></span> <span class='ocrx_word' id='word_1_53' title='bbox 1019 858 1179 939; x_wconf 86' lang='lat' dir='ltr'><strong>prophetia,</strong></span> <span class='ocrx_word' id='word_1_54' title='bbox 1202 858 1336 923; x_wconf 90' lang='lat' dir='ltr'><strong>omnihus</strong></span> <span class='ocrx_word' id='word_1_55' title='bbox 1352 867 1449 924; x_wconf 89' lang='lat' dir='ltr'><strong>autem</strong></span> 
     </span>
     <span class='ocr_line' id='line_1_7' title="bbox 73 961 1450 1048; baseline 0.007 -24"><span class='ocrx_word' id='word_1_56' title='bbox 73 961 288 1027; x_wconf 76' lang='lat' dir='ltr'><strong>charismatibus</strong></span> <span class='ocrx_word' id='word_1_57' title='bbox 320 963 525 1028; x_wconf 86' lang='lat' dir='ltr'><strong>eminentius.“</strong></span> <span class='ocrx_word' id='word_1_58' title='bbox 578 965 615 1029; x_wconf 89' lang='lat' dir='ltr'><strong>Ut</strong></span> <span class='ocrx_word' id='word_1_59' title='bbox 641 967 720 1029; x_wconf 91' lang='lat' dir='ltr'><strong>enim</strong></span> <span class='ocrx_word' id='word_1_60' title='bbox 746 966 825 1030; x_wconf 88' lang='lat' dir='ltr'><strong>idem</strong></span> <span class='ocrx_word' id='word_1_61' title='bbox 843 970 868 1003; x_wconf 80' lang='lat'><strong>⁸¹</strong></span> <span class='ocrx_word' id='word_1_62' title='bbox 894 966 988 1030; x_wconf 81' lang='lat' dir='ltr'><strong>addit:</strong></span> <span class='ocrx_word' id='word_1_63' title='bbox 1020 968 1095 1048; x_wconf 90' lang='lat' dir='ltr'><strong>„Ubi</strong></span> <span class='ocrx_word' id='word_1_64' title='bbox 1127 968 1300 1032; x_wconf 85' lang='lat' dir='ltr'><strong>charismata</strong></span> <span class='ocrx_word' id='word_1_65' title='bbox 1332 967 1450 1033; x_wconf 82' lang='lat' dir='ltr'><strong>Domini</strong></span> 
     </span>
     <span class='ocr_line' id='line_1_8' title="bbox 70 1071 1448 1161; baseline 0.007 -28"><span class='ocrx_word' id='word_1_66' title='bbox 70 1072 160 1153; x_wconf 90' lang='lat' dir='ltr'><strong>posita</strong></span> <span class='ocrx_word' id='word_1_67' title='bbox 180 1079 263 1151; x_wconf 85' lang='lat' dir='ltr'><strong>stant,</strong></span> <span class='ocrx_word' id='word_1_68' title='bbox 296 1071 336 1135; x_wconf 89' lang='lat' dir='ltr'><strong>ibi</strong></span> <span class='ocrx_word' id='word_1_69' title='bbox 357 1072 474 1136; x_wconf 73' lang='lat' dir='ltr'><strong>tumre</strong></span> <span class='ocrx_word' id='word_1_70' title='bbox 498 1081 613 1155; x_wconf 83' lang='lat' dir='ltr'><strong>oportet</strong></span> <span class='ocrx_word' id='word_1_71' title='bbox 633 1076 799 1153; x_wconf 59' lang='lat' dir='ltr'><strong>vennam,</strong></span> <span class='ocrx_word' id='word_1_72' title='bbox 830 1074 904 1157; x_wconf 88' lang='lat' dir='ltr'><strong>apud</strong></span> <span class='ocrx_word' id='word_1_73' title='bbox 926 1093 1000 1157; x_wconf 89' lang='lat' dir='ltr'><strong>quos</strong></span> <span class='ocrx_word' id='word_1_74' title='bbox 1022 1084 1069 1139; x_wconf 86' lang='lat' dir='ltr'><strong>est</strong></span> <span class='ocrx_word' id='word_1_75' title='bbox 1089 1095 1135 1157; x_wconf 88' lang='lat' dir='ltr'><strong>ee,</strong></span> <span class='ocrx_word' id='word_1_76' title='bbox 1156 1095 1231 1158; x_wconf 91' lang='lat' dir='ltr'><strong>quae</strong></span> <span class='ocrx_word' id='word_1_77' title='bbox 1253 1084 1299 1141; x_wconf 91' lang='lat' dir='ltr'><strong>est</strong></span> <span class='ocrx_word' id='word_1_78' title='bbox 1319 1076 1356 1141; x_wconf 88' lang='lat' dir='ltr'><strong>ab</strong></span> <span class='ocrx_word' id='word_1_79' title='bbox 1377 1097 1448 1161; x_wconf 90' lang='lat' dir='ltr'><strong>apo-</strong></span> 
     </span>
     <span class='ocr_line' id='line_1_9' title="bbox 69 1180 1447 1270; baseline 0.007 -27"><span class='ocrx_word' id='word_1_80' title='bbox 69 1180 147 1243; x_wconf 83' lang='lat' dir='ltr'><strong>stolis</strong></span> <span class='ocrx_word' id='word_1_81' title='bbox 171 1180 319 1245; x_wconf 84' lang='lat' dir='ltr'><strong>ecclesiae</strong></span> <span class='ocrx_word' id='word_1_82' title='bbox 340 1183 507 1263; x_wconf 87' lang='lat' dir='ltr'><strong>successio,</strong></span> <span class='ocrx_word' id='word_1_83' title='bbox 529 1190 559 1247; x_wconf 91' lang='lat' dir='ltr'><strong>et</strong></span> <span class='ocrx_word' id='word_1_84' title='bbox 580 1183 609 1247; x_wconf 92' lang='lat' dir='ltr'><strong>id</strong></span> <span class='ocrx_word' id='word_1_85' title='bbox 631 1184 709 1265; x_wconf 90' lang='lat' dir='ltr'><strong>quod</strong></span> <span class='ocrx_word' id='word_1_86' title='bbox 731 1191 776 1248; x_wconf 96' lang='grc' dir='ltr'><strong>εει</strong></span> <span class='ocrx_word' id='word_1_87' title='bbox 796 1203 899 1249; x_wconf 89' lang='lat' dir='ltr'><strong>sanum</strong></span> <span class='ocrx_word' id='word_1_88' title='bbox 921 1193 952 1248; x_wconf 91' lang='grc' dir='ltr'><strong>ει</strong></span> <span class='ocrx_word' id='word_1_89' title='bbox 972 1185 1184 1267; x_wconf 87' lang='lat' dir='ltr'><strong>irreprobabiie</strong></span> <span class='ocrx_word' id='word_1_90' title='bbox 1207 1188 1447 1270; x_wconf 87' lang='lat' dir='ltr'><strong>conversationis,</strong></span> 
     </span>
     <span class='ocr_line' id='line_1_10' title="bbox 69 1291 1449 1379; baseline 0.007 -26"><span class='ocrx_word' id='word_1_91' title='bbox 69 1296 98 1353; x_wconf 90' lang='lat' dir='ltr'><strong>et</strong></span> <span class='ocrx_word' id='word_1_92' title='bbox 117 1291 340 1355; x_wconf 81' lang='lat' dir='ltr'><strong>imduiteratum</strong></span> <span class='ocrx_word' id='word_1_93' title='bbox 361 1298 392 1355; x_wconf 89' lang='lat' dir='ltr'><strong>et</strong></span> <span class='ocrx_word' id='word_1_94' title='bbox 411 1292 629 1373; x_wconf 84' lang='lat' dir='ltr'><strong>incornrptibiie</strong></span> <span class='ocrx_word' id='word_1_95' title='bbox 656 1295 803 1359; x_wconf 80' lang='lat' dir='ltr'><strong>semronis</strong></span> <span class='ocrx_word' id='word_1_96' title='bbox 831 1301 952 1358; x_wconf 74' lang='lat' dir='ltr'><strong>conant.</strong></span> <span class='ocrx_word' id='word_1_97' title='bbox 994 1294 1030 1358; x_wconf 88' lang='lat' dir='ltr'><strong>lli</strong></span> <span class='ocrx_word' id='word_1_98' title='bbox 1052 1296 1130 1358; x_wconf 90' lang='lat' dir='ltr'><strong>enim</strong></span> <span class='ocrx_word' id='word_1_99' title='bbox 1149 1303 1179 1359; x_wconf 91' lang='lat' dir='ltr'><strong>et</strong></span> <span class='ocrx_word' id='word_1_100' title='bbox 1200 1314 1282 1379; x_wconf 87' lang='lat' dir='ltr'><strong>eam,</strong></span> <span class='ocrx_word' id='word_1_101' title='bbox 1308 1305 1449 1379; x_wconf 85' lang='lat' dir='ltr'><strong>quaeest</strong></span> 
     </span>
     <span class='ocr_line' id='line_1_11' title="bbox 68 1400 1450 1487; baseline 0.006 -23"><span class='ocrx_word' id='word_1_102' title='bbox 68 1402 203 1465; x_wconf 87' lang='lat' dir='ltr'><strong>inunum</strong></span> <span class='ocrx_word' id='word_1_103' title='bbox 225 1401 321 1465; x_wconf 62' lang='lat' dir='ltr'><strong>mum</strong></span> <span class='ocrx_word' id='word_1_104' title='bbox 344 1402 394 1483; x_wconf 89' lang='lat' dir='ltr'><strong>qui</strong></span> <span class='ocrx_word' id='word_1_105' title='bbox 414 1404 511 1466; x_wconf 92' lang='lat' dir='ltr'><strong>omnia</strong></span> <span class='ocrx_word' id='word_1_106' title='bbox 532 1400 611 1482; x_wconf 86' lang='lat' dir='ltr'><strong>lecit,</strong></span> <span class='ocrx_word' id='word_1_107' title='bbox 633 1401 720 1466; x_wconf 84' lang='lat' dir='ltr'><strong>bdem</strong></span> <span class='ocrx_word' id='word_1_108' title='bbox 743 1412 872 1468; x_wconf 87' lang='lat' dir='ltr'><strong>nostram</strong></span> <span class='ocrx_word' id='word_1_109' title='bbox 894 1404 1073 1467; x_wconf 88' lang='lat' dir='ltr'><strong>custodiunt:</strong></span> <span class='ocrx_word' id='word_1_110' title='bbox 1105 1411 1134 1466; x_wconf 90' lang='lat' dir='ltr'><strong>et</strong></span> <span class='ocrx_word' id='word_1_111' title='bbox 1160 1423 1226 1468; x_wconf 88' lang='lat' dir='ltr'><strong>eam</strong></span> <span class='ocrx_word' id='word_1_112' title='bbox 1247 1423 1324 1487; x_wconf 89' lang='lat' dir='ltr'><strong>quae</strong></span> <span class='ocrx_word' id='word_1_113' title='bbox 1351 1407 1450 1472; x_wconf 88' lang='lat' dir='ltr'><strong>estin</strong></span> 
     </span>
     <span class='ocr_line' id='line_1_12' title="bbox 68 1510 1448 1596; baseline 0.004 -23"><span class='ocrx_word' id='word_1_114' title='bbox 68 1510 185 1590; x_wconf 73' lang='lat' dir='ltr'><strong>himin,</strong></span> <span class='ocrx_word' id='word_1_115' title='bbox 208 1510 266 1575; x_wconf 81' lang='lat' dir='ltr'><strong>lici</strong></span> <span class='ocrx_word' id='word_1_116' title='bbox 286 1511 474 1576; x_wconf 88' lang='lat' dir='ltr'><strong>dilectionem</strong></span> <span class='ocrx_word' id='word_1_117' title='bbox 495 1510 659 1595; x_wconf 77' lang='lat' dir='ltr'><strong>adaugent,</strong></span> <span class='ocrx_word' id='word_1_118' title='bbox 687 1515 737 1595; x_wconf 91' lang='lat' dir='ltr'><strong>qni</strong></span> <span class='ocrx_word' id='word_1_119' title='bbox 758 1520 852 1577; x_wconf 80' lang='lat' dir='ltr'><strong>tantm</strong></span> <span class='ocrx_word' id='word_1_120' title='bbox 874 1512 1080 1596; x_wconf 90' lang='lat' dir='ltr'><strong>dispositiones</strong></span> <span class='ocrx_word' id='word_1_121' title='bbox 1101 1519 1220 1594; x_wconf 88' lang='lat' dir='ltr'><strong>propter</strong></span> <span class='ocrx_word' id='word_1_122' title='bbox 1239 1531 1295 1578; x_wconf 90' lang='lat' dir='ltr'><strong>nos</strong></span> <span class='ocrx_word' id='word_1_123' title='bbox 1315 1515 1397 1579; x_wconf 86' lang='lat' dir='ltr'><strong>iecit:</strong></span> <span class='ocrx_word' id='word_1_124' title='bbox 1419 1523 1448 1578; x_wconf 86' lang='lat' dir='ltr'><strong>et</strong></span> 
     </span>
     <span class='ocr_line' id='line_1_13' title="bbox 69 1616 1321 1701; baseline 0.001 -17"><span class='ocrx_word' id='word_1_125' title='bbox 69 1616 248 1700; x_wconf 74' lang='lat' dir='ltr'><strong>Scriptum</strong></span> <span class='ocrx_word' id='word_1_126' title='bbox 269 1627 336 1684; x_wconf 82' lang='lat' dir='ltr'><strong>atne</strong></span> <span class='ocrx_word' id='word_1_127' title='bbox 353 1620 492 1701; x_wconf 83' lang='lat' dir='ltr'><strong>perictrle</strong></span> <span class='ocrx_word' id='word_1_128' title='bbox 513 1620 601 1685; x_wconf 83' lang='lat' dir='ltr'><strong>nebia</strong></span> <span class='ocrx_word' id='word_1_129' title='bbox 621 1624 812 1701; x_wconf 74' lang='lat' dir='ltr'><strong>empomnt.“</strong></span> <span class='ocrx_word' id='word_1_130' title='bbox 1316 1646 1321 1663; x_wconf 86' lang='lat'><strong>·</strong></span> 
     </span>
    </p>

    <p class='ocr_par' dir='ltr' id='par_1_3' title="bbox 67 1729 1448 3112">
     <span class='ocr_line' id='line_1_14' title="bbox 170 1729 1447 1814; baseline 0.002 -18"><span class='ocrx_word' id='word_1_131' title='bbox 170 1732 243 1806; x_wconf 74' lang='lat' dir='ltr'><strong>Oasis</strong></span> <span class='ocrx_word' id='word_1_132' title='bbox 275 1730 392 1796; x_wconf 73' lang='lat' dir='ltr'><strong>andem</strong></span> <span class='ocrx_word' id='word_1_133' title='bbox 425 1750 442 1796; x_wconf 89' lang='lat' dir='ltr'><strong>e</strong></span> <span class='ocrx_word' id='word_1_134' title='bbox 474 1732 699 1814; x_wconf 83' lang='lat' dir='ltr'><strong>protestantibus</strong></span> <span class='ocrx_word' id='word_1_135' title='bbox 730 1750 790 1795; x_wconf 93' lang='lat' dir='ltr'><strong>non</strong></span> <span class='ocrx_word' id='word_1_136' title='bbox 822 1733 933 1795; x_wconf 89' lang='lat' dir='ltr'><strong>meritis</strong></span> <span class='ocrx_word' id='word_1_137' title='bbox 966 1730 1092 1794; x_wconf 90' lang='lat' dir='ltr'><strong>cumulat</strong></span> <span class='ocrx_word' id='word_1_138' title='bbox 1122 1729 1255 1794; x_wconf 88' lang='lat' dir='ltr'><strong>laudibus</strong></span> <span class='ocrx_word' id='word_1_139' title='bbox 1287 1731 1447 1798; x_wconf 87' lang='lat' dir='ltr'><strong>Hebraicas</strong></span> 
     </span>
     <span class='ocr_line' id='line_1_15' title="bbox 68 1838 1448 1926; baseline 0.001 -23"><span class='ocrx_word' id='word_1_140' title='bbox 68 1838 222 1923; x_wconf 86' lang='lat' dir='ltr'><strong>bightiooti</strong></span> <span class='ocrx_word' id='word_1_141' title='bbox 244 1841 355 1922; x_wconf 85' lang='lat' dir='ltr'><strong>liores,</strong></span> <span class='ocrx_word' id='word_1_142' title='bbox 377 1841 578 1926; x_wconf 76' lang='lat' dir='ltr'><strong>schoettgenii</strong></span> <span class='ocrx_word' id='word_1_143' title='bbox 607 1843 638 1905; x_wconf 93' lang='lat' dir='ltr'><strong>in</strong></span> <span class='ocrx_word' id='word_1_144' title='bbox 665 1841 800 1906; x_wconf 79' lang='lat' dir='ltr'><strong>texendis</strong></span> <span class='ocrx_word' id='word_1_145' title='bbox 820 1841 971 1905; x_wconf 82' lang='lat' dir='ltr'><strong>Hebraicis</strong></span> <span class='ocrx_word' id='word_1_146' title='bbox 993 1839 1248 1923; x_wconf 83' lang='lat' dir='ltr'><strong>Thalmudicisque</strong></span> <span class='ocrx_word' id='word_1_147' title='bbox 1269 1841 1355 1905; x_wconf 87' lang='lat' dir='ltr'><strong>Horis</strong></span> <span class='ocrx_word' id='word_1_148' title='bbox 1384 1842 1448 1905; x_wconf 92' lang='lat' dir='ltr'><strong>dili-</strong></span> 
     </span>
     <span class='ocr_line' id='line_1_16' title="bbox 67 1942 1445 2033; baseline 0.001 -19"><span class='ocrx_word' id='word_1_149' title='bbox 67 1951 202 2032; x_wconf 83' lang='lat' dir='ltr'><strong>geutiam‚</strong></span> <span class='ocrx_word' id='word_1_150' title='bbox 225 1958 258 2015; x_wconf 87' lang='lat' dir='ltr'><strong>et</strong></span> <span class='ocrx_word' id='word_1_151' title='bbox 277 1948 461 2015; x_wconf 86' lang='lat' dir='ltr'><strong>hleusehenii</strong></span> <span class='ocrx_word' id='word_1_152' title='bbox 487 1968 572 2015; x_wconf 87' lang='lat' dir='ltr'><strong>curas</strong></span> <span class='ocrx_word' id='word_1_153' title='bbox 600 1952 631 2015; x_wconf 91' lang='lat' dir='ltr'><strong>in</strong></span> <span class='ocrx_word' id='word_1_154' title='bbox 652 1951 819 2015; x_wconf 83' lang='lat' dir='ltr'><strong>edomanda</strong></span> <span class='ocrx_word' id='word_1_155' title='bbox 841 1952 1077 2033; x_wconf 84' lang='lat' dir='ltr'><strong>interpretatione</strong></span> <span class='ocrx_word' id='word_1_156' title='bbox 1099 1950 1133 2012; x_wconf 88' lang='lat' dir='ltr'><strong>N.</strong></span> <span class='ocrx_word' id='word_1_157' title='bbox 1157 1942 1189 2013; x_wconf 75' lang='grc' dir='ltr'><strong>Τ.</strong></span> <span class='ocrx_word' id='word_1_158' title='bbox 1216 1970 1255 2014; x_wconf 82' lang='lat' dir='ltr'><strong>ex</strong></span> <span class='ocrx_word' id='word_1_159' title='bbox 1275 1950 1445 2031; x_wconf 83' lang='lat' dir='ltr'><strong>lbaimude,</strong></span> 
     </span>
     <span class='ocr_line' id='line_1_17' title="bbox 67 2058 1447 2144; baseline 0.001 -21"><span class='ocrx_word' id='word_1_160' title='bbox 67 2059 319 2143; x_wconf 84' lang='lat' dir='ltr'><strong>hebraeorumque</strong></span> <span class='ocrx_word' id='word_1_161' title='bbox 341 2058 579 2144; x_wconf 84' lang='lat' dir='ltr'><strong>antiquitatibusl</strong></span> <span class='ocrx_word' id='word_1_162' title='bbox 612 2062 676 2143; x_wconf 91' lang='lat' dir='ltr'><strong>quis</strong></span> <span class='ocrx_word' id='word_1_163' title='bbox 704 2061 734 2123; x_wconf 91' lang='lat' dir='ltr'><strong>in</strong></span> <span class='ocrx_word' id='word_1_164' title='bbox 755 2060 926 2123; x_wconf 86' lang='lat' dir='ltr'><strong>enarrandis</strong></span> <span class='ocrx_word' id='word_1_165' title='bbox 948 2059 1094 2123; x_wconf 88' lang='lat' dir='ltr'><strong>hebraicis</strong></span> <span class='ocrx_word' id='word_1_166' title='bbox 1116 2059 1269 2142; x_wconf 83' lang='lat' dir='ltr'><strong>Scriptnris</strong></span> <span class='ocrx_word' id='word_1_167' title='bbox 1302 2079 1361 2124; x_wconf 93' lang='lat' dir='ltr'><strong>non</strong></span> <span class='ocrx_word' id='word_1_168' title='bbox 1391 2062 1447 2125; x_wconf 89' lang='lat' dir='ltr'><strong>sibi</strong></span> 
     </span>
     <span class='ocr_line' id='line_1_18' title="bbox 68 2168 1446 2254; baseline 0.001 -21"><span class='ocrx_word' id='word_1_169' title='bbox 68 2169 201 2233; x_wconf 86' lang='lat' dir='ltr'><strong>indictum</strong></span> <span class='ocrx_word' id='word_1_170' title='bbox 222 2177 305 2254; x_wconf 86' lang='lat' dir='ltr'><strong>putat</strong></span> <span class='ocrx_word' id='word_1_171' title='bbox 317 2172 363 2234; x_wconf 91' lang='lat' dir='ltr'><strong>sin</strong></span> <span class='ocrx_word' id='word_1_172' title='bbox 382 2172 477 2235; x_wconf 87' lang='lat' dir='ltr'><strong>minus</strong></span> <span class='ocrx_word' id='word_1_173' title='bbox 490 2173 588 2235; x_wconf 89' lang='lat' dir='ltr'><strong>iurare</strong></span> <span class='ocrx_word' id='word_1_174' title='bbox 608 2170 638 2233; x_wconf 91' lang='lat' dir='ltr'><strong>in</strong></span> <span class='ocrx_word' id='word_1_175' title='bbox 657 2188 759 2233; x_wconf 90' lang='lat' dir='ltr'><strong>eorum</strong></span> <span class='ocrx_word' id='word_1_176' title='bbox 781 2169 880 2250; x_wconf 89' lang='lat' dir='ltr'><strong>verbe,</strong></span> <span class='ocrx_word' id='word_1_177' title='bbox 901 2168 1017 2251; x_wconf 88' lang='lat' dir='ltr'><strong>plurimi</strong></span> <span class='ocrx_word' id='word_1_178' title='bbox 1031 2176 1113 2233; x_wconf 90' lang='lat' dir='ltr'><strong>certe</strong></span> <span class='ocrx_word' id='word_1_179' title='bbox 1127 2169 1227 2233; x_wconf 84' lang='lat' dir='ltr'><strong>tacere</strong></span> <span class='ocrx_word' id='word_1_180' title='bbox 1241 2170 1328 2234; x_wconf 80' lang='lat' dir='ltr'><strong>Aben</strong></span> <span class='ocrx_word' id='word_1_181' title='bbox 1341 2170 1446 2252; x_wconf 85' lang='lat' dir='ltr'><strong>Earae,</strong></span> 
     </span>
     <span class='ocr_line' id='line_1_19' title="bbox 68 2277 1445 2361; baseline 0.002 -21"><span class='ocrx_word' id='word_1_182' title='bbox 68 2277 152 2343; x_wconf 87' lang='lat' dir='ltr'><strong>iiosis</strong></span> <span class='ocrx_word' id='word_1_183' title='bbox 172 2281 233 2344; x_wconf 91' lang='lat' dir='ltr'><strong>ben</strong></span> <span class='ocrx_word' id='word_1_184' title='bbox 254 2279 397 2361; x_wconf 88' lang='lat' dir='ltr'><strong>hiaimon,</strong></span> <span class='ocrx_word' id='word_1_185' title='bbox 419 2279 537 2344; x_wconf 85' lang='lat' dir='ltr'><strong>Davidis</strong></span> <span class='ocrx_word' id='word_1_186' title='bbox 557 2278 690 2360; x_wconf 77' lang='lat' dir='ltr'><strong>llimcbb,</strong></span> <span class='ocrx_word' id='word_1_187' title='bbox 711 2278 819 2359; x_wconf 90' lang='lat' dir='ltr'><strong>Jarcbi,</strong></span> <span class='ocrx_word' id='word_1_188' title='bbox 842 2277 992 2342; x_wconf 69' lang='lat' dir='ltr'><strong>Levi&#39;ben</strong></span> <span class='ocrx_word' id='word_1_189' title='bbox 1014 2278 1136 2357; x_wconf 81' lang='lat' dir='ltr'><strong>Gomon,</strong></span> <span class='ocrx_word' id='word_1_190' title='bbox 1158 2277 1248 2342; x_wconf 87' lang='lat' dir='ltr'><strong>hiosis</strong></span> <span class='ocrx_word' id='word_1_191' title='bbox 1269 2277 1329 2342; x_wconf 92' lang='lat' dir='ltr'><strong>ben</strong></span> <span class='ocrx_word' id='word_1_192' title='bbox 1349 2278 1445 2343; x_wconf 85' lang='lat' dir='ltr'><strong>Nach-</strong></span> 
     </span>
     <span class='ocr_line' id='line_1_20' title="bbox 69 2386 1445 2471; baseline 0.001 -18"><span class='ocrx_word' id='word_1_193' title='bbox 69 2409 141 2470; x_wconf 89' lang='lat' dir='ltr'><strong>man,</strong></span> <span class='ocrx_word' id='word_1_194' title='bbox 155 2390 189 2453; x_wconf 86' lang='lat' dir='ltr'><strong>ll.</strong></span> <span class='ocrx_word' id='word_1_195' title='bbox 204 2388 325 2471; x_wconf 88' lang='lat' dir='ltr'><strong>Bechai,</strong></span> <span class='ocrx_word' id='word_1_196' title='bbox 343 2390 436 2453; x_wconf 76' lang='lat' dir='ltr'><strong>laeam</strong></span> <span class='ocrx_word' id='word_1_197' title='bbox 447 2389 623 2471; x_wconf 83' lang='lat' dir='ltr'><strong>Abarbenel,</strong></span> <span class='ocrx_word' id='word_1_198' title='bbox 638 2397 668 2452; x_wconf 90' lang='lat' dir='ltr'><strong>et</strong></span> <span class='ocrx_word' id='word_1_199' title='bbox 677 2388 763 2452; x_wconf 84' lang='lat' dir='ltr'><strong>Aben</strong></span> <span class='ocrx_word' id='word_1_200' title='bbox 778 2386 837 2451; x_wconf 90' lang='lat' dir='ltr'><strong>ben</strong></span> <span class='ocrx_word' id='word_1_201' title='bbox 852 2386 968 2451; x_wconf 84' lang='lat' dir='ltr'><strong>Melecb</strong></span> <span class='ocrx_word' id='word_1_202' title='bbox 983 2388 1218 2469; x_wconf 89' lang='lat' dir='ltr'><strong>commentarios,</strong></span> <span class='ocrx_word' id='word_1_203' title='bbox 1232 2390 1445 2471; x_wconf 89' lang='lat' dir='ltr'><strong>annotationes,</strong></span> 
     </span>
     <span class='ocr_line' id='line_1_21' title="bbox 69 2497 1446 2582; baseline 0.002 -21"><span class='ocrx_word' id='word_1_204' title='bbox 69 2498 199 2564; x_wconf 86' lang='lat' dir='ltr'><strong>sebolial</strong></span> <span class='ocrx_word' id='word_1_205' title='bbox 221 2519 262 2563; x_wconf 87' lang='lat' dir='ltr'><strong>ne</strong></span> <span class='ocrx_word' id='word_1_206' title='bbox 276 2510 351 2563; x_wconf 81' lang='lat' dir='ltr'><strong>unats</strong></span> <span class='ocrx_word' id='word_1_207' title='bbox 371 2499 499 2582; x_wconf 87' lang='lat' dir='ltr'><strong>quidem,</strong></span> <span class='ocrx_word' id='word_1_208' title='bbox 521 2518 609 2582; x_wconf 91' lang='lat' dir='ltr'><strong>quum</strong></span> <span class='ocrx_word' id='word_1_209' title='bbox 624 2499 748 2581; x_wconf 88' lang='lat' dir='ltr'><strong>quisque</strong></span> <span class='ocrx_word' id='word_1_210' title='bbox 771 2504 881 2579; x_wconf 88' lang='lat' dir='ltr'><strong>cernat,</strong></span> <span class='ocrx_word' id='word_1_211' title='bbox 903 2497 972 2560; x_wconf 90' lang='lat' dir='ltr'><strong>boni</strong></span> <span class='ocrx_word' id='word_1_212' title='bbox 994 2514 1063 2559; x_wconf 89' lang='lat' dir='ltr'><strong>esse</strong></span> <span class='ocrx_word' id='word_1_213' title='bbox 1079 2498 1257 2579; x_wconf 84' lang='lat' dir='ltr'><strong>sagacisque</strong></span> <span class='ocrx_word' id='word_1_214' title='bbox 1281 2498 1446 2581; x_wconf 88' lang='lat' dir='ltr'><strong>interpretis</strong></span> 
     </span>
     <span class='ocr_line' id='line_1_22' title="bbox 71 2604 1445 2692; baseline 0.002 -20"><span class='ocrx_word' id='word_1_215' title='bbox 71 2626 119 2672; x_wconf 91' lang='lat' dir='ltr'><strong>eos</strong></span> <span class='ocrx_word' id='word_1_216' title='bbox 137 2608 234 2673; x_wconf 81' lang='lat' dir='ltr'><strong>tontes</strong></span> <span class='ocrx_word' id='word_1_217' title='bbox 257 2607 359 2685; x_wconf 90' lang='lat' dir='ltr'><strong>adire,</strong></span> <span class='ocrx_word' id='word_1_218' title='bbox 391 2627 541 2692; x_wconf 89' lang='lat' dir='ltr'><strong>aquasque</strong></span> <span class='ocrx_word' id='word_1_219' title='bbox 561 2628 599 2672; x_wconf 86' lang='lat' dir='ltr'><strong>ex</strong></span> <span class='ocrx_word' id='word_1_220' title='bbox 618 2609 654 2672; x_wconf 93' lang='lat' dir='ltr'><strong>iis</strong></span> <span class='ocrx_word' id='word_1_221' title='bbox 674 2608 705 2670; x_wconf 92' lang='lat' dir='ltr'><strong>in</strong></span> <span class='ocrx_word' id='word_1_222' title='bbox 724 2626 789 2671; x_wconf 85' lang='lat' dir='ltr'><strong>rem</strong></span> <span class='ocrx_word' id='word_1_223' title='bbox 812 2626 895 2671; x_wconf 91' lang='lat' dir='ltr'><strong>suam</strong></span> <span class='ocrx_word' id='word_1_224' title='bbox 914 2607 1038 2670; x_wconf 89' lang='lat' dir='ltr'><strong>dextere</strong></span> <span class='ocrx_word' id='word_1_225' title='bbox 1069 2604 1264 2688; x_wconf 85' lang='lat' dir='ltr'><strong>sollerterque</strong></span> <span class='ocrx_word' id='word_1_226' title='bbox 1286 2610 1445 2675; x_wconf 76' lang='lat' dir='ltr'><strong>conivere.</strong></span> 
     </span>
     <span class='ocr_line' id='line_1_23' title="bbox 70 2706 1447 2803; baseline 0.003 -24"><span class='ocrx_word' id='word_1_227' title='bbox 70 2717 105 2779; x_wconf 81' lang='lat' dir='ltr'><strong>At</strong></span> <span class='ocrx_word' id='word_1_228' title='bbox 123 2719 299 2803; x_wconf 84' lang='lat' dir='ltr'><strong>negabimus</strong></span> <span class='ocrx_word' id='word_1_229' title='bbox 319 2736 359 2783; x_wconf 90' lang='lat' dir='ltr'><strong>ne</strong></span> <span class='ocrx_word' id='word_1_230' title='bbox 380 2706 525 2800; x_wconf 77' lang='lat' dir='ltr'><strong>patribu&#39;s,</strong></span> <span class='ocrx_word' id='word_1_231' title='bbox 556 2718 720 2800; x_wconf 79' lang='lat' dir='ltr'><strong>priscisque</strong></span> <span class='ocrx_word' id='word_1_232' title='bbox 742 2717 888 2780; x_wconf 88' lang='lat' dir='ltr'><strong>ecciesiae</strong></span> <span class='ocrx_word' id='word_1_233' title='bbox 910 2715 1095 2795; x_wconf 88' lang='lat' dir='ltr'><strong>doctoribus,</strong></span> <span class='ocrx_word' id='word_1_234' title='bbox 1118 2715 1197 2796; x_wconf 90' lang='lat' dir='ltr'><strong>quod</strong></span> <span class='ocrx_word' id='word_1_235' title='bbox 1217 2715 1346 2781; x_wconf 86' lang='lat' dir='ltr'><strong>rabbinis</strong></span> <span class='ocrx_word' id='word_1_236' title='bbox 1365 2717 1447 2783; x_wconf 84' lang='lat' dir='ltr'><strong>dela·</strong></span> 
     </span>
     <span class='ocr_line' id='line_1_24' title="bbox 67 2820 1446 2911; baseline 0 -19"><span class='ocrx_word' id='word_1_237' title='bbox 67 2829 170 2911; x_wconf 80' lang='lat' dir='ltr'><strong>rimam,</strong></span> <span class='ocrx_word' id='word_1_238' title='bbox 204 2836 236 2892; x_wconf 92' lang='lat' dir='ltr'><strong>et</strong></span> <span class='ocrx_word' id='word_1_239' title='bbox 261 2826 513 2891; x_wconf 89' lang='lat' dir='ltr'><strong>thalmudistarum</strong></span> <span class='ocrx_word' id='word_1_240' title='bbox 543 2826 834 2890; x_wconf 87' lang='lat' dir='ltr'><strong>commentationibus</strong></span> <span class='ocrx_word' id='word_1_241' title='bbox 863 2820 1025 2908; x_wconf 85' lang='lat' dir='ltr'><strong>largimurl</strong></span> <span class='ocrx_word' id='word_1_242' title='bbox 1053 2822 1083 2885; x_wconf 92' lang='lat' dir='ltr'><strong>id</strong></span> <span class='ocrx_word' id='word_1_243' title='bbox 1107 2831 1187 2887; x_wconf 90' lang='lat' dir='ltr'><strong>esset</strong></span> <span class='ocrx_word' id='word_1_244' title='bbox 1219 2842 1278 2887; x_wconf 93' lang='lat' dir='ltr'><strong>non</strong></span> <span class='ocrx_word' id='word_1_245' title='bbox 1304 2825 1446 2892; x_wconf 85' lang='lat' dir='ltr'><strong>illiberale</strong></span> 
     </span>
     <span class='ocr_line' id='line_1_25' title="bbox 68 2934 1447 3020; baseline 0 -21"><span class='ocrx_word' id='word_1_246' title='bbox 68 2937 174 3020; x_wconf 86' lang='lat' dir='ltr'><strong>solum,</strong></span> <span class='ocrx_word' id='word_1_247' title='bbox 202 2936 261 3002; x_wconf 91' lang='lat' dir='ltr'><strong>sed</strong></span> <span class='ocrx_word' id='word_1_248' title='bbox 294 2938 413 3000; x_wconf 87' lang='lat' dir='ltr'><strong>omnino</strong></span> <span class='ocrx_word' id='word_1_249' title='bbox 439 2937 660 3018; x_wconf 88' lang='lat' dir='ltr'><strong>iniquissimum.</strong></span> <span class='ocrx_word' id='word_1_250' title='bbox 703 2934 897 3000; x_wconf 85' lang='lat' dir='ltr'><strong>Consulantur</strong></span> <span class='ocrx_word' id='word_1_251' title='bbox 920 2950 994 3016; x_wconf 87' lang='lat' dir='ltr'><strong>ergo</strong></span> <span class='ocrx_word' id='word_1_252' title='bbox 1016 2940 1115 3015; x_wconf 87' lang='lat' dir='ltr'><strong>patres</strong></span> <span class='ocrx_word' id='word_1_253' title='bbox 1137 2941 1262 3016; x_wconf 87' lang='lat' dir='ltr'><strong>oportet,</strong></span> <span class='ocrx_word' id='word_1_254' title='bbox 1284 2952 1447 3018; x_wconf 90' lang='lat' dir='ltr'><strong>eorumque</strong></span> 
     </span>
     <span class='ocr_line' id='line_1_26' title="bbox 67 3047 972 3112; baseline 0 -2"><span class='ocrx_word' id='word_1_255' title='bbox 67 3048 263 3112; x_wconf 80' lang='lat' dir='ltr'><strong>testimoniam</strong></span> <span class='ocrx_word' id='word_1_256' title='bbox 284 3047 424 3110; x_wconf 78' lang='lat' dir='ltr'><strong>audiatur.</strong></span> <span class='ocrx_word' id='word_1_257' title='bbox 963 3052 972 3065; x_wconf 82' lang='lat'>‘</span> 
     </span>
    </p>

    <p class='ocr_par' dir='ltr' id='par_1_4' title="bbox 68 3138 1446 3568">
     <span class='ocr_line' id='line_1_27' title="bbox 169 3138 1445 3253; baseline -0.004 -31"><span class='ocrx_word' id='word_1_258' title='bbox 169 3164 221 3222; x_wconf 82' lang='lat'><strong>23.</strong></span> <span class='ocrx_word' id='word_1_259' title='bbox 263 3155 368 3239; x_wconf 84' lang='lat' dir='ltr'><strong>Neque</strong></span> <span class='ocrx_word' id='word_1_260' title='bbox 383 3156 515 3219; x_wconf 89' lang='lat' dir='ltr'><strong>audiatur</strong></span> <span class='ocrx_word' id='word_1_261' title='bbox 528 3138 639 3233; x_wconf 70' lang='lat' dir='ltr'><strong>solum,</strong></span> <span class='ocrx_word' id='word_1_262' title='bbox 656 3172 758 3216; x_wconf 82' lang='lat' dir='ltr'><strong>verum</strong></span> <span class='ocrx_word' id='word_1_263' title='bbox 778 3153 949 3216; x_wconf 71' lang='lat' dir='ltr'><strong>siccavere</strong></span> <span class='ocrx_word' id='word_1_264' title='bbox 970 3152 1016 3232; x_wconf 69' lang='lat' dir='ltr'><strong>sit</strong></span> <span class='ocrx_word' id='word_1_265' title='bbox 1039 3150 1225 3253; x_wconf 55' lang='lat' dir='ltr'><strong>uniuersale,</strong></span> <span class='ocrx_word' id='word_1_266' title='bbox 1247 3160 1392 3217; x_wconf 78' lang='lat' dir='ltr'><strong>emnium</strong></span> <span class='ocrx_word' id='word_1_267' title='bbox 1405 3155 1445 3236; x_wconf 64' lang='grc' dir='ltr'><strong>ἰ,</strong></span> 
     </span>
     <span class='ocr_line' id='line_1_28' title="bbox 70 3261 1446 3347; baseline -0.002 -19"><span class='ocrx_word' id='word_1_268' title='bbox 70 3264 261 3330; x_wconf 76' lang='lat' dir='ltr'><strong>cohabentur</strong></span> <span class='ocrx_word' id='word_1_269' title='bbox 276 3264 306 3328; x_wconf 91' lang='lat' dir='ltr'><strong>in</strong></span> <span class='ocrx_word' id='word_1_270' title='bbox 321 3266 425 3347; x_wconf 87' lang='lat' dir='ltr'><strong>pretio,</strong></span> <span class='ocrx_word' id='word_1_271' title='bbox 447 3283 505 3346; x_wconf 92' lang='lat' dir='ltr'><strong>qno</strong></span> <span class='ocrx_word' id='word_1_272' title='bbox 519 3264 560 3327; x_wconf 93' lang='lat' dir='ltr'><strong>iili</strong></span> <span class='ocrx_word' id='word_1_273' title='bbox 574 3281 704 3326; x_wconf 90' lang='lat' dir='ltr'><strong>consona</strong></span> <span class='ocrx_word' id='word_1_274' title='bbox 728 3261 883 3325; x_wconf 88' lang='lat' dir='ltr'><strong>bibliorum</strong></span> <span class='ocrx_word' id='word_1_275' title='bbox 904 3261 1046 3344; x_wconf 87' lang='lat' dir='ltr'><strong>expositio</strong></span> <span class='ocrx_word' id='word_1_276' title='bbox 1061 3261 1278 3342; x_wconf 89' lang='lat' dir='ltr'><strong>impensissime</strong></span> <span class='ocrx_word' id='word_1_277' title='bbox 1293 3280 1446 3325; x_wconf 86' lang='lat' dir='ltr'><strong>commen·</strong></span> 
     </span>
     <span class='ocr_line' id='line_1_29' title="bbox 68 3369 1446 3457; baseline -0.002 -20"><span class='ocrx_word' id='word_1_278' title='bbox 68 3373 156 3440; x_wconf 78' lang='lat' dir='ltr'><strong>detta.</strong></span> <span class='ocrx_word' id='word_1_279' title='bbox 200 3374 264 3449; x_wconf 83' lang='lat' dir='ltr'><strong>Oua</strong></span> <span class='ocrx_word' id='word_1_280' title='bbox 285 3374 377 3440; x_wconf 88' lang='lat' dir='ltr'><strong>dere</strong></span> <span class='ocrx_word' id='word_1_281' title='bbox 399 3393 487 3437; x_wconf 89' lang='lat' dir='ltr'><strong>unam</strong></span> <span class='ocrx_word' id='word_1_282' title='bbox 500 3374 694 3457; x_wconf 88' lang='lat' dir='ltr'><strong>eamdemque</strong></span> <span class='ocrx_word' id='word_1_283' title='bbox 710 3390 778 3435; x_wconf 89' lang='lat' dir='ltr'><strong>esse</strong></span> <span class='ocrx_word' id='word_1_284' title='bbox 799 3379 927 3433; x_wconf 90' lang='lat' dir='ltr'><strong>mentem</strong></span> <span class='ocrx_word' id='word_1_285' title='bbox 949 3371 1018 3432; x_wconf 89' lang='lat' dir='ltr'><strong>novi</strong></span> <span class='ocrx_word' id='word_1_286' title='bbox 1032 3378 1092 3433; x_wconf 92' lang='lat' dir='ltr'><strong>tum</strong></span> <span class='ocrx_word' id='word_1_287' title='bbox 1108 3369 1315 3435; x_wconf 89' lang='lat' dir='ltr'><strong>catholicorum</strong></span> <span class='ocrx_word' id='word_1_288' title='bbox 1330 3373 1358 3406; x_wconf 79' lang='lat'><strong>⁰³</strong></span> <span class='ocrx_word' id='word_1_289' title='bbox 1383 3389 1446 3434; x_wconf 91' lang='lat' dir='ltr'><strong>om·</strong></span> 
     </span>
     <span class='ocr_line' id='line_1_30' title="bbox 68 3480 1446 3568; baseline 0.001 -23"><span class='ocrx_word' id='word_1_290' title='bbox 68 3484 134 3549; x_wconf 91' lang='lat' dir='ltr'><strong>nino</strong></span> <span class='ocrx_word' id='word_1_291' title='bbox 153 3486 298 3566; x_wconf 84' lang='lat' dir='ltr'><strong>omnium,</strong></span> <span class='ocrx_word' id='word_1_292' title='bbox 328 3503 417 3568; x_wconf 90' lang='lat' dir='ltr'><strong>quum</strong></span> <span class='ocrx_word' id='word_1_293' title='bbox 438 3484 552 3547; x_wconf 91' lang='lat' dir='ltr'><strong>illorum</strong></span> <span class='ocrx_word' id='word_1_294' title='bbox 574 3503 591 3547; x_wconf 92' lang='lat' dir='ltr'><strong>e</strong></span> <span class='ocrx_word' id='word_1_295' title='bbox 612 3482 839 3565; x_wconf 85' lang='lat' dir='ltr'><strong>protestantibus</strong></span> <span class='ocrx_word' id='word_1_296' title='bbox 858 3483 903 3562; x_wconf 82' lang='lat'><strong>’⁴,</strong></span> <span class='ocrx_word' id='word_1_297' title='bbox 936 3481 985 3563; x_wconf 90' lang='lat' dir='ltr'><strong>qui</strong></span> <span class='ocrx_word' id='word_1_298' title='bbox 1013 3480 1184 3562; x_wconf 89' lang='lat' dir='ltr'><strong>prudentiae</strong></span> <span class='ocrx_word' id='word_1_299' title='bbox 1215 3480 1446 3565; x_wconf 87' lang='lat' dir='ltr'><strong>eruditionisque</strong></span> 
     </span>
    </p>
   </div>
   <div class='ocr_carea' id='block_1_3' title="bbox 69 3690 1446 5059">
    <p class='ocr_par' dir='ltr' id='par_1_5' title="bbox 69 3690 1446 5059">
     <span class='ocr_line' id='line_1_31' title="bbox 69 3690 1446 3771; baseline 0.001 -22"><span class='ocrx_word' id='word_1_300' title='bbox 69 3694 213 3769; x_wconf 87' lang='lat' dir='ltr'><strong>principem</strong></span> <span class='ocrx_word' id='word_1_301' title='bbox 239 3710 307 3767; x_wconf 87' lang='lat' dir='ltr'><strong>qaae</strong></span> <span class='ocrx_word' id='word_1_302' title='bbox 327 3711 343 3750; x_wconf 90' lang='lat' dir='ltr'><strong>a</strong></span> <span class='ocrx_word' id='word_1_303' title='bbox 363 3694 441 3751; x_wconf 82' lang='lat' dir='ltr'><strong>l’etro</strong></span> <span class='ocrx_word' id='word_1_304' title='bbox 468 3694 587 3770; x_wconf 90' lang='lat' dir='ltr'><strong>orditur,</strong></span> <span class='ocrx_word' id='word_1_305' title='bbox 614 3695 732 3751; x_wconf 88' lang='lat' dir='ltr'><strong>declarat</strong></span> <span class='ocrx_word' id='word_1_306' title='bbox 780 3709 899 3767; x_wconf 89' lang='lat' dir='ltr'><strong>semper,</strong></span> <span class='ocrx_word' id='word_1_307' title='bbox 927 3692 999 3766; x_wconf 91' lang='lat' dir='ltr'><strong>quod</strong></span> <span class='ocrx_word' id='word_1_308' title='bbox 1025 3692 1059 3748; x_wconf 88' lang='lat' dir='ltr'><strong>ab</strong></span> <span class='ocrx_word' id='word_1_309' title='bbox 1085 3691 1208 3749; x_wconf 84' lang='lat' dir='ltr'><strong>omnibns</strong></span> <span class='ocrx_word' id='word_1_310' title='bbox 1237 3690 1366 3749; x_wconf 89' lang='lat' dir='ltr'><strong>creditura</strong></span> <span class='ocrx_word' id='word_1_311' title='bbox 1387 3699 1446 3771; x_wconf 80' lang='lat' dir='ltr'><strong>eat3</strong></span> 
     </span>
     <span class='ocr_line' id='line_1_32' title="bbox 71 3798 1445 3876; baseline 0.001 -22"><span class='ocrx_word' id='word_1_312' title='bbox 71 3798 113 3856; x_wconf 90' lang='lat' dir='ltr'><strong>lib.</strong></span> <span class='ocrx_word' id='word_1_313' title='bbox 128 3798 172 3856; x_wconf 90' lang='lat' dir='ltr'><strong>lll.</strong></span> <span class='ocrx_word' id='word_1_314' title='bbox 195 3817 253 3873; x_wconf 84' lang='lat' dir='ltr'><strong>cap.</strong></span> <span class='ocrx_word' id='word_1_315' title='bbox 267 3798 311 3857; x_wconf 90' lang='lat' dir='ltr'><strong>Ill.</strong></span> <span class='ocrx_word' id='word_1_316' title='bbox 779 3799 832 3855; x_wconf 93' lang='lat' dir='ltr'><strong>hoc</strong></span> <span class='ocrx_word' id='word_1_317' title='bbox 852 3804 894 3856; x_wconf 90' lang='lat' dir='ltr'><strong>est</strong></span> <span class='ocrx_word' id='word_1_318' title='bbox 913 3800 983 3855; x_wconf 89' lang='lat' dir='ltr'><strong>enim</strong></span> <span class='ocrx_word' id='word_1_319' title='bbox 1004 3810 1068 3854; x_wconf 86' lang='lat' dir='ltr'><strong>vere</strong></span> <span class='ocrx_word' id='word_1_320' title='bbox 1088 3799 1248 3871; x_wconf 88' lang='lat' dir='ltr'><strong>proprieque</strong></span> <span class='ocrx_word' id='word_1_321' title='bbox 1275 3799 1445 3876; x_wconf 84' lang='lat' dir='ltr'><strong>catholicum,</strong></span> 
     </span>
     <span class='ocr_line' id='line_1_33' title="bbox 129 3902 1444 3982; baseline 0 -21"><span class='ocrx_word' id='word_1_322' title='bbox 129 3906 174 3982; x_wconf 80' lang='lat'><strong>⁸¹)</strong></span> <span class='ocrx_word' id='word_1_323' title='bbox 202 3905 283 3962; x_wconf 84' lang='lat' dir='ltr'><strong>Cuius</strong></span> <span class='ocrx_word' id='word_1_324' title='bbox 310 3905 427 3962; x_wconf 79' lang='lat' dir='ltr'><strong>miminis</strong></span> <span class='ocrx_word' id='word_1_325' title='bbox 452 3921 514 3962; x_wconf 86' lang='lat' dir='ltr'><strong>reos</strong></span> <span class='ocrx_word' id='word_1_326' title='bbox 534 3905 618 3961; x_wconf 85' lang='lat' dir='ltr'><strong>inisse</strong></span> <span class='ocrx_word' id='word_1_327' title='bbox 636 3902 731 3960; x_wconf 86' lang='lat' dir='ltr'><strong>haerc-</strong></span> <span class='ocrx_word' id='word_1_328' title='bbox 779 3905 850 3978; x_wconf 89' lang='lat' dir='ltr'><strong>quod</strong></span> <span class='ocrx_word' id='word_1_329' title='bbox 871 3905 930 3979; x_wconf 86' lang='lat' dir='ltr'><strong>ipsa</strong></span> <span class='ocrx_word' id='word_1_330' title='bbox 957 3905 999 3960; x_wconf 88' lang='lat' dir='ltr'><strong>vis</strong></span> <span class='ocrx_word' id='word_1_331' title='bbox 1024 3904 1140 3960; x_wconf 87' lang='lat' dir='ltr'><strong>nominis</strong></span> <span class='ocrx_word' id='word_1_332' title='bbox 1166 3907 1287 3976; x_wconf 87' lang='lat' dir='ltr'><strong>ratioque</strong></span> <span class='ocrx_word' id='word_1_333' title='bbox 1313 3904 1444 3980; x_wconf 85' lang='lat' dir='ltr'><strong>declarat,</strong></span> 
     </span>
     <span class='ocr_line' id='line_1_34' title="bbox 72 4009 1446 4088; baseline 0.002 -23"><span class='ocrx_word' id='word_1_334' title='bbox 72 4010 146 4088; x_wconf 83' lang='lat' dir='ltr'><strong>ticos,</strong></span> <span class='ocrx_word' id='word_1_335' title='bbox 167 4013 299 4070; x_wconf 86' lang='lat' dir='ltr'><strong>etPatrea</strong></span> <span class='ocrx_word' id='word_1_336' title='bbox 319 4017 450 4069; x_wconf 87' lang='lat' dir='ltr'><strong>testantur</strong></span> <span class='ocrx_word' id='word_1_337' title='bbox 469 4012 615 4085; x_wconf 86' lang='lat' dir='ltr'><strong>unanimes,</strong></span> <span class='ocrx_word' id='word_1_338' title='bbox 636 4011 731 4067; x_wconf 89' lang='lat' dir='ltr'><strong>etaia-</strong></span> <span class='ocrx_word' id='word_1_339' title='bbox 779 4026 847 4082; x_wconf 90' lang='lat' dir='ltr'><strong>qnae</strong></span> <span class='ocrx_word' id='word_1_340' title='bbox 874 4010 963 4064; x_wconf 89' lang='lat' dir='ltr'><strong>omnia</strong></span> <span class='ocrx_word' id='word_1_341' title='bbox 989 4009 1045 4065; x_wconf 85' lang='lat' dir='ltr'><strong>iere</strong></span> <span class='ocrx_word' id='word_1_342' title='bbox 1070 4009 1254 4067; x_wconf 85' lang='lat' dir='ltr'><strong>universaliter</strong></span> <span class='ocrx_word' id='word_1_343' title='bbox 1274 4012 1446 4086; x_wconf 89' lang='lat' dir='ltr'><strong>comprehen-</strong></span> 
     </span>
     <span class='ocr_line' id='line_1_35' title="bbox 69 4114 1445 4192; baseline 0 -18"><span class='ocrx_word' id='word_1_344' title='bbox 69 4118 152 4188; x_wconf 82' lang='lat' dir='ltr'><strong>guiari</strong></span> <span class='ocrx_word' id='word_1_345' title='bbox 173 4133 255 4192; x_wconf 82' lang='lat' dir='ltr'><strong>opere</strong></span> <span class='ocrx_word' id='word_1_346' title='bbox 277 4119 421 4192; x_wconf 78' lang='lat' dir='ltr'><strong>inamipto‘,</strong></span> <span class='ocrx_word' id='word_1_347' title='bbox 442 4117 486 4176; x_wconf 85' lang='lat' dir='ltr'><strong>De</strong></span> <span class='ocrx_word' id='word_1_348' title='bbox 504 4116 639 4175; x_wconf 79' lang='lat' dir='ltr'><strong>veteribus</strong></span> <span class='ocrx_word' id='word_1_349' title='bbox 658 4116 729 4173; x_wconf 84' lang='lat' dir='ltr'><strong>bue-</strong></span> <span class='ocrx_word' id='word_1_350' title='bbox 779 4115 838 4192; x_wconf 66' lang='lat' dir='ltr'><strong>ditp</strong></span> <span class='ocrx_word' id='word_1_351' title='bbox 853 4116 901 4171; x_wconf 90' lang='lat' dir='ltr'><strong>sed</strong></span> <span class='ocrx_word' id='word_1_352' title='bbox 921 4116 974 4171; x_wconf 93' lang='lat' dir='ltr'><strong>hoc</strong></span> <span class='ocrx_word' id='word_1_353' title='bbox 993 4118 1029 4173; x_wconf 89' lang='lat' dir='ltr'><strong>ita</strong></span> <span class='ocrx_word' id='word_1_354' title='bbox 1051 4116 1157 4172; x_wconf 82' lang='lat' dir='ltr'><strong>deinum</strong></span> <span class='ocrx_word' id='word_1_355' title='bbox 1178 4116 1238 4189; x_wconf 86' lang='lat' dir='ltr'><strong>liet,</strong></span> <span class='ocrx_word' id='word_1_356' title='bbox 1260 4114 1283 4172; x_wconf 89' lang='lat' dir='ltr'><strong>si</strong></span> <span class='ocrx_word' id='word_1_357' title='bbox 1304 4133 1445 4191; x_wconf 88' lang='lat' dir='ltr'><strong>sequamur</strong></span> 
     </span>
     <span class='ocr_line' id='line_1_36' title="bbox 70 4222 1444 4296; baseline 0.002 -18"><span class='ocrx_word' id='word_1_358' title='bbox 70 4225 162 4282; x_wconf 68' lang='lat' dir='ltr'><strong>resch</strong></span> <span class='ocrx_word' id='word_1_359' title='bbox 181 4226 430 4283; x_wconf 77' lang='lat' dir='ltr'><strong>ecclesiastieorum</strong></span> <span class='ocrx_word' id='word_1_360' title='bbox 444 4225 570 4282; x_wconf 75' lang='lat' dir='ltr'><strong>codicem</strong></span> <span class='ocrx_word' id='word_1_361' title='bbox 583 4229 730 4296; x_wconf 73' lang='lat' dir='ltr'><strong>eormpto-</strong></span> <span class='ocrx_word' id='word_1_362' title='bbox 777 4223 986 4294; x_wconf 82' lang='lat' dir='ltr'><strong>aninersitatem,</strong></span> <span class='ocrx_word' id='word_1_363' title='bbox 1004 4222 1196 4296; x_wconf 88' lang='lat' dir='ltr'><strong>antiquitatem,</strong></span> <span class='ocrx_word' id='word_1_364' title='bbox 1211 4222 1444 4281; x_wconf 86' lang='lat' dir='ltr'><strong>consemiouem.“</strong></span> 
     </span>
     <span class='ocr_line' id='line_1_37' title="bbox 71 4327 1443 4403; baseline 0 -16"><span class='ocrx_word' id='word_1_365' title='bbox 71 4327 161 4402; x_wconf 66' lang='lat' dir='ltr'><strong>mbas,</strong></span> <span class='ocrx_word' id='word_1_366' title='bbox 191 4331 411 4387; x_wconf 84' lang='lat' dir='ltr'><strong>Bartholomaeus</strong></span> <span class='ocrx_word' id='word_1_367' title='bbox 438 4330 594 4388; x_wconf 86' lang='lat' dir='ltr'><strong>Germanias</strong></span> <span class='ocrx_word' id='word_1_368' title='bbox 621 4330 731 4385; x_wconf 89' lang='lat' dir='ltr'><strong>demon·</strong></span> <span class='ocrx_word' id='word_1_369' title='bbox 840 4328 885 4403; x_wconf 81' lang='lat'><strong>⁰³)</strong></span> <span class='ocrx_word' id='word_1_370' title='bbox 912 4327 1013 4384; x_wconf 82' lang='lat' dir='ltr'><strong>Concil.</strong></span> <span class='ocrx_word' id='word_1_371' title='bbox 1034 4329 1140 4386; x_wconf 90' lang='lat' dir='ltr'><strong>trident.</strong></span> <span class='ocrx_word' id='word_1_372' title='bbox 1169 4329 1244 4385; x_wconf 83' lang='lat' dir='ltr'><strong>Saea.</strong></span> <span class='ocrx_word' id='word_1_373' title='bbox 1264 4328 1311 4385; x_wconf 86' lang='lat' dir='ltr'><strong>lV.</strong></span> <span class='ocrx_word' id='word_1_374' title='bbox 1338 4330 1443 4387; x_wconf 83' lang='lat' dir='ltr'><strong>Deerat.</strong></span> 
     </span>
     <span class='ocr_line' id='line_1_38' title="bbox 69 4420 1331 4494; baseline 0.003 -6"><span class='ocrx_word' id='word_1_375' title='bbox 69 4438 169 4494; x_wconf 77' lang='lat' dir='ltr'><strong>suavia</strong></span> <span class='ocrx_word' id='word_1_376' title='bbox 778 4435 811 4490; x_wconf 92' lang='lat' dir='ltr'><strong>de</strong></span> <span class='ocrx_word' id='word_1_377' title='bbox 832 4434 897 4491; x_wconf 90' lang='lat' dir='ltr'><strong>edit.</strong></span> <span class='ocrx_word' id='word_1_378' title='bbox 918 4440 946 4492; x_wconf 88' lang='lat' dir='ltr'><strong>et</strong></span> <span class='ocrx_word' id='word_1_379' title='bbox 965 4450 1013 4491; x_wconf 88' lang='lat' dir='ltr'><strong>usu</strong></span> <span class='ocrx_word' id='word_1_380' title='bbox 1034 4450 1170 4491; x_wconf 88' lang='lat' dir='ltr'><strong>sacrorum</strong></span> <span class='ocrx_word' id='word_1_381' title='bbox 1194 4420 1331 4492; x_wconf 80' lang='lat' dir='ltr'><strong>libranum.</strong></span> 
     </span>
     <span class='ocr_line' id='line_1_39' title="bbox 127 4539 1443 4617; baseline 0.002 -19"><span class='ocrx_word' id='word_1_382' title='bbox 127 4541 172 4617; x_wconf 78' lang='grc'><strong>”)</strong></span> <span class='ocrx_word' id='word_1_383' title='bbox 193 4542 214 4599; x_wconf 92' lang='lat' dir='ltr'><strong>l.</strong></span> <span class='ocrx_word' id='word_1_384' title='bbox 230 4542 292 4598; x_wconf 84' lang='lat' dir='ltr'><strong>Cor.</strong></span> <span class='ocrx_word' id='word_1_385' title='bbox 312 4541 381 4598; x_wconf 84' lang='lat' dir='ltr'><strong>xm.</strong></span> <span class='ocrx_word' id='word_1_386' title='bbox 404 4541 450 4607; x_wconf 75' lang='lat'><strong>13,</strong></span> <span class='ocrx_word' id='word_1_387' title='bbox 840 4539 886 4615; x_wconf 80' lang='lat'><strong>⁹⁴)</strong></span> <span class='ocrx_word' id='word_1_388' title='bbox 915 4540 986 4612; x_wconf 85' lang='lat' dir='ltr'><strong>hege</strong></span> <span class='ocrx_word' id='word_1_389' title='bbox 1013 4541 1106 4597; x_wconf 91' lang='lat' dir='ltr'><strong>borum</strong></span> <span class='ocrx_word' id='word_1_390' title='bbox 1133 4542 1241 4599; x_wconf 88' lang='lat' dir='ltr'><strong>nomine</strong></span> <span class='ocrx_word' id='word_1_391' title='bbox 1267 4542 1443 4600; x_wconf 85' lang='lat' dir='ltr'><strong>disserentem</strong></span> 
     </span>
     <span class='ocr_line' id='line_1_40' title="bbox 128 4638 1444 4724; baseline 0.002 -19"><span class='ocrx_word' id='word_1_392' title='bbox 128 4647 174 4723; x_wconf 77' lang='lat'><strong>⁹¹)</strong></span> <span class='ocrx_word' id='word_1_393' title='bbox 193 4648 250 4706; x_wconf 83' lang='lat' dir='ltr'><strong>Lib.</strong></span> <span class='ocrx_word' id='word_1_394' title='bbox 266 4647 312 4705; x_wconf 85' lang='lat' dir='ltr'><strong>tv.</strong></span> <span class='ocrx_word' id='word_1_395' title='bbox 334 4664 392 4720; x_wconf 85' lang='lat' dir='ltr'><strong>cap.</strong></span> <span class='ocrx_word' id='word_1_396' title='bbox 409 4645 488 4703; x_wconf 82' lang='lat' dir='ltr'><strong>XhV.</strong></span> <span class='ocrx_word' id='word_1_397' title='bbox 743 4638 746 4643; x_wconf 77' lang='grc'><strong>’</strong></span> <span class='ocrx_word' id='word_1_398' title='bbox 778 4646 932 4703; x_wconf 87' lang='lat' dir='ltr'><strong>Gulieimum</strong></span> <span class='ocrx_word' id='word_1_399' title='bbox 962 4648 1138 4719; x_wconf 87' lang='lat' dir='ltr'><strong>Beveregium</strong></span> <span class='ocrx_word' id='word_1_400' title='bbox 1175 4650 1202 4705; x_wconf 88' lang='lat' dir='ltr'><strong>iu</strong></span> <span class='ocrx_word' id='word_1_401' title='bbox 1233 4651 1374 4724; x_wconf 90' lang='lat' dir='ltr'><strong>prooemio</strong></span> <span class='ocrx_word' id='word_1_402' title='bbox 1409 4650 1444 4707; x_wconf 89' lang='lat' dir='ltr'><strong>ad</strong></span> 
     </span>
     <span class='ocr_line' id='line_1_41' title="bbox 129 4751 1444 4830; baseline 0.001 -19"><span class='ocrx_word' id='word_1_403' title='bbox 129 4752 174 4828; x_wconf 79' lang='lat'><strong>⁹¹)</strong></span> <span class='ocrx_word' id='word_1_404' title='bbox 198 4754 273 4811; x_wconf 88' lang='lat' dir='ltr'><strong>Unde</strong></span> <span class='ocrx_word' id='word_1_405' title='bbox 300 4752 365 4810; x_wconf 91' lang='lat' dir='ltr'><strong>illud</strong></span> <span class='ocrx_word' id='word_1_406' title='bbox 384 4752 520 4809; x_wconf 76' lang='lat' dir='ltr'><strong>vincentii</strong></span> <span class='ocrx_word' id='word_1_407' title='bbox 539 4752 677 4810; x_wconf 87' lang='lat' dir='ltr'><strong>lerinensis</strong></span> <span class='ocrx_word' id='word_1_408' title='bbox 702 4755 729 4809; x_wconf 88' lang='lat' dir='ltr'><strong>in</strong></span> <span class='ocrx_word' id='word_1_409' title='bbox 778 4751 844 4810; x_wconf 85' lang='lat' dir='ltr'><strong>Cod.</strong></span> <span class='ocrx_word' id='word_1_410' title='bbox 865 4769 995 4809; x_wconf 87' lang='lat' dir='ltr'><strong>canonum</strong></span> <span class='ocrx_word' id='word_1_411' title='bbox 1015 4753 1153 4810; x_wconf 88' lang='lat' dir='ltr'><strong>Ecclesiae</strong></span> <span class='ocrx_word' id='word_1_412' title='bbox 1173 4756 1339 4830; x_wconf 83' lang='lat' dir='ltr'><strong>primitivae,</strong></span> <span class='ocrx_word' id='word_1_413' title='bbox 1366 4756 1444 4813; x_wconf 89' lang='lat' dir='ltr'><strong>item-</strong></span> 
     </span>
     <span class='ocr_line' id='line_1_42' title="bbox 71 4856 1443 4934; baseline 0.001 -20"><span class='ocrx_word' id='word_1_414' title='bbox 71 4856 170 4916; x_wconf 72' lang='lat' dir='ltr'><strong>Gonu.</strong></span> <span class='ocrx_word' id='word_1_415' title='bbox 198 4864 262 4933; x_wconf 54' lang='lat' dir='ltr'><strong>cap,</strong></span> <span class='ocrx_word' id='word_1_416' title='bbox 276 4858 329 4916; x_wconf 88' lang='lat'>111:</span> <span class='ocrx_word' id='word_1_417' title='bbox 371 4860 558 4933; x_wconf 85' lang='lat' dir='ltr'><strong>„itaguopere</strong></span> <span class='ocrx_word' id='word_1_418' title='bbox 587 4858 728 4916; x_wconf 85' lang='lat' dir='ltr'><strong>curandum</strong></span> <span class='ocrx_word' id='word_1_419' title='bbox 778 4875 829 4932; x_wconf 90' lang='lat' dir='ltr'><strong>que</strong></span> <span class='ocrx_word' id='word_1_420' title='bbox 854 4858 994 4915; x_wconf 83' lang='lat' dir='ltr'><strong>Ernestum</strong></span> <span class='ocrx_word' id='word_1_421' title='bbox 1015 4858 1140 4916; x_wconf 87' lang='lat' dir='ltr'><strong>Grabiurn</strong></span> <span class='ocrx_word' id='word_1_422' title='bbox 1162 4862 1188 4917; x_wconf 89' lang='lat' dir='ltr'><strong>in</strong></span> <span class='ocrx_word' id='word_1_423' title='bbox 1208 4861 1320 4934; x_wconf 80' lang='lat' dir='ltr'><strong>praeiet</strong></span> <span class='ocrx_word' id='word_1_424' title='bbox 1347 4860 1380 4916; x_wconf 89' lang='lat' dir='ltr'><strong>ad</strong></span> <span class='ocrx_word' id='word_1_425' title='bbox 1404 4860 1443 4916; x_wconf 88' lang='lat' dir='ltr'><strong>ie-</strong></span> 
     </span>
     <span class='ocr_line' id='line_1_43' title="bbox 73 4965 1443 5059; baseline 0.001 -39"><span class='ocrx_word' id='word_1_426' title='bbox 73 4968 125 5039; x_wconf 76' lang='lat' dir='ltr'><strong>cit,</strong></span> <span class='ocrx_word' id='word_1_427' title='bbox 153 4970 183 5022; x_wconf 89' lang='lat' dir='ltr'><strong>ut</strong></span> <span class='ocrx_word' id='word_1_428' title='bbox 200 4965 228 5022; x_wconf 91' lang='lat' dir='ltr'><strong>id</strong></span> <span class='ocrx_word' id='word_1_429' title='bbox 253 4972 388 5024; x_wconf 85' lang='lat' dir='ltr'><strong>teneamus</strong></span> <span class='ocrx_word' id='word_1_430' title='bbox 414 4965 486 5040; x_wconf 89' lang='lat' dir='ltr'><strong>quod</strong></span> <span class='ocrx_word' id='word_1_431' title='bbox 513 4965 628 5040; x_wconf 90' lang='lat' dir='ltr'><strong>ubique,</strong></span> <span class='ocrx_word' id='word_1_432' title='bbox 657 4965 728 5038; x_wconf 90' lang='lat' dir='ltr'><strong>quod</strong></span> <span class='ocrx_word' id='word_1_433' title='bbox 779 4971 879 5022; x_wconf 86' lang='lat' dir='ltr'><strong>ctorem</strong></span> <span class='ocrx_word' id='word_1_434' title='bbox 911 4966 1058 5059; x_wconf 73' lang='lat' dir='ltr'><strong>prpeniasa</strong></span> <span class='ocrx_word' id='word_1_435' title='bbox 1090 4970 1164 5020; x_wconf 90' lang='lat' dir='ltr'><strong>tomo</strong></span> <span class='ocrx_word' id='word_1_436' title='bbox 1190 4966 1278 5041; x_wconf 86' lang='lat' dir='ltr'><strong>primo</strong></span> <span class='ocrx_word' id='word_1_437' title='bbox 1305 4965 1443 5040; x_wconf 75' lang='lat' dir='ltr'><strong>spicilegii</strong></span> 
     </span>
    </p>
   </div>
   <div class='ocr_carea' id='block_1_4' title="bbox 0 0 1654 5402">
    <p class='ocr_par' dir='ltr' id='par_1_6' title="bbox 0 0 1654 5402">
     <span class='ocr_line' id='line_1_44' title="bbox 0 0 1654 5402; baseline 0 0"><span class='ocrx_word' id='word_1_438' title='bbox 0 0 1654 5402; x_wconf 95' lang='lat' dir='ltr'><strong> </strong></span> 
     </span>
    </p>
   </div>
  </div>
 </body>
</html>
