3258 5400
603 207 749 306 cneor'
790 239 848 305 rx.
1373 246 1413 307 es

71 428 159 474 roman
175 409 424 497 luculenjfflsimam
443 409 574 492 praebet.
616 408 687 474 Erat
706 412 807 491 utique
826 408 928 472 Pauus
950 406 969 471 'a
990 407 1197 490 discipulorum
1217 426 1358 493 numero,
1381 431 1416 474 ac

73 538 115 582 eos
130 523 192 583 inter
210 519 397 603 censebatur,
419 520 473 583 sed
491 537 546 583 suo
568 520 692 603 insignis
711 518 884 602 prophetico
906 519 1040 599 nomine,
1062 526 1092 581 et
1111 517 1149 581 ad
1169 537 1235 582 eam
1256 538 1416 603 praeroga·

71 633 141 693 tiron
157 630 315 712 destinatus,
337 649 424 712 quam
438 630 509 693 illud
529 628 789 712 praemonstrabat.
831 621 905 692 Erat'
922 646 997 710 ergo
1020 627 1259 710 ediscipulorum
1281 649 1414 713 numero,

67 741 110 803 sed
127 759 177 802 non
197 749 342 821 umqumo
363 758 438 803 rarus
459 759 478 803 e
500 740 623 820 ceteris,
654 757 757 802 verum
776 740 818 802 uti
838 740 945 802 ceteris
967 756 1055 820 quum
1082 739 1218 820 nomine,
1245 746 1305 802 ium
1328 739 1416 804 desti-

66 853 162 913 natione
180 851 376 932 praestantior.
419 849 517 923 Ouare
538 849 590 913 luit
612 867 665 913 cau
686 849 810 933 angelus
830 867 965 914 seorsum
989 848 1069 912 illum
1091 856 1287 931 nuncuparet,
1315 851 1416 933 sinqu-

65 958 191 1042 laremque
211 960 248 1023 de
269 976 307 1022 eo
328 977 428 1021 cruam
448 959 621 1041 praeferret.

149 1075 193 1132 oe.
232 1068 325 1142 Quam
346 1069 409 1150 ipse
432 1085 549 1151 quoque
571 1069 701 1133 Christus
723 1067 870 1150 praetulit,
899 1067 999 1149 illique
1024 1068 1101 1131 inter
1122 1069 1271 1149 apostolos
1292 1070 1416 1151 primum

63 1180 180 1260 apparuit,
195 1179 384 1260 eiusdemque
396 1179 563 1242 testimonio
575 1179 708 1263 perfecit,
722 1186 754 1242 ut
764 1180 905 1261 ancipites
920 1197 956 1242 ac
970 1180 1000 1240 in
1013 1179 1093 1241 varia
1107 1177 1236 1241 distracti
1250 1185 1416 1243 ceterorum

61 1289 133 1349 miri
150 1287 261 1350 laudem
282 1289 538 1370 conquiescerent.
580 1290 674 1353 Lucas
696 1291 775 1353 enim
797 1289 834 1353 de
849 1288 997 1371 discipulis
1013 1290 1039 1321 ¹⁸
1062 1286 1200 1351 Emmaus
1222 1288 1365 1369 euntibus,
1387 1298 1417 1353 et

60 1404 195 1479 conpecto
216 1399 272 1461 iam
287 1396 412 1461 Domino
428 1397 660 1483 Hierosolymam
680 1400 890 1482 repetentibus,
912 1400 956 1463 sic
977 1397 1067 1461 habet
1081 1399 1127 1460 ¹⁸:
1151 1397 1203 1461 καὶ
1225 1395 1415 1473 ἀναστάντες

59 1505 123 1591 αὐτῇ
142 1511 175 1592 τῇ
194 1506 279 1590 ὥρᾳ,
302 1507 503 1591 ὑπέστρεψαν
525 1512 570 1584 riq
590 1507 814 1593 Ἰερουσαλήμ·
839 1510 893 1575 καὶ
914 1499 1009 1590 οὖρον
1029 1504 1320 1589 συνηθροισμένους
1340 1502 1415 1583 τούς

60 1615 190 1682 iadexu²⁸
218 1620 273 1683 καὶ
297 1617 372 1695 τούς
400 1612 459 1683 oria
480 1615 608 1695 αὐτοῖς,
638 1619 804 1701 λέγοντας·
835 1617 882 1682 d‘rt
901 1615 1026 1701 ἠγέρθη
1045 1618 1063 1679 d
1081 1616 1191 1694 κύριος
1220 1617 1336 1695 ὄντως,
1364 1619 1417 1683 καὶ

63 1721 144 1814 dqdq
162 1728 300 1813 'Ziporea
343 1729 473 1803 Ouorum
493 1747 554 1811 ego
575 1730 644 1810 mm,
667 1736 900 1811 potestatemque
915 1745 974 1791 non
990 1728 1070 1809 prius
1092 1726 1220 1807 declaro,
1242 1744 1329 1808 mam
1349 1746 1417 1809 pro·

62 1839 133 1916 pun
148 1839 306 1921 particulae
328 1839 394 1903 καὶ
415 1838 657 1921 significationem
679 1840 709 1902 in
726 1840 830 1920 inciso,
850 1835 896 1901 d‘ra
916 1835 1039 1919 ἠγέρθη
1060 1835 1079 1898 d
1099 1832 1207 1916 κύριος
1229 1837 1338 1913 ὅντως,
1360 1839 1416 1902 καὶ

65 1943 143 2031 doda
161 1946 308 2031 Σίμωνι,
337 1947 467 2011 breviter
488 1947 705 2031 explicaverim.
748 1949 843 2023 Ouum
863 1949 960 2030 itaque
988 1945 1127 2028 particula
1147 1945 1220 2023 καί,
1245 1966 1305 2011 non
1328 1967 1416 2011 secus

61 2074 88 2117 ac
105 2056 230 2124 lebmica
252 2068 283 2139 t,
312 2075 366 2140 pro
394 2065 581 2121 contenanum
609 2059 776 2123 discrimine
798 2059 926 2123 omnium
947 2056 1158 2139 propemodum
1181 2058 1417 2122 coniunctionum

58 2166 123 2231 vices
140 2168 255 2250 subeat,
278 2167 436 2249 locumque
458 2173 572 2251 teneat,
595 2176 770 2251 potestatem
787 2186 846 2232 non
867 2185 935 2233 raro
955 2167 1047 2231 induit
1067 2164 1259 2243 causantem,
1279 2167 1416 2249 idemque

59 2276 121 2340 utet
136 2297 168 2341 ac
187 2296 281 2362 penes
303 2276 422 2357 latinos,
443 2297 531 2355 oum,
552 2283 641 2341 ωιῦιιι.
684 2277 825 2360 Exempla
846 2276 953 2342 aliatim
974 2285 1141 2361 suppelunt,
1164 2296 1288 2360 quorum
1307 2277 1418 2359 aliquot

55 2386 221 2452 insubiecta
249 2388 437 2452 adnotatione
451 2389 478 2421 ²¹
509 2388 683 2451 describam.
726 2387 865 2452 iamvero
886 2390 1047 2469 sermonis,
1076 2406 1163 2470 quem
1184 2406 1256 2470 prae
1283 2388 1416 2452 manibus

55 2492 191 2579 labemus,
214 2518 250 2561 ea
273 2505 320 2562 est
338 2499 426 2579 ratio,
450 2499 633 2580 partiumque
655 2499 802 2578 iunctura,
824 2504 855 2560 ut
875 2498 928 2561 soi
948 2499 1065 2561 nonnisi
1078 2497 1303 2585 ωἰτιολογικῶς
1324 2500 1416 2581 accipi

53 2609 144 2689 possit,
162 2608 316 2690 reddique
326 2615 482 2689 propterea
504 2605 626 2689 debeat,
647 2613 742 2689 eaba,
763 2608 848 2689 isque
869 2625 975 2672 sensus
997 2609 1118 2672 existat:
1148 2615 1289 2671 suffecit
1310 2606 1415 2672 Durae

54 2736 104 2778 aas
123 2737 177 2782 non
199 2722 401 2807 φαινομένως
423 2724 613 2798 apparenter,
633 2716 687 2781 sed
709 2717 809 2791 ὅντως
823 2719 851 2749 ²²
874 2723 991 2798 reipsa,
1013 2725 1156 2799 apperuit
1178 2725 1259 2780 enim
1277 2715 1415 2794 Simoni;

53 2843 82 2885 ao
99 2846 132 2890 eo
151 2844 199 2893 res
222 2830 281 2892 iarn
303 2829 452 2910 pervenit,
473 2834 584 2891 utnon
605 2828 690 2891 unius
712 2825 905 2909 Magdalenae
927 2827 1041 2908 verbis,
1063 2827 1208 2909 ssurisque
1229 2830 1415 2909 coniecturis,

52 2935 96 2998 sed
115 2945 191 3001 certa
211 2938 340 3002 Simonis
359 2936 562 3001 testificatione
583 2936 799 3018 comprobetur.

142 3054 189 3110 iit.
230 3047 258 3110 E
279 3046 383 3128 quibus
404 3064 476 3109 sane
497 3054 542 3110 est
558 3064 763 3128 consequens:
785 3053 817 3124 a)
832 3045 977 3111 Christum
991 3054 1077 3110 antea
1094 3046 1214 3128 Simoni,
1237 3064 1324 3127 quarn
1345 3065 1415 3128 apo·

50 3156 119 3219 stolis
137 3158 259 3239 reliquis
280 3176 315 3220 se
334 3155 573 3243 conspiciendum
596 3154 780 3219 exhibuisse:
802 3156 834 3236 b)
852 3156 890 3219 de
911 3155 988 3220 illius
1009 3156 1076 3235 lide,
1098 3156 1320 3237 divinommque
1343 3154 1416 3239 dey-

17 3348 19 3353 .
50 3266 147 3343 μάτων
167 3269 268 3330 notitia
282 3266 462 3349 singularem
476 3265 562 3347 plane
584 3284 683 3327 curam
706 3265 941 3330 demonstrasse:
961 3286 1016 3349 per
1029 3286 1097 3330 eum
1118 3284 1191 3330 vero
1215 3272 1246 3345 o)
1268 3274 1415 3347 tamquam

50 3377 194 3458 principem
215 3384 339 3459 testem,
361 3394 397 3439 ao
418 3377 537 3438 omnino
559 3372 773 3439 desilientes
793 3374 946 3457 eliccisse,
966 3383 997 3439 ut
1017 3375 1195 3457 reliquorum
1212 3374 1286 3439 fides
1309 3374 1415 3439 confir·
1519 3406 1522 3412 ·

52 3491 116 3546 mata
136 3487 310 3568 erigeretur.
353 3485 413 3551 Sed
434 3485 504 3567 quid
525 3484 570 3549 his
592 3485 628 3548 ud
650 3484 847 3550 ostendendus
861 3484 987 3549 Simonis
1008 3486 1228 3568 praerogativas
1250 3503 1416 3549 accerume

53 3590 142 3676 datius,
163 3596 232 3678 quid
253 3596 290 3659 ad
309 3595 545 3678 persuadendum
566 3594 705 3676 ualidius,
727 3613 796 3658 eum
809 3594 900 3659 lbisse
921 3595 1076 3678 delectum,
1097 3605 1128 3660 ut
1147 3604 1314 3660 ceterorum
1336 3604 1416 3660 esset

104 3805 144 3880 ¹⁸)
162 3807 224 3864 tue.
245 3807 342 3864 xxtv.
366 3806 412 3864 13.
750 3823 817 3880 qaae
844 3809 870 3864 iu
897 3807 1141 3887 lqnatiicpistola
1171 3809 1206 3865 ad
1237 3809 1415 3882 Smyrnaeus,

103 3937 144 4013 ie)
163 3939 232 3996 lhid,
258 3955 303 3996 W,
324 3939 461 3996 3345,
749 3928 776 3967 u.
790 3913 817 3968 3.
838 3913 968 3984 legimus:
992 3904 1052 3972 'Ora
1068 3906 1140 3992 προς
1154 3906 1219 3980 roric
1231 3913 1294 3990 napi
1305 3913 1417 3989 Hirpos

749 4005 852 4091 ἦλθον,
879 4011 933 4094 ἔφη
953 4010 1062 4087 αὐτοῖς·
1088 4013 1200 4097 λάβοιο,
1227 4012 1418 4097 ψηλαφήσατέ

749 4140 791 4197 με,
812 4121 858 4179 καὶ
879 4120 955 4193 ἴδιοι,
974 4115 1018 4183 ὅτι
1037 4116 1088 4182 οὔκ
1108 4123 1162 4201 εἰμι
1180 4116 1322 4203 δαιμόνων
1341 4116 1416 4182 dood-

750 4246 854 4304 ματοι.
874 4229 920 4287 καὶ
940 4220 1027 4297 sidric
1047 4221 1134 4289 αὐτοῦ
1153 4222 1275 4309 depono,
1295 4230 1341 4288 καὶ
1356 4230 1416 4289 ἐπι-

750 4350 874 4392 οτινσιιι.
913 4336 1014 4394 Eadem
1039 4342 1193 4409 repetuntur
1212 4339 1238 4394 in
1260 4338 1415 4417 apocrypho

749 4442 820 4499 libro
840 4443 984 4517 inscripto,
1009 4441 1147 4499 Doctrina
1166 4443 1249 4501 Petri.
1289 4443 1415 4501 Dmamta

103 4519 145 4594 21)
164 4521 204 4577 cs·
220 4520 282 4577 ¹¹⁰⁰·
296 4520 318 4576 L
334 4518 380 4596 ¹4³
400 4520 463 4577 ³⁰¹¹·
478 4519 522 4577 ¹¹¹·
540 4519 585 4625 d3²
606 4520 627 4578 ¹·
638 4521 699 4578 ⁰⁰¹·
749 4563 815 4605 vero
830 4564 891 4606 esse
905 4564 939 4604 ex
952 4548 1094 4620 evangello
1110 4549 1253 4606 secandum
1268 4549 1414 4626 liebraeos,

50 4617 112 4677 ΧΠ·
130 4625 182 4700 32’
210 4625 230 4681 ¹·
244 4626 305 4683 ³⁰¹¹·
319 4625 363 4682 ΠΙ·
378 4626 412 4702 4²
439 4626 527 4699 Al'⁰⁰·
541 4627 562 4684 ¹·
576 4627 612 4704 ⁸3
639 4633 666 4685 ⁰⁸
684 4645 701 4684 ⁰
750 4657 827 4713 testis
847 4660 890 4711 est
907 4654 1027 4728 locuples
1042 4655 1217 4726 llieroupmus
1235 4658 1262 4713 in
1275 4659 1415 4730 prooemio

51 4730 125 4785 reteri
149 4737 323 4807 tutamento,
351 4732 414 4791 Gen.
434 4733 518 4791 xxn.
541 4732 594 4807 12,
621 4733 700 4790 ΝΜ·
751 4762 785 4817 ad
811 4760 906 4818 libmnr
934 4760 1029 4818 xvtll.
1060 4763 1311 4819 commentariorum
1337 4777 1416 4835 super

51 4829 90 4889 γι
108 4833 155 4911 ¹42
176 4837 218 4893 ἡ·
232 4838 285 4895 Lx·
302 4837 349 4896 ¹3·
750 4866 863 4941 isaiam,
890 4871 918 4922 et
942 4868 968 4923 in
993 4866 1118 4937 catalogo
1138 4866 1302 4939 Scriptorum
1323 4866 1415 4921 Eccle-

107 4966 149 5045 ²²)
169 4968 219 5030 cri
236 4971 392 5030 ffioatrando
412 4970 542 5041 adverbio
563 4970 702 5032 mnarum
750 4973 936 5047 araneorum,
950 4982 983 5029 ὀ.
1004 4971 1052 5028 at.

102 4069 145 4144 ²⁰)
164 4071 308 4140 Quomodo
327 4061 392 4136 τούς
412 4063 520 4138 ἔνδικα,
541 4085 619 4142 quum
639 4069 700 4125 ioh.

49 4169 100 4229 lix.
118 4176 163 4231 24.
185 4178 301 4233 Thomas
322 4166 451 4233 abesset?
478 4176 549 4249 qaod
569 4175 700 4232 eiusmodi

47 4294 158 4338 numeros
185 4284 220 4370 ad
248 4283 392 4355 collegium
420 4284 526 4358 potius,
561 4299 639 4356 quara
667 4281 701 4339 ad

49 4394 191 4454 praesentes
212 4389 361 4445 referretur.
