3300 5402
199 225 261 287 att
687 223 819 291 molt
860 223 1093 293 succubus

196 388 279 456 Jeau
301 390 432 475 Christo.
474 393 619 477 Bidnings
633 399 661 430 ⁵⁸
683 395 837 477 existimat,
859 412 965 459 uocem
987 397 1084 477 πέτρα
1104 392 1182 459 idem
1197 410 1266 459 esse
1281 392 1360 479 quod
1381 390 1471 474 πνύξ,
1494 394 1570 459 locus

197 502 314 584 quidam
334 512 470 585 petrosus
491 504 567 587 apud
589 504 788 584 athenienses,
814 522 872 586 quo
884 504 1022 587 pupulum
1035 504 1245 567 convocabant
1278 505 1352 569 Hine
1367 504 1459 568 uerba
1473 504 1571 569 mitat

196 613 240 677 sie
261 611 397 677 illustrat:
419 622 453 677 tn
472 611 531 677 buc
549 622 638 694 petro
665 618 799 697 (petroso
821 614 888 678 loco
910 615 997 677 attico
1017 612 1119 689 simili)
1140 611 1311 694 aedificem
1331 611 1494 677 naastan
1511 615 1570 679 sire

196 723 370 786 concionem
391 724 523 787 mecm.“
565 723 633 786 Post
654 741 739 804 quae,
761 743 801 787 ne
820 742 907 805 mmm
928 724 992 805 ipse
1013 722 1128 786 fureret
1148 725 1339 805 senteutiam,
1361 726 1570 806 ignoraremus,

194 831 304 895 subdit:
327 833 476 915 „Longius
491 833 566 897 baec
586 834 674 915 petita
689 851 768 913 esse,
791 851 952 915 parumque
973 831 1029 895 illis
1048 832 1120 895 lucis
1135 831 1251 911 adema,
1273 833 1373 914 plures
1395 832 1568 896 hauddubie

195 959 312 1005 mecum
332 944 467 1007 sentient
509 941 658 1007 Fabricius
671 945 698 978 ⁵⁹
722 943 830 1006 nullam
852 941 1004 1006 meliorem
1024 959 1059 1004 se
1081 941 1194 1022 legisse
1216 942 1486 1024 interpretationem
1505 959 1569 1024 pro

194 1049 308 1131 litetur,
341 1071 428 1133 quam
450 1053 623 1135 Augustini,
650 1054 714 1134 qui,
743 1059 775 1115 ot
795 1069 854 1114 uno
877 1050 969 1115 ambo
997 1069 1062 1115 mm
1084 1050 1230 1131 reseram,
1259 1059 1373 1132 petram
1401 1051 1440 1114 de
1461 1051 1570 1115 cunno

196 1159 347 1225 hominum
361 1162 507 1227 salvatore
533 1163 661 1244 exponit

196 1281 200 1291 ’
304 1277 352 1333 st.
395 1271 476 1334 llaec
495 1271 545 1353 illi,
568 1271 604 1335 ad
626 1290 702 1354 quae
723 1272 748 1335 si
770 1272 899 1333 animum
918 1268 1050 1333 nonnihil
1071 1269 1299 1349 adverterimus,
1321 1272 1455 1354 protinus
1475 1270 1574 1334 intelli

195 1398 310 1463 gemus,
331 1382 361 1444 in
378 1400 493 1445 mmmo
508 1383 678 1464 opinionum
691 1381 959 1460 sententiarumque
974 1378 1142 1443 discrimine
1156 1387 1352 1463 protestantes
1367 1381 1491 1461 uersari,
1509 1378 1576 1443 nibai

194 1489 350 1553 admodum
360 1490 470 1555 habere
483 1491 624 1574 explorati
635 1498 723 1572 atque
734 1493 884 1572 comperti,
898 1489 1070 1572 faciliusque
1081 1491 1213 1554 invenire
1225 1508 1301 1572 quae
1312 1490 1478 1572 improbent
1491 1509 1576 1572 quae

195 1617 254 1680 que
268 1599 415 1682 damnent,
436 1620 523 1683 mam
538 1620 613 1683 quae
628 1608 763 1681 statuant,
782 1600 897 1681 sibique
912 1598 1035 1680 aliisque
1050 1602 1230 1681 argumentis
1245 1600 1359 1664 idoneis
1373 1599 1575 1683 persuadeant

194 1707 289 1781 Quum
305 1711 383 1773 enim
398 1710 435 1774 de
449 1707 587 1774 subtecto
608 1717 807 1792 quaereretur,
828 1709 866 1772 ad
880 1709 960 1791 quod
973 1710 1091 1773 nomina
1113 1715 1225 1789 πέτρος
1239 1710 1292 1774 καὶ
1307 1714 1404 1791 πέτρα
1424 1709 1577 1774 relereuda

194 1818 265 1881 sbrt:
290 1837 439 1901 quumque
459 1820 615 1901 responsio
634 1826 784 1902 peteretur
807 1818 864 1882 lixa
884 1827 971 1901 atque
991 1826 1070 1900 rata,
1099 1837 1219 1901 operam
1248 1820 1289 1883 illi
1322 1819 1440 1901 quidem
1469 1818 1576 1882 dedere

193 1934 224 1991 ut
244 1929 466 2011 responderent,
489 1929 543 1993 sed
564 1950 660 2010 neque
680 1927 740 1991 stdt
759 1948 857 2008 neque
883 1927 957 1993 ultis
987 1929 1087 1993 iacere
1116 1932 1187 1994 satis
1213 1938 1378 2013 potuerunt
1421 1929 1489 1992 Non
1511 1928 1577 2005 sibi,

194 2055 283 2118 mum
303 2057 379 2121 quae
394 2038 478 2102 alteri
491 2038 668 2121 probabatur
679 2039 844 2120 responsio,
866 2038 949 2102 alteri
964 2037 1149 2121 displiceret5
1169 2056 1228 2102 non
1250 2039 1324 2117 aliis,
1346 2058 1383 2102 ac
1403 2039 1576 2121 praesertim
1640 2098 1641 2121 ,

193 2146 361 2227 catholicis,
383 2149 482 2230 quiin
503 2155 581 2212 unm
602 2148 788 2212 dissensione
809 2148 949 2213 indicium
970 2149 1089 2211 minime
1110 2148 1228 2212 dubium
1255 2151 1381 2224 erroris,
1409 2150 1579 2230 ignoratae·

194 2275 252 2337 que
277 2258 405 2321 veritatis
425 2258 481 2321 sibi
502 2255 729 2339 deprehendere
744 2258 924 2322 videbantur.
966 2257 1085 2321 lllontm
1107 2275 1235 2338 namque
1255 2256 1400 2320 menbbus
1424 2257 1579 2335 insidebat

193 2365 273 2446 quod
293 2367 498 2449 sapientissimi
512 2375 620 2448 patres,
641 2367 840 2448 lenaeustt,
862 2368 1056 2431 Tertullianus
1070 2368 1096 2400 ‘¹
1124 2385 1160 2430 ac
1180 2365 1357 2429 Athanasius
1372 2368 1401 2400 ⁶²
1424 2385 1580 2442 monuere,

191 2481 372 2555 postremum
395 2474 473 2539 band
493 2493 563 2540 esse
592 2478 701 2541 erroris
722 2485 940 2560 argumentum,
968 2477 1086 2559 quode
1112 2477 1252 2540 variante
1274 2475 1460 2559 dissidiisque
1489 2477 1579 2539 inter·

192 2587 394 2665 pretationum‚
417 2586 627 2667 doctrinaeque
647 2587 796 2669 repetitur.

298 2694 343 2758 Ne
365 2703 462 2759 autem
478 2696 623 2758 morosior
644 2695 803 2775 existimer,
826 2695 884 2757 boc
904 2696 1016 2758 interea
1027 2694 1256 2774 praeiudicium
1276 2712 1427 2776 saponem,
1449 2694 1582 2777 illudque

191 2805 286 2884 potius
301 2804 503 2887 considerabo,
526 2803 664 2886 quidnam
685 2804 803 2868 tandem
817 2812 1012 2887 protestantes
1034 2804 1208 2888 impedierit,
1231 2805 1395 2885 quominus,
1418 2806 1474 2867 etsi
1490 2803 1582 2867 sebe

191 2916 372 2979 mantissime
394 2922 544 2997 cuperent,
566 2916 596 2976 in
617 2932 704 2977 unam
727 2914 921 2997 eamdemque
950 2916 1220 2995 interpretationem
1248 2914 1449 2976 convenirent
1494 2914 1584 2977 uatus

191 3024 310 3105 quidem
331 3026 531 3107 impedimenti
545 3024 626 3088 duas
640 3025 759 3104 reperio
782 3044 924 3103 causans,
947 3043 965 3086 e
987 3022 1092 3104 quibus
1107 3025 1221 3105 ipsimet
1241 3022 1408 3085 alterutram
1431 3022 1586 3085 admittant

193 3152 319 3197 necesse
341 3141 395 3198 est.
437 3133 542 3215 Neque
566 3136 644 3197 enim
666 3132 754 3197 video
776 3133 846 3215 quid
866 3135 971 3215 reponi
992 3132 1060 3195 huic
1081 3139 1256 3215 argumento
1276 3133 1385 3214 possit:
1414 3132 1585 3215 „loterpre-
1640 3120 1641 3123 ¹

191 3244 332 3307 tationnm
354 3243 473 3306 dissidia
496 3242 543 3305 vel
563 3248 638 3323 tpsta
660 3243 813 3306 tribuenda
835 3250 902 3308 sunt
923 3241 1139 3322 interpretibus
1172 3244 1222 3324 qui
1243 3260 1297 3304 suo
1320 3241 1396 3304 male
1418 3242 1585 3325 iungantur

193 3369 333 3436 inuuere,
357 3352 404 3414 vel
426 3375 469 3416 es
489 3352 678 3417 obscuritate
698 3362 807 3417 tentus
828 3355 1003 3436 repetenda,
1033 3356 1082 3436 qui
1112 3350 1292 3415 enarrandus
1321 3350 1586 3434 explanandusque

191 3470 377 3543 proponatur.
421 3463 452 3528 si
475 3465 553 3526 enim
570 3470 599 3526 et
616 3471 712 3527 textus
734 3465 771 3527 sit
785 3466 971 3547 conspicuus,
995 3472 1025 3527 et
1045 3466 1221 3544 interpretes
1241 3461 1357 3541 legibus
1378 3460 1587 3543 obsequantur

192 3573 261 3634 artis
289 3591 377 3653 quam
408 3572 595 3655 profitentur3
625 3592 683 3636 una
712 3577 841 3638 omnium
862 3576 1034 3638 necessario
1065 3574 1120 3636 erit
1141 3571 1302 3650 sententia,
1331 3588 1406 3632 unus
1440 3571 1585 3654 idemque

193 3684 429 3746 commentarius.
473 3682 611 3745 Jamvero
632 3683 756 3747 dubitari
778 3702 838 3747 non
861 3692 973 3767 potest,
1006 3686 1034 3746 in
1057 3680 1228 3746 enarrandis
1250 3678 1356 3743 Christi
1382 3680 1502 3761 verbis,
1533 3682 1588 3746 nat

192 3793 242 3855 dni
262 3790 356 3876 ταύτῃ
377 3795 414 3876 τῇ
436 3797 532 3875 πέτρᾳ
553 3791 754 3874 οἰκοδομήσω
775 3814 838 3877 μου
860 3787 915 3869 τήν
934 3792 1117 3869 ἐκκλησίαν,
1139 3790 1294 3872 plurimum
1316 3790 1393 3852 inter
1413 3807 1448 3853 su
1471 3791 1589 3855 disac-

192 3920 280 3984 passe
300 3921 335 3963 ac
358 3920 446 3983 porro
468 3902 638 3984 discrepare
660 3909 871 3985 protestantes,
900 3921 988 3984 quum
1011 3901 1177 3965 breuissimi
1199 3897 1283 3963 incisi
1305 3899 1409 3962 decem
1429 3901 1540 3964 saltem
1556 3905 1585 3935 ‘⁸

193 4010 230 4074 ab
258 4011 293 4073 iis
322 4009 472 4091 proiectae
500 4012 700 4093 expositiones
725 4020 922 4075 numerentur.
967 4010 1205 4074 concludendum
1237 4011 1326 4093 igitur
1346 4017 1503 4092 superest,
1539 4010 1589 4073 vel

192 4127 389 4204 protestantes
404 4119 441 4183 ad
454 4120 702 4200 interpretandum
723 4121 900 4185 accedentes
914 4140 974 4184 oon
987 4122 1023 4184 iis
1038 4122 1170 4204 paruisse
1193 4118 1318 4203 legibus,
1340 4120 1446 4200 quibus
1464 4120 1589 4183 sincera

193 4229 358 4313 exponendi
373 4230 447 4292 ratio
462 4229 603 4312 dirigitur,
625 4239 713 4313 atque
727 4231 804 4295 adeo
818 4250 872 4295 suo
893 4233 1007 4295 muneri
1022 4233 1051 4294 in
1066 4250 1170 4295 caussa
1185 4232 1305 4295 minime
1321 4229 1380 4292 leri
1395 4247 1456 4292 non
1477 4230 1591 4294 leviter

258 4428 303 4502 Μ’)
317 4426 609 4500 Compenddntiquitt.
618 4426 710 4484 Graec
724 4427 860 4501 capillll.
973 4430 1017 4503 ⁶³)
1037 4429 1077 4486 De
1096 4428 1200 4485 Decret
1222 4428 1280 4484 llic.
1301 4426 1414 4497 synodi.

197 4534 224 4605 s.
245 4532 273 4588 3.
972 4535 1017 4606 aa)
1039 4534 1077 4590 lta
1098 4542 1200 4591 utnon
1222 4535 1315 4590 melios
1335 4532 1387 4588 sibi
1412 4532 1438 4587 in
1458 4549 1592 4589 marran-

259 4636 304 4712 ⁵⁹)
325 4637 408 4695 Salut.
429 4637 485 4694 lux
504 4637 661 4713 Evangelii,
684 4657 741 4713 cap.
763 4639 791 4695 l.
912 4639 956 4694 dis
985 4639 1027 4695 bis
1060 4641 1150 4696 verbis
1184 4645 1365 4715 protestantes
1397 4640 1591 4709 consdterint,

260 4743 305 4818 ⁶⁰)
326 4744 392 4800 Con.
407 4744 517 4801 llaeres.
532 4745 579 4801 lib.
589 4744 610 4801 1.
625 4744 740 4819 oaplll,
760 4744 807 4801 lib.
819 4746 862 4803 lli.
913 4762 991 4817 qnam
1013 4746 1040 4800 iu
1061 4745 1208 4804 definienda
1229 4747 1333 4803 illorum
1354 4750 1506 4819 potestate,
1531 4744 1593 4817 qni-

200 4867 258 4923 cap.
279 4849 316 4923 11,
337 4855 366 4905 et
383 4848 430 4906 lib.
446 4851 480 4907 V.
502 4867 560 4923 cap.
573 4850 632 4915 ttx.
913 4851 964 4908 bus
991 4850 1097 4908 divium
1121 4852 1308 4911 Eucharistiae
1334 4850 1469 4908 bstitutlo
1498 4852 1593 4909 ceute

263 4953 308 5028 ⁶¹)
328 4955 367 5013 Dc
389 4956 558 5031 Praescriptt
586 4971 645 5030 cap.
666 4955 784 5015 xttvttt.
914 4962 999 5013 uetur.
