3258 5400
570 271 715 344 carus
757 252 852 345 xlvss
1337 281 1394 340 nan

61 448 189 525 comesus,
208 462 283 526 quaa
305 451 385 508 aeria
406 452 487 525 sunt,
511 453 670 525 propriae,
691 445 925 526 peculiaresque
947 464 1080 507 caussae
1100 444 1300 525 arguuentur,
1333 446 1396 526 qui-

61 556 105 617 hus
120 562 242 636 mmotus
256 554 361 618 Paulus
374 553 490 617 Petrum
511 556 594 620 uiuri
609 555 703 619 semel
722 555 927 637 postposuerit
969 552 1005 619 Et
1024 551 1082 615 hec
1096 551 1213 634 qnddem
1229 553 1396 616 eondutone

61 666 219 745 amnentur,
240 671 272 726 ut
293 682 412 743 eorum,
436 682 511 745 quac
531 664 649 728 indubia
670 672 751 745 sunt,
774 662 932 743 certitudo,
954 662 1018 725 sive
1041 669 1189 744 comperta
1209 663 1258 725 iila
1279 662 1393 744 hnerInt,

57 774 105 835 sive
118 775 281 855 incomperta
302 775 478 853 manserint,
500 773 665 837 anhelemus
686 772 874 856 periclitetur.

138 888 195 944 156.
238 884 327 947 Cuius
353 883 469 965 guidem
490 883 663 947 conditionis
685 883 815 964 aequitas
836 882 936 962 nequit
957 898 1017 944 non
1039 879 1273 946 manifestissima
1292 882 1394 944 videri.

49 988 116 1053 Nulla
129 993 197 1053 enim
218 1000 266 1055 est
286 992 444 1075 disciplina,
466 994 587 1056 scientia
604 993 692 1074 nulla,
715 1010 791 1073 quac
812 990 963 1055 anomaliis
983 992 1098 1072 penitus
1118 998 1212 1053 vacet.
1256 990 1321 1056 Suis
1343 992 1395 1055 ob·

47 1101 167 1162 nausea
179 1102 329 1166 anomaliIs
344 1104 543 1186 gemmetico,
564 1104 624 1165 suis
639 1101 808 1185 philologia,
830 1099 1032 1181 chronologia,
1052 1099 1276 1184 archaeologia3
1298 1121 1395 1184 neque

46 1208 73 1271 ab
86 1212 114 1273 ils
126 1208 211 1275 soluta
225 1219 294 1274 sunt
308 1231 343 1275 ac
357 1212 448 1275 libera
463 1231 498 1274 ea
513 1229 630 1293 quoque
644 1211 832 1294 physicorum
845 1217 1010 1293 mommolo,
1032 1227 1108 1291 apae
1126 1210 1250 1291 pleniori
1270 1230 1396 1276 conson-

45 1321 112 1381 sione
129 1319 284 1384 innodantur.
327 1319 375 1383 An
395 1328 550 1403 propterea
570 1321 619 1383 vel
647 1339 715 1385 suas
741 1321 861 1402 regulos
881 1320 1076 1401 grammatici,
1108 1320 1156 1382 vel
1176 1338 1246 1384 suos
1267 1338 1396 1383 maanes

43 1427 168 1512 pbdoiogi,
190 1430 377 1511 chronologi,
396 1430 594 1513 archaeologi,
617 1431 665 1493 vel
685 1450 738 1495 sua
759 1437 916 1512 systemata
937 1430 1049 1512 physici
1071 1429 1224 1511 negligunt
1245 1439 1275 1493 et
1296 1449 1396 1511 asper·

42 1536 147 1600 ammi
171 1540 262 1603 immo
281 1557 364 1602 suam
385 1539 492 1621 singuli
513 1539 724 1623 supellectilem
743 1547 876 1621 tuentur,
903 1557 1079 1620 missasque
1101 1557 1220 1620 corum,
1249 1558 1324 1621 qnae
1344 1540 1395 1603 ah-

41 1651 132 1711 normia
151 1658 224 1729 sunt
248 1651 465 1737 ita0venantur,
488 1658 520 1712 ut
540 1652 565 1713 si
586 1649 650 1713 illas
671 1651 843 1731 repererim,
862 1651 892 1711 in
913 1649 1043 1739 medium
1062 1655 1211 1732 promant,
1231 1650 1276 1711 sin
1298 1656 1394 1711 aulem

41 1758 128 1839 minis,
145 1758 349 1841 profiteantur,
371 1758 449 1840 quod
469 1758 662 1842 profitendum
684 1759 790 1822 erebro
812 1777 898 1840 esse,
924 1777 984 1840 quo
1004 1767 1071 1822 sunt
1093 1759 1255 1839 doctiores,
1286 1775 1324 1821 eo
1345 1777 1396 1821 re·

40 1865 180 1932 henentius
201 1869 363 1933 inculcant:
394 1885 455 1932 non
470 1886 562 1950 pauca
583 1887 666 1949 esse,
695 1887 770 1951 quae
794 1875 922 1932 nostram
943 1868 1110 1931 industriam
1131 1868 1260 1951 lugiunt,
1286 1868 1396 1931 lucem-

43 1993 86 2056 que
102 1980 225 2043 veritatis
246 1982 286 2043 ita
306 1979 391 2042 nohis
412 1976 637 2060 splendescere,
668 1984 700 2040 ut
719 1978 846 2059 ombria,
875 1977 1048 2059 nemusque
1069 1994 1129 2040 non
1149 1986 1263 2059 cusat,
1291 1978 1395 2061 qndbus

44 2085 184 2152 nmmum
378 2088 380 2091 ’

126 2204 191 2262 157.
235 2198 317 2261 Ilaec
345 2206 457 2278 auam,
492 2199 517 2260 si
544 2197 669 2261 adrem
695 2204 897 2280 praesentem,
928 2195 1172 2278 quemadmodum
1199 2196 1263 2260 lieri
1289 2196 1394 2279 debet,

36 2306 215 2391 seducamur,
237 2310 424 2390 perspicuum
445 2308 515 2389 erit,
537 2307 685 2371 oblectem
707 2306 786 2370 Pauli
808 2308 1004 2370 testimonium
1025 2324 1063 2370 eo
1083 2314 1185 2388 sarapte
1206 2315 1307 2370 natura
1328 2325 1396 2390 pcr-

34 2416 126 2495 tioere,
152 2426 184 2480 ut
209 2435 347 2499 οιιιιεειιο,
376 2419 478 2499 aquae
507 2418 631 2481 inveniri
656 2419 784 2499 possint,
814 2417 964 2498 postpositi
995 2415 1089 2478 semel
1115 2414 1190 2479 Petri
1216 2418 1394 2499 reserantur,

34 2522 112 2604 iisque
130 2526 230 2590 relatIs
252 2524 435 2608 ostendatur,
457 2545 496 2589 ne
517 2528 610 2609 ipsam
632 2528 750 2608 quidem
769 2526 906 2607 loquendi
927 2522 1110 2609 ἀνωμαλίαν
1130 2545 1182 2589 sua
1202 2525 1329 2590 funditus
1349 2546 1396 2591 ra-
1434 2578 1437 2587 ,

33 2632 99 2695 ione
122 2635 248 2699 dasium
290 2636 326 2700 Et
351 2636 456 2699 adsoni
480 2654 552 2699 sano
577 2636 721 2699 eiusmodi
748 2653 887 2714 caussae,
915 2654 1027 2717 meque
1055 2639 1100 2699 sin
1122 2639 1216 2699 minus
1240 2645 1338 2700 cenae
1367 2644 1397 2699 ct

34 2741 182 2824 cedentes,
206 2745 418 2826 probabiles²⁰
440 2754 554 2826 tamen,
581 2764 716 2827 quaeque
742 2744 778 2808 ad
805 2746 957 2807 veritatem
985 2746 1118 2825 proxime
1150 2746 1294 2809 accedero
1317 2746 1396 2808 vide-

34 2859 109 2915 antur.
149 2855 261 2918 Harum
280 2856 391 2937 aliquot
410 2855 456 2918 hIs
474 2854 573 2919 verbis
595 2854 765 2936 complexus
787 2856 871 2917 est³¹
897 2852 1067 2917 Guillclmus
1086 2853 1196 2917 Estius:
1235 2856 1396 2937 „Iacobum

33 2962 110 3038 pnmo
129 2963 197 3027 Ioco
219 2967 351 3027 nominat
371 2964 408 3028 od
428 2965 572 3029 honorem
592 2964 724 3045 Domini,
748 2965 830 3027 cuins
851 2965 952 3026 erat³¹
975 2962 1079 3044 irater,
1109 2971 1139 3026 et
1160 2966 1227 3045 quia
1246 2966 1396 3048 lerosoly-

34 3086 132 3134 morum
152 3075 311 3156 episcopus
333 3082 410 3155 erat,
430 3074 480 3138 ubi
500 3074 577 3138 hacc
598 3074 790 3158 gerebantur,
811 3074 949 3155 idemque
971 3075 1087 3136 maximi
1110 3076 1235 3137 nominis
1256 3074 1333 3156 apud
1353 3076 1396 3137 iu·

32 3177 148 3243 daeos³⁸
178 3183 218 3246 ob
247 3185 405 3247 sanctitatis
433 3185 618 3266 opinionem,
644 3193 677 3247 ut
697 3184 788 3267 liquet
817 3204 855 3247 en
874 3183 1005 3264 iosepho
1027 3190 1057 3245 et
1076 3182 1275 3264 Hegesippo.“
1317 3182 1396 3245 Ilaec

32 3285 89 3370 Ille,
109 3291 215 3373 mribus
236 3311 308 3355 sanc
329 3309 389 3355 non
409 3293 514 3356 desum
537 3312 612 3374 quae
633 3292 732 3356 addas.
774 3294 821 3356 Ac
840 3294 970 3374 inprimis
990 3291 1061 3355 mihil
1082 3292 1214 3374 impedit,
1242 3293 1396 3374 quominus

31 3398 204 3483 arbitremur,
227 3401 386 3484 Iacobum,
409 3402 537 3484 Cepham
559 3410 588 3465 et
607 3401 771 3466 iohannem
792 3420 830 3464 eo
852 3402 954 3465 ordine
975 3422 992 3465 a
1013 3402 1102 3466 Paulo
1123 3405 1284 3482 numerari,
1308 3420 1396 3483 quem

31 3516 99 3573 ratio
115 3520 262 3593 temporie
281 3512 457 3593 postulabat,
480 3529 539 3595 quo
559 3511 600 3574 illi
621 3514 745 3593 primum
766 3518 971 3594 occurrerunt,
993 3513 1093 3594 illique
1106 3516 1134 3547 ⁸⁴
1160 3510 1263 3590 deicola
1285 3534 1395 3576 κοινω·

31 3618 88 3694 u'oea
111 3623 286 3703 praebuisse
311 3618 452 3686 dcunhrr.
495 3622 567 3685 Cum
588 3623 633 3685 rei
651 3630 749 3684 autern
769 3625 890 3686 veritate
913 3624 1031 3685 omnino
1052 3631 1208 3703 consonat,
1236 3628 1269 3684 ut
1292 3621 1395 3685 Paulus

82 3829 124 3907 ⁸⁰)
137 3833 214 3901 Quae
229 3832 338 3887 ommIno
352 3830 590 3905 sufficeredabent,
605 3848 683 3904 quum
733 3824 834 3906 μάζειν.
874 3832 909 3888 El
929 3832 1151 3906 Olympiodorus:
1179 3824 1330 3908 'sideipoe'e
1349 3831 1395 3888 sai

32 3949 76 3991 uon
93 3938 126 3993 da
146 3940 261 3994 veritate
282 3936 496 4013 demonstranda,
516 3938 565 3994 sed
586 3938 619 3993 de
636 3954 684 3993 ex·
733 3927 864 4012 ἄΰιλφάς,
884 3930 992 4005 πάντας
1010 3931 1074 4004 roda
1093 3947 1238 4014 συγγενεῖς,
1258 3930 1395 4011 nicasi

30 4041 148 4108 ubendo
175 4043 349 4117 dillicultate,
378 4051 406 4100 et
430 4042 564 4100 anomalia
593 4045 684 4100 conci·
733 4042 802 4100 θύα
820 4036 1028 4120 προςαγοριιὶιιν
1047 4037 1150 4121 γραφή.

30 4143 107 4203 boda
126 4149 286 4221 disputetur.
795 4149 840 4224 ³⁸)
867 4150 924 4218 Qua
951 4152 985 4207 de
1010 4164 1039 4210 re
1064 4152 1126 4208 vide
1147 4167 1215 4223 queo
1235 4151 1329 4208 scribit
1347 4152 1396 4208 Io·

84 4252 126 4328 ⁸¹)
145 4254 176 4310 In
196 4269 294 4311 comm.
316 4254 350 4311 ad
371 4254 427 4311 Gal.
440 4253 474 4310 II.
489 4253 517 4310 9.
733 4255 830 4328 sephus
851 4255 991 4329 Antiquitt.
1013 4257 1073 4313 Iud.
1094 4257 1140 4323 tib,
1161 4256 1217 4312 XX.
1245 4274 1303 4331 cap.
1324 4256 1394 4312 VIII.

82 4359 126 4434 ⁸²)
143 4360 220 4416 idest
238 4362 473 4435 consaguineus,
496 4359 683 4417 muhamas.
734 4360 768 4416 al.
790 4360 841 4436 lx,
867 4346 1044 4436 hegesippus
1056 4362 1126 4436 apud
1145 4362 1291 4419 Eusebium
1311 4363 1342 4418 il.
1364 4363 1395 4419 Ε.

32 4460 98 4519 staur
115 4467 187 4523 enim
207 4466 331 4525 hebraeis
352 4474 398 4527 list
419 4466 490 4523 idem
505 4466 600 4522 ambro
615 4466 686 4522 velet
732 4467 778 4523 lib.
793 4466 826 4524 II.
854 4454 912 4541 cop.
930 4468 1034 4542 IIIIIII,
1064 4467 1183 4524 Clemens
1211 4469 1395 4526 alexandrinus

32 4574 296 4647 accumulasse,
317 4579 346 4631 ut
358 4572 422 4629 Gen.
434 4572 505 4629 nui.
514 4573 542 4647 8,
563 4571 621 4629 IIII.
638 4570 684 4646 12,
734 4575 803 4648 apud
829 4573 949 4630 eumdem
977 4574 1022 4630 lib.
1037 4573 1070 4630 II.
1095 4589 1152 4648 cap.
1167 4574 1195 4653 13
1221 4583 1248 4632 ei
1268 4566 1397 4647 Hierony-

33 4672 116 4735 IXIX.
132 4679 180 4754 10,
200 4679 363 4753 ximus,
384 4681 420 4735 ite
435 4680 540 4750 grecus
556 4668 685 4754 ἀδελφός,
735 4696 791 4738 mus
812 4680 846 4737 de
866 4680 939 4735 Visis
959 4679 1116 4736 Illustribua.
1211 4662 1217 4675 ⁸

32 4783 95 4853 apud
113 4800 182 4857 quos
200 4776 237 4841 aei
255 4775 364 4859 bsai
391 4786 537 4843 universim
564 4786 686 4859 dicuutur
797 4786 843 4862 ²⁴)
869 4787 899 4843 In
918 4786 1016 4858 pignus
1037 4788 1184 4861 amicitiae,
1205 4791 1233 4843 et
1251 4788 1396 4842 uwessitu·

32 4877 64 4943 ei
81 4878 177 4963 ὅμοιοι·
219 4891 293 4948 Unde
315 4890 541 4965 Theophylectus:
574 4887 687 4950 amaa
735 4892 805 4949 dinis
826 4892 1058 4949 coniunctissime
1075 4892 1102 4947 In
1116 4890 1296 4964 praedicendo
1317 4900 1396 4944 evan-

30 4983 47 5067 ἡ
78 4988 170 5074 γραφῇ
202 4990 265 5065 τοῦς
296 5004 428 5075 συγγενεῖς
459 4986 596 5075 didonis
626 4988 687 5056 dra·
736 4998 819 5070 gelio.

1126 5093 1186 5164 Μ·
