3358 5400
602 288 747 359 CAPUT
788 290 911 359 xxiv.
1385 294 1445 355 att

91 459 192 542 apicem
212 459 324 541 quidem
351 476 453 523 eorum
474 457 552 524 Pauli
575 462 739 524 narratione
763 460 972 544 comprehendi
999 479 1075 542 quae
1096 465 1290 542 protestantes
1311 462 1447 542 iactitant,

92 586 210 651 quaeque
228 587 315 632 nemo
335 576 447 651 patrum
465 570 545 651 vidit,
567 589 603 633 ac
623 572 659 633 iis
680 573 823 635 contraria
846 590 914 636 csse
936 569 1198 634 demonstravimus
1211 572 1254 605 ¹⁴³
1279 589 1354 653 quae
1375 570 1447 647 Pau·

10 712 12 717 ·
92 677 132 739 las
150 680 300 742 certissime
322 679 444 760 scripsit.
1042 732 1045 739 ,

182 794 245 853 ott.
287 789 324 852 llt
336 808 370 853 re
384 807 456 853 sane
470 807 541 852 vera
561 788 640 852 Pauli
661 792 788 854 narratio
809 789 846 854 ad
866 798 989 873 quatuor
1010 790 1165 855 commode
1186 794 1281 874 capita
1296 791 1446 874 redigitur,

87 897 120 959 ad
138 919 273 963 εινιεαιο
295 918 381 981 quum
402 902 550 981 proponit,
579 900 616 963 ad
637 900 769 964 eiusdem
790 898 1028 964 declarationem
1048 899 1382 982 confirmationemque,
1410 900 1448 962 ad

83 1006 229 1071 εααίίίυιιι
242 1010 324 1088 ρειαί
334 1015 411 1086 iniit,
434 1016 465 1072 el
480 1008 651 1072 admodum
668 1030 729 1090 guo
742 1007 823 1072 ίίίυό
835 1018 1008 1089 coequatus
1030 1020 1086 1073 est.
1129 1010 1165 1075 Et
1186 1029 1308 1076 caussae
1329 1009 1446 1092 quidem

82 1114 114 1177 τό
138 1119 319 1200 κρινόμενον
342 1117 388 1181 his
413 1117 513 1181 verbis
528 1121 570 1152 ¹⁴⁴
601 1121 736 1202 exponit:
774 1115 844 1184 Ὅτε
871 1118 908 1182 dl
927 1110 1010 1195 ἦλθε
1032 1120 1159 1201 Πέτρος
1180 1125 1223 1196 είς
1243 1120 1447 1198 Ἀντιόχειαν,

81 1219 154 1289 κατιὶ
174 1229 340 1308 πρόςωπον
361 1223 449 1313 αὐτῷ
468 1225 625 1305 ἀντέστην,
653 1226 700 1290 dic
722 1231 974 1310 κατεγνωσμένος
995 1221 1041 1306 ἦν.
1085 1229 1143 1293 Sed
1166 1250 1241 1312 quae
1262 1230 1351 1294 Paulo
1373 1231 1447 1293 ratio

81 1335 138 1416 tait,
163 1345 281 1418 propter
307 1356 394 1419 quant
422 1336 538 1400 Petrum
567 1346 823 1421 κατεγνωσμένον
840 1341 895 1416 ¹⁴⁵,
923 1337 1014 1420 idest,
1044 1340 1272 1421 καταγνώσεως
1293 1333 1383 1417 ἄξιον
1404 1340 1447 1402 dl·

79 1442 173 1509 ocrctl
194 1466 231 1510 en
257 1448 336 1529 quod
357 1447 406 1510 illc
424 1446 497 1512 lalsa
519 1456 549 1512 et
569 1448 605 1512 ab
627 1448 774 1531 evangelii
794 1450 915 1511 veritate
937 1434 1055 1511 dissona
1077 1447 1221 1513 doceret?
1242 1469 1280 1513 ne
1302 1449 1331 1513 id
1352 1453 1446 1532 suspi-

79 1572 181 1636 cemur,
202 1557 272 1621 lacit
290 1557 416 1621 Actuum
437 1557 556 1621 historia
577 1576 652 1639 quae
674 1557 789 1621 Petrum
813 1557 932 1621 exbibet
955 1564 986 1620 ut
1006 1558 1056 1638 qui
1077 1559 1206 1620 omnium
1228 1560 1338 1639 primus
1358 1559 1446 1622 liber·

78 1669 159 1727 utem
179 1668 310 1748 gentium
331 1667 538 1750 declaraverit,
560 1667 740 1750 defenderit,
762 1668 950 1731 constituerit.
993 1667 1073 1731 Facit
1091 1669 1269 1751 apostolatus
1289 1666 1447 1750 χάρισμα,

10 1838 12 1859 ,
78 1789 132 1853 quo
157 1777 205 1856 qui
232 1777 364 1860 insignes
393 1785 510 1859 essent,
541 1778 629 1842 iidem
656 1779 692 1841 ab
722 1795 824 1841 errore
852 1778 996 1841 immunes
1017 1779 1047 1841 in
1068 1778 1264 1860 praedicando
1291 1777 1447 1859 evangelio

76 1880 273 1948 reddebantur.
315 1887 395 1950 Facit
424 1896 576 1953 contextaas
604 1891 633 1952 in
659 1906 717 1970 quo
739 1888 776 1951 de
798 1887 930 1951 doctrina
958 1907 995 1951 ne
1017 1888 1197 1952 levissimum
1219 1889 1336 1971 quidem
1358 1889 1447 1951 vesti·

10 1962 20 2103 l
74 1991 149 2071 glum
170 2003 298 2077 apparet.
340 1997 460 2061 Faciunt
479 1998 588 2062 diserta
610 1997 719 2077 verba,
749 1997 853 2080 quibus
874 1998 950 2062 Petri
971 1997 1117 2062 delectum
1138 1999 1176 2062 ad
1200 1998 1373 2074 πολιτείαν,
1401 1999 1446 2060 in·

10 2146 12 2251 B
75 2100 257 2186 stitutumque
282 2106 399 2170 vivendi
427 2116 577 2190 spectasse
604 2098 796 2189 ostenditua3'
811 2109 889 2172 unde
910 2108 1014 2172 Paulus
1028 2111 1071 2143 ¹⁴⁸
1095 2128 1162 2172 eum
1185 2110 1253 2173 dicit
1274 2106 1448 2189 ὑπόκρισιν,

10 2272 11 2279 ,
75 2211 284 2278 simulationem
306 2235 362 2299 qua
383 2219 448 2299 quis
469 2237 503 2283 se
525 2219 612 2282 alium
634 2226 758 2282 externa
779 2220 879 2301 specie
897 2218 1019 2301 praebet
1039 2237 1125 2301 quam
1148 2238 1219 2283 vere
1240 2227 1295 2284 est.

176 2330 246 2388 sta.
290 2327 387 2401 Quare
408 2328 446 2390 ed
472 2328 676 2393 declarandam
699 2327 984 2410 confirmandamque
1005 2347 1139 2394 caussam
1160 2329 1356 2413 progrediens
1378 2347 1449 2410 apo·

11 2508 12 2511 Ἴ
76 2432 172 2515 sotus,
194 2437 289 2518 inquit
304 2439 365 2500 Ητε
397 2434 474 2520 Πρὸ
494 2439 552 2500 τοῦ
573 2436 637 2519 γαρ
658 2435 769 2501 ἐλθεῖν
788 2457 876 2513 τινας
890 2435 954 2501 οίπό
968 2436 1133 2522 Ἰακώβου,
1154 2437 1234 2521 μετοί
1255 2444 1319 2504 τοῖν
1340 2437 1450 2503 ἐθνῶν

75 2542 255 2620 συνήσθιεν·
283 2542 335 2609 ὅτε
356 2545 393 2611 dd
414 2537 535 2625 ἦλθον,
562 2545 724 2611 υπεστελλε
745 2549 798 2612 καί
819 2545 983 2633 ἀφώριζεν
1003 2551 1131 2624 ἑαυτόν,
1152 2547 1354 2634 φοβούμενος
1375 2543 1449 2623 τούς

74 2654 108 2713 ἐκ
132 2657 313 2736 περιτομῆς·
348 2659 400 2721 καὶ
425 2656 702 2739 συνυπεκριθνίσαν
726 2655 888 2741 αὐτῷκαὶ
915 2658 945 2720 ol
969 2657 1072 2723 λοιποί
1098 2657 1252 2735 taddeam,
1289 2655 1368 2733 ώςτε
1395 2658 1450 2721 καί

76 2758 248 2850 Βαρνάβας
269 2763 464 2845 συναπήχθη
484 2765 590 2832 αὐτῶν
614 2773 652 2851 τῇ
670 2765 840 2847 ὑποκρίσει.
883 2767 994 2830 Ιόοίτοο
1016 2768 1075 2843 (sio
1096 2768 1174 2829 enim
1195 2768 1357 2830 nectendas
1378 2764 1456 2831 cssc‘

75 2876 209 2939 orationis
229 2884 345 2959 partes,
366 2877 505 2958 particula
524 2871 588 2960 γοὶρ
610 2877 750 2953 ostendit)
770 2877 871 2940 Petrus
893 2875 1113 2959 καταγνωστός
1134 2883 1211 2957 erat,
1234 2875 1313 2957 quod
1335 2874 1356 2937 Ι.
1376 2874 1449 2936 libe-

10 2970 13 3093 ι
73 2999 132 3045 ram
156 2985 341 3068 solutamque
370 3006 387 3049 a
414 2986 557 3070 legalibus
584 2989 777 3052 caeremoniis
806 2987 923 3051 vivendi
942 2989 1085 3050 rationem
1106 2986 1305 3066 commutarit,
1335 3000 1449 3064 suoque

138 3213 199 3290 ιιι)
221 3232 266 3271 nn·
286 3215 354 3272 272⁴
375 3233 449 3290 seqq,
786 3233 838 3273 κιαι
863 3215 1020 3291 obliquare,
1047 3214 1139 3287 graeci
1159 3204 1293 3289 ταμαώειν
1311 3202 1362 3285 τήν
1381 3199 1449 3282 ἀλή-

137 3320 198 3396 Ι*1)
219 3320 358 3379 ostatu.
382 3322 426 3379 11.
785 3324 876 3379 dotus.
922 3322 980 3391 Qua
1010 3322 1179 3377 simulatione
1206 3319 1328 3392 prudenti
1357 3316 1451 3373 uolunt
1526 3310 1530 3317 ’

10 3452 12 3469 ι
137 3427 197 3502 ¹⁴⁵)
219 3427 310 3484 Placet
334 3427 406 3501 quod
426 3435 502 3485 notat
520 3428 628 3503 lloppe,
654 3429 739 3501 parti·
786 3428 847 3484 beic
871 3443 935 3484 usos
960 3443 1021 3484 csse
1041 3429 1146 3484 Petrum
1166 3433 1193 3483 ct
1211 3425 1317 3482 Paulum
1338 3429 1450 3497 aposto·

75 3531 168 3604 tipium
201 3534 340 3607 passivum
370 3531 587 3610 κατεγνωσμένος
618 3532 738 3589 adhiberi
786 3534 829 3590 los
849 3534 1055 3606 chrysostomus
1069 3534 1285 3605 etllicronumus
1305 3530 1450 3602 Origenem

75 3652 123 3709 pro
139 3638 275 3697 adlectivo
295 3631 495 3716 καταγκαστός,
515 3639 738 3697 cxbebrneorum
787 3643 888 3719 secuti;
919 3642 994 3715 quasi
1021 3640 1090 3697 nulle
1117 3641 1197 3697 luerit
1223 3640 1291 3695 inter
1310 3637 1450 3711 apostolos

10 3790 12 3801 ,
76 3746 235 3818 scriptoram
256 3748 418 3821 imitatione,
446 3749 490 3821 qui
511 3753 541 3804 ut
559 3747 669 3803 omnino
690 3762 739 3803 vo-
786 3765 851 3805 vera
866 3749 1011 3821 contentio,
1032 3746 1080 3803 sed
1095 3746 1216 3804 consulto
1236 3745 1450 3817 consiliumque

75 3849 178 3907 sabulis
198 3853 356 3927 allectivis,
379 3854 415 3910 itu
437 3854 621 3928 marimens,
642 3854 738 3927 quibus
787 3855 821 3910 de
848 3855 978 3911 industria
1004 3870 1048 3910 res
1075 3855 1113 3911 ita
1142 3854 1222 3910 inerit
1252 3851 1286 3908 ab
1318 3850 1450 3924 apostolis

10 4020 11 4025 η
74 3955 192 4028 dignitas
223 3958 340 4016 bominis
370 3961 541 4036 exprimitur,
570 3960 625 4017 lore
655 3960 739 4017 desti·
788 3959 988 4029 administrata‚
1016 3967 1044 4016 ut
1064 3976 1112 4032 per
1130 3960 1182 4015 lroc
1202 3960 1291 4015 bonnm
1317 3965 1450 4017 conamen

10 4126 12 4151 Ι
75 4067 189 4121 tuantur.
787 4068 922 4140 utriusque
953 4066 1043 4140 populi
1072 4065 1151 4123 saluti
1180 4065 1364 4122 consuleretur
1391 4059 1452 4120 κατ’

10 4162 12 4171 ’
137 4169 199 4247 ¹⁴⁸)
222 4169 307 4227 Galat.
327 4170 361 4227 ss.
383 4170 429 4227 ts.
788 4170 960 4246 οίκονομίαι,
987 4189 1055 4249 quae
1073 4188 1129 4233 nox
1148 4174 1257 4246 proprie
1276 4171 1347 4229 idom
1373 4177 1453 4231 conat

10 4342 11 4351 ρ
138 4276 201 4351 ¹⁴⁷)
223 4275 290 4332 lbid.
309 4293 355 4333 ιε.
373 4274 507 4333 12-14.
547 4276 605 4333 Νοο
625 4276 693 4334 male
712 4279 739 4334 in
788 4280 858 4351 apud
884 4293 998 4351 graecos
1025 4278 1168 4350 theologos
1194 4278 1265 4351 qnod
1284 4277 1353 4350 apud
1373 4276 1452 4348 Poly·

10 4364 12 4377 ἱ
74 4383 147 4438 notis
167 4381 285 4439 aduertit
303 4382 404 4457 llorns,
425 4378 660 4459 οννναοκριθῆιοι
679 4400 740 4439 ver·
788 4384 860 4441 bium
893 4375 1083 4462 στευπόιιρισις
1115 4376 1255 4457 nubsisti,
1288 4398 1366 4457 quam
1393 4373 1453 4440 alud

10 4462 11 4505 ³
75 4484 137 4542 bum
168 4503 231 4544 esse
259 4487 450 4562 polybiunum,
479 4490 522 4545 cui
551 4480 740 4563 σονννώκρισις
787 4486 838 4548 πώ
864 4482 1091 4566 κακουργήματος
1118 4490 1171 4545 luto
1200 4490 1357 4562 distinguit:
1389 4505 1452 4546 nam

75 4592 269 4666 propemodum
294 4593 365 4651 idem
391 4593 463 4666 quod
488 4592 637 4671 οίκονομία.
677 4595 740 4652 llox
789 4596 985 4653 simulationem
1005 4595 1211 4669 iraudulentum,
1232 4595 1375 4668 dolumque
1396 4612 1454 4652 tna·

75 4698 171 4756 addit:
207 4700 348 4776 „Patribus
378 4704 499 4778 graecis,
528 4718 582 4758 nou
612 4707 684 4758 recta
714 4707 742 4757 et
788 4700 843 4758 lura
861 4692 1042 4779 κακούργημα
1062 4707 1158 4777 uocat3
1184 4702 1233 4761 scd
1254 4709 1312 4759 cata
1340 4702 1453 4759 consilia

74 4808 185 4881 aperta,
213 4807 262 4863 sed
282 4808 470 4882 circumspecta
491 4813 519 4865 et
537 4809 630 4865 dentre
655 4823 740 4880 sagax
789 4825 824 4865 cx
843 4824 892 4866 usu
912 4815 940 4865 et
959 4810 986 4864 in
1007 4815 1127 4882 tempore
1147 4809 1276 4879 adbibita,
1299 4808 1370 4881 quod
1386 4808 1452 4865 artis

72 4912 176 4985 agendi
195 4915 280 4987 ratio,
301 4905 373 4971 κατοί
392 4906 443 4988 τὴν
461 4904 612 4982 ὑπόθεσιν,
632 4921 660 4970 ut
678 4914 760 4970 Ari·
790 4920 833 4971 est
852 4920 880 4970 et
898 4915 1070 4988 prudentiae,
1097 4906 1287 4984 ονννντόκρισιι
1313 4902 1453 4983 πολιτικήν

73 5019 190 5077 stutelcs
210 5019 374 5094 loqueretur,
394 5022 465 5095 quud
484 5020 562 5080 latim
579 5027 679 5082 nocant
696 5022 740 5080 si·
791 5018 936 5098 appellat.“

10 5108 12 5201 l
122 5143 253 5199 Passagttn,
267 5146 442 5187 commentnrim.
1194 5116 1238 5192 16
