3266 5416
599 182 744 252 CAPUT
785 186 825 248 ll.
1357 180 1394 240 41

59 358 161 443 probum
186 374 231 437 se,
260 354 446 437 numerisque
471 355 606 419 omnibus
624 354 786 420 absolutum
807 362 1016 439 protestantem
1042 354 1268 431 demonstraret,
1297 346 1398 412 delen·

63 470 165 535 denium
184 467 237 531 sibi
258 468 419 549 sumpsit¹:
462 465 683 548 „Disparitalem
714 469 863 549 potestatis
891 468 967 529 inter
986 464 1133 547 apostolos
1154 480 1223 525 esse
1242 459 1398 523 humanum

64 583 196 659 numium,
216 578 246 639 in
267 578 357 640 saeris
379 576 556 658 euangeliis,
578 583 608 639 et
628 576 731 640 divinis
753 578 821 638 novi
841 577 1006 640 testamenti
1025 575 1173 656 scripturis
1193 573 1311 635 minime
1332 569 1400 633 sub·

61 690 172 754 sutem.“
210 686 347 750 Atrocem
376 685 549 749 calumniam
576 702 636 748 non
662 685 725 747 tulit
751 686 917 767 theologica
944 685 1095 750 Sorbonae
1123 683 1258 762 facultas,
1287 680 1400 761 sibique

58 802 167 882 apprime
181 797 316 860 decorum
332 814 400 859 esse
422 795 510 876 duxit,
531 795 679 859 hominem
696 796 817 858 crimine
831 795 992 859 haereseos
1012 802 1125 877 turpem
1145 794 1316 875 reprimere,
1339 788 1401 852 edi·

57 919 131 990 toque
149 907 267 971 solemni
288 904 393 967 indicio
416 903 581 985 declarare,
611 905 680 986 quid
700 905 737 968 de
760 906 955 986 apostolorum
975 904 1147 986 aequalitate
1169 903 1217 966 vel
1245 898 1403 981 inaequali·

56 1026 105 1081 tate
131 1016 163 1079 nd
185 1017 391 1098 praescriptum
419 1013 580 1077 catholicae
600 1014 790 1096 professionis
811 1016 969 1078 existimari
996 1014 1109 1077 debeat.
1151 1012 1249 1093 ltaque
1271 1010 1318 1073 die
1339 1007 1401 1070 XV.

54 1126 220 1205 Decembris,
243 1142 320 1188 anno
341 1123 504 1187 tfflcxvlt.
526 1143 562 1187 ea
583 1127 735 1205 sententia,
759 1142 815 1206 qua
836 1126 949 1206 priores
971 1132 1094 1206 quatnmr
1115 1122 1291 1206 spalatensis
1311 1119 1401 1182 libros
1421 1162 1424 1173 .

55 1236 86 1300 de
107 1234 252 1318 Republica
272 1235 434 1298 Christiana
456 1234 590 1315 conlinit,
618 1235 847 1317 propositionem
868 1253 954 1316 quam
975 1235 1139 1313 retulimus,
1168 1232 1224 1295 hac
1253 1232 1400 1295 censura¹

54 1349 157 1409 neunt:
197 1345 296 1426 „llaec
324 1345 482 1426 propositio
511 1352 556 1408 est
576 1342 731 1407 baereticae
760 1351 790 1407 et
811 1342 1023 1419 salamantica,
1051 1343 1088 1407 de
1109 1343 1305 1406 iurisdictione
1333 1358 1403 1422 apo-

55 1457 140 1520 stolica
160 1455 319 1533 ordinaria,
342 1455 467 1534 quaein
488 1453 553 1519 solo
572 1455 658 1519 Petro
679 1454 869 1536 subsistebat,
892 1453 1067 1517 intellecta.“

146 1572 188 1628 12.
230 1565 328 1639 Quare
353 1572 411 1627 tam
439 1564 521 1628 cordi
542 1583 609 1629 esse
633 1565 718 1630 nobis
739 1565 828 1629 debet
852 1563 928 1627 Petri
948 1564 1183 1645 praerogativas,
1209 1562 1404 1641 eximiamque

54 1694 112 1755 pne
136 1674 268 1757 apostolis
293 1673 414 1755 reliquis
443 1673 628 1757 dignantem,
657 1683 889 1757 potestatemque
915 1673 1006 1754 tueri,
1036 1691 1123 1755 quarn
1150 1671 1307 1737 sinceritati
1328 1668 1405 1737 fidei,

59 1801 117 1865 quae
134 1783 246 1848 haeresi
268 1785 476 1865 corrumpitur,
498 1792 527 1846 et
548 1785 693 1848 ecclesiae
714 1787 830 1867 unitati,
857 1804 932 1867 quae
953 1784 1070 1847 haeresi
1092 1791 1122 1847 et
1142 1783 1297 1847 schismate
1315 1776 1405 1840 mola·

61 1901 108 1974 tm,
131 1896 307 1978 prospicere.
351 1893 393 1955 lili
422 1893 556 1957 nimirum
584 1896 699 1974 unitati,
729 1913 816 1977 quam
845 1893 1014 1976 profitemur
1027 1897 1052 1927 '⁰
1084 1895 1113 1956 in
1140 1891 1289 1978 symbolo,
1319 1905 1405 1969 mam

60 2002 199 2086 Scripturas
213 2007 237 2039 ¹¹
262 2004 460 2087 praecipiunt,
489 2022 575 2086 quarn
596 2003 725 2067 Christus
740 2005 766 2036 ¹²
795 2004 995 2085 commendat,
1023 2022 1076 2087 pro
1099 2022 1155 2085 qua
1175 2002 1289 2065 Patrem
1305 2000 1330 2033 ¹¹
1356 2016 1408 2058 ex·

59 2115 147 2193 oravit,
168 2122 196 2178 et
216 2134 305 2197 qoam
328 2131 387 2177 non
409 2113 496 2176 modo
517 2115 662 2177 institutae
684 2132 701 2176 a
722 2131 756 2177 se
780 2114 942 2196 ecclesiae,
965 2133 1066 2177 verum
1087 2115 1173 2177 etiam
1193 2130 1265 2176 suae
1287 2129 1304 2173 a
1323 2108 1407 2171 Patre

56 2224 180 2289 missionis
196 2225 222 2259 ¹¹
244 2234 360 2315 notam,
383 2233 412 2289 et
432 2226 561 2305 oppetas
581 2224 710 2286 omnium
730 2224 987 2288 luculentissimum
1009 2224 1072 2288 iore
1094 2224 1248 2287 constituit.

142 2333 261 2397 Dubium
290 2353 364 2399 vero
391 2353 459 2398 esse
485 2351 545 2397 non
571 2340 681 2415 potest,
710 2333 787 2397 unde
808 2333 986 2399 defensionis
1007 2342 1194 2417 argumenta,
1223 2339 1253 2396 et
1278 2327 1407 2392 venulis

56 2445 225 2521 patrocinium
245 2446 340 2526 repeti
362 2444 496 2507 debeant
538 2442 786 2525 Argumentormm
808 2444 895 2508 sedes
916 2444 1078 2527 praefinivit
1098 2445 1289 2528 spalatensis,
1311 2460 1407 2523 neme

55 2549 112 2613 alias
133 2553 166 2615 ab
187 2555 221 2617 iis
241 2555 408 2637 proposuit,
431 2570 503 2635 quas
524 2571 578 2615 nos
601 2555 655 2636 ipsi
676 2554 854 2637 delegimus,
875 2574 1009 2638 quaeque
1030 2555 1124 2621 solum
1147 2576 1164 2619 a
1183 2553 1408 2638 protestantibus

56 2661 177 2743 inpretm
199 2664 353 2728 habentur.
396 2663 449 2744 „ln
470 2662 724 2744 disputationibus,
747 2666 785 2726 ita
807 2663 916 2728 Galliae
938 2666 1090 2729 calviniani
1106 2669 1144 2748 ¹¹,
1166 2665 1201 2729 ad
1224 2664 1358 2729 iudicium
1377 2671 1409 2726 et

60 2769 216 2838 decuionem
231 2774 383 2837 doctrinae
398 2771 494 2835 nullus
508 2772 563 2835 erit
576 2773 659 2835 locus
672 2773 854 2854 antiquorum
869 2773 1021 2838 doctorum
1041 2777 1185 2857 scriptis.‘¹
1226 2774 1263 2838 Et
1283 2774 1349 2838 alibi
1365 2777 1408 2837 ¹¹:

62 2880 160 2956 ,tinnio
187 2884 298 2947 debent
325 2882 466 2964 expendi,
495 2881 597 2964 dirigi,
624 2882 778 2946 reformari
804 2886 1004 2966 exscriptum
1025 2885 1141 2947 sacra.“
1183 2885 1263 2958 Quae
1286 2904 1302 2947 a
1324 2903 1409 2968 cory-

59 2986 134 3068 plaeo
159 2991 295 3056 lectionis
319 2991 438 3055 Calvino
467 2990 641 3073 didicerant,
671 2995 719 3073 qui
741 2991 901 3056 catholicos
922 3012 981 3056 non
1008 2994 1078 3056 citra
1100 3002 1286 3076 arrogantem
1306 2995 1409 3058 lastnrn

59 3096 94 3161 lis
110 3102 199 3165 verbis
221 3101 417 3183 compellabat
433 3104 475 3163 ¹¹:
519 3101 570 3181 „ln
591 3100 676 3165 Petro
698 3100 798 3165 volunt
811 3104 940 3185 popistae
961 3104 1117 3167 ecclesiam
1132 3104 1258 3167 fundari:
1280 3105 1411 3167 nonnulli

57 3226 87 3269 ex
103 3209 224 3275 Patribus
238 3216 266 3246 ¹¹
292 3213 330 3274 ita
351 3218 565 3293 exposuerunl3
592 3210 645 3274 sed
667 3230 733 3274 oum
753 3212 895 3276 reclamet
918 3220 978 3276 toto
999 3213 1145 3295 Scriptura
1161 3217 1198 3295 ¹¹,
1219 3214 1287 3297 quid
1308 3233 1409 3277 eorum

59 3317 181 3384 adversus
201 3322 297 3387 Deum
319 3322 476 3384 auotoritas
496 3318 734 3402 praetendituri¹‘
777 3322 921 3387 stabimus
935 3341 1009 3405 crgo
1027 3323 1190 3406 scripturis,
1208 3326 1301 3405 iisque
1316 3324 1411 3387 solum

111 3541 135 3615 ¹)
153 3543 233 3601 Penes
245 3543 396 3601 Iinl’lessis
410 3540 578 3616 d'Argentrl,
594 3542 702 3600 Collect.
816 3545 859 3620 ¹⁴)
878 3546 939 3602 loir.
957 3545 1040 3602 XVII.
1057 3545 1112 3602 2l:
1133 3535 1190 3602 ‘Ira
1209 3535 1225 3602 ὁ
1246 3539 1348 3623 κόσμος
1367 3562 1411 3604 m·

57 3643 203 3706 iudiciorum
216 3650 289 3707 Eecl.
312 3650 340 3706 Τ.
355 3650 375 3706 l.
396 3650 464 3707 Part
479 3649 511 3705 11.
531 3665 594 3721 pag.
609 3649 676 3706 409.
751 3642 858 3728 πεύσῃ,
877 3641 921 3709 ὅτι
939 3643 974 3708 oo'
994 3670 1029 3726 pa
1048 3642 1216 3719 ἀπέστειλας,

109 3770 134 3846 ’)
160 3772 301 3831 &usuum
328 3773 499 3830 sorbonicam
525 3773 608 3828 habes
634 3771 703 3845 apud
818 3774 860 3849 15)
880 3774 951 3830 libr.
972 3774 1005 3831 de
1023 3775 1178 3850 Disciplina,
1200 3792 1258 3850 cap.
1273 3776 1293 3831 l.
1315 3783 1363 3833 art
1378 3776 1410 3849 ll,

58 3873 206 3934 inscissum
233 3879 347 3955 Harlay,
375 3880 602 3952 archiepiscopum
630 3885 704 3935 roto-
752 3897 810 3954 cup.
824 3880 870 3936 vl.
892 3886 942 3935 art.
956 3880 1002 3936 tv.

59 3994 119 4053 ¹¹¹8·
138 3984 252 4057 ᾸΡθῙθί·
273 3985 375 4057 Eiifld·
396 4001 459 4058 Μ·
476 3983 543 4041 2¹5·
571 3984 635 4042 odit.
656 3983 704 4039 ¹³¹·
817 4002 859 4078 ¹¹)
880 4002 999 4060 confess.
1020 4004 1110 4076 gallic.
1131 4003 1188 4060 Art.
1203 4004 1237 4059 V.

59 4085 196 4145 ¹¹⁸·1'125·
818 4127 860 4202 Ιτ)
879 4125 963 4185 rmore
984 4127 1029 4183 rso.
1043 4127 1089 4183 tv.
1110 4143 1168 4200 cap.
1182 4127 1228 4183 vr.
1249 4144 1275 4183 a.
1290 4129 1317 4184 c.

10 4202 12 4263 l
113 4211 152 4285 ¹¹)
171 4212 291 4284 Spmbol
312 4214 370 4268 cic:
395 4203 565 4286 Hammona
584 4210 622 4277 alc
637 4209 704 4287 plen
818 4252 860 4327 rr)
880 4251 918 4307 m
939 4268 972 4307 ne
991 4241 1082 4307 wop
1111 4251 1183 4323 atqrd
1204 4266 1271 4324 quo,
1291 4257 1319 4307 p„
1337 4267 1412 4308 m,

62 4328 199 4405 mim·
752 4358 841 4415 nullm
867 4357 999 4431 appellas,
1030 4357 1057 4413 bi
1084 4363 1145 4455 sunt
1170 4372 1278 4429 prorsus
1307 4373 1412 4429 mones,

114 4455 152 4529 11)
180 4457 200 4512 l.
221 4456 281 4514 Cor.
302 4457 358 4513 llll.
381 4457 467 4513 12-
480 4457 534 4533 273
564 4457 661 4530 pres.
682 4458 703 4514 l.
753 4464 822 4522 adeo
849 4470 878 4520 nt
904 4462 1065 4537 prieclarius
1090 4462 1247 4519 eruditionis
1272 4470 1333 4520 tuae
1352 4481 1413 4537 spe-

61 4554 234 4635 22—23,11.
257 4562 392 4635 ld-ld,
412 4563 456 4618 ill.
478 4564 506 4637 6,
527 4562 572 4618 IV·
594 4562 703 4619 4-12
753 4573 838 4627 cirnen
859 4570 1004 4627 desiderari
1025 4570 1072 4625 aix
1092 4570 1186 4641 possit.

63 4662 146 4737 ’Μ’
170 4668 203 4724 v·
223 4668 365 4743 23‘303
392 4668 412 4724 ¹·
428 4669 488 4725 ⁰⁰¹·
509 4668 528 4724 ¹·
550 4667 662 4725 9⁸43·
818 4692 860 4767 ¹¹)
888 4692 980 4748 Notari
1000 4692 1137 4748 artilloium
1157 4692 1238 4749 debet
1262 4698 1413 4766 protestan-

117 4787 157 4862 ¹¹)
176 4790 236 4846 ³⁰¹¹
255 4791 288 4847 Χ·
312 4788 356 4845 ¹⁰·
753 4798 823 4856 bitus
847 4799 982 4876 solemne,
1010 4812 1074 4871 quo,
1089 4798 1126 4854 ita
1146 4815 1176 4856 sa
1196 4803 1304 4871 meunt,
1331 4805 1360 4855 ut
1378 4799 1413 4853 si·

118 4906 156 4985 ¹²)
175 4912 234 4968 loh.
253 4912 335 4971 nvn.
355 4911 494 4968 20-23.
753 4921 821 4979 quae
847 4906 945 4980 ueritas
973 4904 1132 4962 aucurino
1158 4903 1306 4962 bibliorum.
1319 4902 1414 4957 occur
