3358 5400
215 238 276 306 bii
736 240 868 310 bruun
907 242 1075 313 miuus

213 423 339 475 necesse
359 410 405 474 est
425 406 473 474 vel
493 408 532 475 do
556 410 734 492 metaphora
751 417 804 491 ¹⁸⁷,
833 433 890 496 qua
912 432 988 495 quae
1010 421 1077 477 sunt
1099 413 1204 477 Christi
1224 413 1261 476 ad
1283 414 1415 478 eiusdem
1438 414 1599 496 πλήρωμα

214 521 417 600 traducuntur,
445 520 494 583 vel
520 520 559 584 de
583 529 765 603 metonymia
781 525 834 599 ¹¹⁸,
864 541 921 605 qna
949 520 1106 605 possessor
1131 540 1186 605 pro
1213 542 1247 586 re
1268 540 1406 605 possessa
1431 531 1598 606 usuipatuq

214 649 271 711 qua
293 627 423 692 Christus
449 631 589 712 accipitur
616 648 670 712 pro
695 632 823 695 ecclesia
849 650 925 713 quae
952 639 998 695 est
1012 635 1055 667 '⁸’
1075 631 1208 712 populus
1232 639 1300 695 eius
1327 633 1523 715 τιεροιύσιος,
1550 653 1599 717 pe-

214 760 275 800 nus
294 740 337 772 ¹⁹⁰
367 737 514 817 electum,
554 739 659 824 repnte
687 742 905 818 sacerdotium,
936 761 1015 823 pem
1045 749 1170 820 saneta,
1200 742 1333 822 papalia
1363 749 1597 824 acquisitionis,

215 852 359 931 quum''¹
382 847 444 914 sibi
465 848 608 913 Christus
630 857 801 930 acquisivit,
822 872 940 930 auoque
950 856 1102 934 sanquine
1114 858 1273 930 propriam
1279 851 1369 934 fecit,
1387 873 1467 933 quoe
1484 853 1530 886 '⁹²
1554 860 1598 915 eat

213 959 479 1025 maeoticam
496 961 630 1024 iocunda
651 967 681 1024 et
696 967 842 1038 specioso,
864 967 895 1023 et
909 978 975 1022 cum
992 978 1048 1041 qua
1065 962 1107 994 ¹⁹³
1125 968 1244 1041 propter
1258 955 1408 1042 μυστικήν
1423 965 1544 1025 ἕνωσιν
1561 961 1600 1024 illi

214 1071 389 1134 simillimam
411 1070 449 1133 de
464 1087 521 1151 qua
535 1071 673 1150 scriptum
695 1078 749 1150 est,
773 1071 828 1134 xci
842 1072 965 1133 iconem
985 1067 1043 1132 δύο
1061 1072 1106 1144 εὶς
1120 1069 1224 1153 σάρκα
1237 1071 1324 1152 μίαν,
1345 1078 1598 1135 unum‘censetur.

323 1187 392 1243 352.
434 1178 573 1242 Jamvero
602 1188 850 1244 commemoratae
875 1179 1017 1243 formulae
1044 1197 1142 1260 neque
1166 1179 1303 1243 eumdem
1326 1180 1447 1244 lmrdunt
1465 1197 1597 1259 sensum,

213 1308 311 1371 neque
331 1289 407 1353 tales
427 1296 494 1353 sunt
513 1308 588 1370 quae
609 1290 658 1352 vel
678 1298 778 1353 mutuo
799 1288 951 1369 conlirndi,
974 1288 1023 1351 vel
1044 1287 1143 1353 divelli
1165 1289 1201 1350 ab
1223 1291 1350 1353 invicem
1370 1291 1494 1372 possint.
1533 1288 1597 1352 Non

212 1400 339 1463 reddunt
363 1398 498 1462 eumdem
527 1418 663 1478 sensum,
698 1418 786 1481 quum
813 1418 851 1462 ex
880 1398 937 1462 illis
963 1398 1055 1478 duae,
1088 1398 1193 1479 quibus
1218 1400 1345 1465 ecclesia
1372 1400 1478 1463 dicitur
1507 1400 1600 1479 σῶμα

213 1509 365 1589 Χριστοῦ,
387 1515 417 1570 et
438 1509 607 1591 simpliciter
626 1508 774 1589 Χριστός,
796 1511 854 1571 sint
874 1507 1043 1585 reioiaoe,·
1063 1511 1148 1573 tertia
1170 1527 1252 1590 vero,
1275 1528 1332 1591 qua
1354 1510 1389 1572 tir
1406 1511 1504 1591 σῶμα
1526 1525 1599 1570 nun·

214 1627 352 1700 cupatur,
380 1614 523 1681 σῦιοὶιιεο
545 1621 596 1700 sit,
628 1626 658 1682 et
678 1620 715 1682 ad
735 1620 828 1700 ipsam
849 1624 882 1680 ia
902 1639 937 1681 se
957 1627 1117 1701 speciatam
1140 1619 1298 1682 ecclesiam
1317 1619 1470 1682 reseratum.
1517 1616 1598 1681 Unde

214 1727 353 1791 conlundi
379 1746 439 1791 non
466 1726 589 1807 debent,
618 1747 706 1810 quum
734 1725 774 1791 ab
801 1725 951 1791 absolutis
973 1727 1104 1791 relativa
1130 1728 1250 1810 (ibunt,
1283 1729 1476 1809 diversasque
1499 1743 1598 1789 rerum

214 1838 304 1901 iacies
331 1837 496 1901 exhibeant.
541 1838 716 1920 Sedneque
738 1836 922 1900 abinvicem
946 1837 1046 1901 divelli
1065 1845 1202 1919 possunt,
1227 1856 1315 1919 quum
1337 1837 1472 1920 singulae
1496 1835 1536 1900 ad
1553 1854 1599 1898 re·

213 1947 456 2031 praesentandam
479 1946 625 2009 ecclesiae
645 1931 789 2010 rationem
811 1949 996 2028 conspirent,
1027 1964 1122 2028 eaque
1143 1965 1203 2010 non
1231 1967 1269 2013 ex
1289 1966 1348 2011 una
1369 1948 1519 2027 alterave,
1548 1944 1599 2008 sod

213 2076 252 2120 ex
279 2057 414 2121 omnibus
444 2057 531 2119 simul
556 2056 747 2139 collectisque
774 2056 933 2120 haurienda
963 2056 1008 2117 sit
1059 2055 1193 2120 Proiecto
1225 2059 1406 2139 percontanti
1434 2053 1598 2119 cuiusmodi

214 2166 361 2230 ecclesiae
381 2167 455 2228 ratio
478 2168 594 2230 censeri
619 2166 738 2247 debeat,
766 2166 931 2229 nullatenus
953 2168 994 2227 uti
1014 2184 1068 2247 par
1088 2175 1134 2230 est
1154 2185 1307 2248 occurres,
1330 2169 1356 2231 si
1374 2182 1520 2248 reponas,
1551 2159 1600 2225 rei

213 2277 374 2358 μυστικῶς
396 2295 463 2338 eam
484 2294 553 2338 esse
575 2275 692 2357 dicique
705 2274 856 2356 Χριστόν,
878 2274 929 2339 aet
944 2277 1038 2358 σῶμα
1051 2275 1191 2361 Χριστοῦ
1210 2276 1357 2358 appellari,
1380 2273 1430 2337 eei
1448 2282 1597 2355 tamquam

214 2388 249 2449 io
275 2389 371 2467 ccipe
393 2387 533 2467 proponi,
561 2384 615 2447 sed
642 2384 729 2447 simul
757 2392 844 2466 atque
873 2387 1049 2449 coniunctim
1073 2385 1275 2468 reponendum
1303 2384 1353 2447 tibi
1376 2385 1445 2465 erit,
1473 2402 1544 2447 eam
1569 2388 1597 2443 et

213 2513 233 2558 o
240 2498 419 2573 χστικσός
447 2513 515 2569 esse
545 2495 661 2576 dicique
680 2492 821 2574 Χριστὸν
845 2496 899 2559 καὶ
919 2497 1014 2577 σῶμα
1036 2494 1192 2576 Χριστοῦ,
1224 2503 1253 2558 et
1281 2492 1421 2558 obsolute
1447 2493 1484 2557 ἓν
1505 2494 1597 2570 σῶμα

213 2606 384 2687 nuncupari.

321 2714 410 2778 Porro
432 2715 461 2777 id
483 2722 579 2779 exuat
599 2717 675 2778 inter
694 2714 845 2778 relativos
867 2713 1020 2792 formulas,
1049 2711 1283 2794 clamatumque
1304 2714 1490 2793 discriminis,
1520 2709 1596 2794 quod

214 2827 281 2891 illae
299 2825 415 2888 nonnisi
436 2833 612 2915 comparate
631 2823 847 2888 adclamatum
865 2842 953 2887 unam
974 2842 1042 2887 esse
1064 2823 1220 2887 ecclesiam
1245 2824 1418 2906 ostendunt3
1445 2823 1503 2886 hac
1525 2837 1595 2908 vero

214 2956 272 3000 una
303 2942 416 3027 mse,
444 2934 679 3015 simpliciterque
706 2935 929 2999 demonstratur.
972 2934 1053 2998 Sicut
1084 2936 1162 2997 enim
1195 2935 1321 2998 ecclesia
1356 2942 1401 2998 est
1433 2934 1595 3014 diciturque

214 3045 352 3128 Χριστὸς
379 3054 409 3108 et
429 3047 523 3128 σῶμα
543 3044 702 3125 Χριστοῦ,
732 3047 798 3127 quia
819 3046 952 3128 μυστικῇ
972 3042 1081 3108 saoce
1108 3061 1165 3107 una
1184 3048 1254 3106 'cum
1276 3043 1390 3107 Christo
1412 3052 1474 3125 est,
1502 3045 1595 3107 unita·

213 3165 333 3239 tenmue
359 3175 442 3219 suam
471 3154 623 3218 aCbristo
649 3154 764 3218 vivifico
790 3156 884 3236 capite
913 3162 1074 3236 mutuatum
1105 3155 1143 3217 ita
1170 3162 1215 3217 est
1245 3154 1407 3236 diciturque
1436 3155 1471 3216 ἓν
1489 3154 1592 3233 σῶμα,

215 3269 282 3348 quia
303 3269 332 3328 in
354 3284 391 3328 ea
413 3284 470 3345 qua
491 3272 604 3328 constat
631 3263 829 3327 membrorum
850 3265 1033 3345 partiumque
1055 3265 1195 3326 verietate
1219 3263 1402 3327 desideratur
1422 3261 1509 3341 nibil,
1537 3274 1593 3341 qno

214 3397 309 3439 uuum
331 3382 363 3437 tn
383 3395 419 3435 so
436 3381 477 3436 ait
499 3393 619 3451 corpus,
641 3394 795 3453 unumque
815 3375 965 3437 emotae
1010 3373 1069 3438 Sed
1090 3391 1187 3455 neque
1208 3375 1238 3436 in
1260 3392 1295 3437 se
1314 3356 1404 3436 unum
1427 3380 1509 3435 esset
1529 3387 1593 3433 cor·

214 3502 284 3567 pus,
314 3501 412 3565 neque
433 3501 521 3544 unum
543 3491 711 3564 appareret,
742 3485 766 3547 si
789 3483 894 3547 visibili
916 3491 1032 3545 careret
1053 3487 1161 3564 capite,
1192 3484 1269 3564 qnod
1290 3484 1395 3546 insitae
1417 3482 1593 3561 visibilisque

215 3594 331 3655 unitatis
353 3595 438 3673 origo
460 3593 535 3655 foret
557 3612 592 3656 ac
613 3595 793 3676 principium.
837 3593 898 3667 Qua
921 3594 1010 3674 igitur
1031 3592 1154 3655 formula
1169 3593 1295 3655 ecclesia
1311 3592 1414 3655 dicitur
1435 3593 1470 3657 ab
1490 3594 1591 3674 oripo,

217 3702 321 3765 eadem
342 3701 455 3764 visibile
476 3701 551 3764 illius
573 3710 658 3784 caput
678 3703 899 3767 demonstratur.

322 3809 366 3874 De
388 3829 446 3894 quo
468 3811 573 3875 visibili
595 3812 740 3876 ecclesiae
760 3816 854 3896 capite
875 3812 1107 3895 praeclarissima
1132 3818 1198 3874 sunt
1214 3829 1289 3893 quae
1303 3810 1473 3874 subiicimus
1488 3809 1592 3874 Valen-

216 3923 316 3986 tiniani
342 3922 526 4003 imperatoris
541 3924 582 3956 ¹⁹⁴
608 3923 717 3985 uerba:
761 3923 852 4003 „Cum
884 3924 972 4004 igitur
999 3922 1079 3985 sedis
1101 3920 1278 4003 apostolieae
1299 3923 1452 4004 primatum
1474 3940 1498 3984 s.
1522 3916 1593 3983 Petri

281 4124 341 4198 187)
371 4124 597 4192 Quemadmodum
625 4126 694 4179 enim
721 4122 882 4180 nonnullae
995 4123 1055 4196 ¹³⁹)
1077 4122 1129 4179 'lib
1149 4121 1181 4178 ll.
1205 4122 1251 4178 14.

218 4233 341 4304 personia
362 4231 461 4304 typicis
482 4230 619 4302 desumpta
634 4229 667 4285 de
682 4231 787 4286 Christo
807 4246 883 4286 usur·
996 4246 1057 4321 ιιι)
1076 4247 1096 4303 ρ,
1117 4248 1185 4303 ΜΓ,
1206 4225 1289 4301 ηρο

217 4343 320 4412 pautur,
341 4335 571 4408 ieremxlllli,
592 4334 688 4391 Ezecb.
705 4335 825 4394 xxxiv,
843 4336 881 4394 2³
996 4369 1057 4444 η.)
1077 4370 1138 4426 Μ
1158 4370 1217 4427 xx·
1238 4370 1286 4427 23·

216 4444 311 4519 —24‚
333 4444 398 4500 llos.
419 4443 462 4500 lll.
480 4446 514 4519 53
534 4444 571 4499 ita
592 4442 713 4497 nonnulla
735 4459 802 4515 quae
822 4450 883 4499 sunt
995 4493 1037 4523 m

217 4549 315 4604 Christi
335 4549 452 4625 propria,
474 4549 508 4605 ad
525 4524 663 4604 ecclesiam
680 4549 881 4624 transferuntur,
996 4492 1055 4647 m)
1076 4492 1118 4548 P&
1139 4492 1209 4551 m
1231 4493 1259 4549 θ’

218 4653 316 4727 apso.
334 4655 379 4710 nr.
398 4653 535 4712 13-14.
558 4655 618 4711 σοι.
640 4655 701 4711 τοι.
719 4653 750 4709 n.
768 4654 815 4711 το.
829 4654 881 4729 su,
1041 4617 1055 4692 )
1076 4614 1173 4689 Biha·
1194 4617 1228 4674 V·
1249 4614 1390 4675 ³¹··³²·

218 4761 348 4817 liumlll.
359 4761 446 4837 4-6,
464 4762 549 4818 Galat,
561 4760 594 4817 ll.
606 4761 654 4835 20,
671 4761 777 4818 coloss.
788 4760 820 4816 ll.
835 4761 881 4817 12.
996 4756 1057 4832 ¹⁹⁴)
1077 4756 1106 4813 ln
1120 4756 1291 4813 celeberrima
1304 4756 1374 4833 lego,
1395 4772 1472 4828 qaam
1492 4753 1588 4813 iasim-

285 4867 345 4943 18’)
360 4867 399 4923 Gi.
412 4867 508 4925 Giassii
522 4868 690 4925 llbetorieam
705 4867 882 4926 Sucr.lib.V.
933 4866 971 4921 tia
986 4863 1082 4922 Leonis
1096 4864 1232 4920 Pontificis
1253 4864 1346 4936 edidit,
1367 4869 1395 4919 et
1408 4862 1441 4919 de
1455 4877 1506 4935 qna
1527 4862 1587 4918 miro

218 4974 331 5034 immi
352 4986 410 5050 cap.
425 4974 471 5032 111.
492 4973 519 5050 s.
533 4975 577 5032 lll.
933 4970 1141 5029 commmiscitnr
1164 4970 1271 5030 Samuel
1290 4968 1437 5045 anaqius
1457 4969 1486 5028 in
1505 4968 1587 5029 bum·
