3374 5388
215 272 276 332 tri
705 264 837 330 omitit
876 264 1111 332 SECUNDUS

216 434 473 514 οἰκοδομηθῆναι
485 434 542 513 τήν
556 435 730 513 ἐκκλησίαν.
751 444 928 500 renumeret
943 432 1076 500 Petram
1091 434 1253 514 limus,
1273 435 1440 501 neratde·
1457 432 1509 499 nttt
1528 435 1602 499 διον

215 567 376 632 mannam,
408 547 489 627 ηοοιί
509 567 608 627 supro
633 568 703 609 eren
723 545 899 629 aedificante
923 545 1096 611 ecclesiam.
1140 547 1180 610 At
1199 550 1226 611 si
1246 547 1354 629 rerho,
1377 547 1427 610 ent
1445 544 1601 629 ταύιῃτῇ

216 656 319 739 πέτρη
332 654 534 739 οἰκοδομήσω
548 678 612 739 μου
633 654 689 734 την
709 657 883 735 ἐκκλησίαν,
905 661 1099 740 seiungantur
1118 676 1135 719 a
1156 656 1416 739 macceoenohns,
1450 655 1549 737 aceyo
1570 653 1602 720 di

216 769 268 831 noi
288 765 389 849 λέγω,
411 765 460 831 δτι
481 764 520 830 σύ
553 762 584 831 sl
602 765 741 849 Πίτροςι
773 769 799 831 si
827 767 967 849 porticula
992 767 1046 830 καί
1068 766 1207 831 reddatur
1227 765 1325 848 otte,
1359 774 1390 830 et
1416 766 1600 831 adversativa

217 876 431 960 significatione
460 884 608 959 semanim
640 876 787 959 quodnam
807 878 971 959 praemium
995 876 1126 941 Chnstus
1147 876 1233 941 Petro
1255 877 1391 956 contulit,
1413 894 1545 960 ηοοιοκο
1566 875 1602 938 uti

214 989 311 1050 vicem
324 987 459 1068 rependit
473 986 593 1069 dignam
615 987 692 1051 edita
713 984 912 1067 confessione,
935 986 1055 1069 dignum
1074 986 1214 1051 beatitate
1235 1005 1323 1069 quarn
1337 986 1375 1049 de
1390 1003 1430 1050 eo
1448 985 1600 1069 praedior-

217 1106 311 1179 verut,
333 1098 454 1182 dignam
475 1097 602 1161 solemni
623 1098 755 1178 exordio,
777 1090 871 1177 xniyrd
894 1093 1033 1177 δὲλέγω
1056 1098 1123 1173 σοι’,
1145 1096 1266 1179 worn
1286 1113 1415 1178 persora
1434 1091 1601 1177 loquentisi

216 1208 287 1279 nihil
308 1208 394 1290 plane
410 1207 590 1289 contulisset,
613 1225 703 1289 quum
726 1204 816 1270 Petri
830 1225 937 1271 nomen
953 1206 1155 1270 dertmnttone
1168 1224 1204 1270 ac
1218 1223 1291 1269 vcro
1311 1207 1400 1269 edam
1413 1210 1603 1284 maome

216 1318 389 1402 iampridem
410 1318 511 1383 Simon
532 1318 705 1400 accepisset
748 1318 845 1392 Quare
867 1318 917 1380 vix
936 1334 1026 1380 unum
1046 1316 1209 1381 alterumve
1238 1335 1257 1380 e
1278 1314 1497 1380 recentioribus
1517 1317 1603 1379 inter·

213 1429 345 1511 pretihos
372 1429 524 1509 invenies,
555 1427 602 1490 coi
632 1426 772 1508 particula
799 1427 852 1491 καὶ
883 1443 942 1490 οοο
971 1428 1009 1489 sit
1029 1427 1209 1508 copulativa,
1240 1427 1350 1509 quique
1378 1426 1525 1505 incisam,
1554 1424 1600 1487 ini

215 1534 312 1622 ταύτῃ
332 1538 369 1621 τῇ
390 1541 488 1621 πέτρᾳ
508 1533 711 1619 οίκοδομησω
732 1558 796 1621 μου
817 1532 872 1614 τήν
893 1536 1067 1619 ἐκκλησίαν,
1086 1536 1125 1601 ad
1144 1536 1260 1600 Petrum
1282 1553 1342 1599 non
1362 1534 1485 1599 reserat.

325 1679 374 1736 tit.
416 1672 477 1738 Sed
498 1674 556 1737 ἰωο
577 1673 703 1737 alterum
725 1675 876 1738 videamus
897 1673 1083 1756 corruptelae
1104 1692 1191 1755 quarn
1212 1672 1371 1735 reieciruus
1390 1669 1557 1748 finitimum,
1577 1677 1604 1732 et

216 1801 275 1866 quo
294 1799 328 1846 se
353 1782 471 1846 tandem
490 1791 687 1866 protestantes
701 1786 854 1867 recipiunt
895 1783 1019 1847 inficiari
1038 1785 1094 1866 ipd
1115 1800 1214 1864 nsque
1235 1780 1337 1846 volunt
1349 1798 1449 1862 neque
1471 1786 1602 1863 possum

215 1891 292 1956 haue
314 1909 384 1956 esse
407 1892 715 1957 demonstrnttnomm
726 1902 939 1974 pronominum
959 1894 1113 1973 rationem,
1133 1899 1165 1954 ut
1185 1892 1349 1955 subiectum
1369 1889 1451 1973 quod
1462 1886 1604 1969 proebe

216 2002 373 2082 antecedit,
398 2010 500 2085 suapte
521 2012 622 2068 natura
643 2003 811 2087 designent
855 2003 930 2078 oud
944 2004 1034 2086 igitur
1055 2002 1221 2081 moliuntur,
1242 2009 1274 2064 ut
1292 2001 1416 2064 incisim
1438 2000 1493 2062 ἐπὶ
1515 1998 1604 2080 scirpi

214 2114 252 2197 τῇ
273 2111 373 2193 πέτρη
387 2109 589 2193 οἰκοδομήσω
603 2133 667 2194 μου
687 2108 742 2190 τήν
761 2112 927 2191 ἐκκλησίαν
940 2132 957 2176 ο
971 2112 1058 2176 Petro
1079 2109 1273 2176 removeantl
1316 2108 1461 2191 Principio
1485 2114 1603 2173 mouent

216 2220 296 2302 quod
318 2228 364 2283 est
384 2221 580 2303 verissimum,
599 2230 658 2287 tam
673 2221 915 2286 demonstrativa
936 2242 1024 2305 quam
1038 2220 1172 2285 relation
1185 2223 1359 2303 pronomina
1380 2220 1418 2284 ad
1439 2219 1602 2283 subiectum

216 2330 377 2393 identidem
390 2329 496 2393 reterri
509 2349 570 2394 non
583 2333 787 2414 propinquum,
809 2333 864 2396 sed
884 2331 1043 2397 medmum
1056 2350 1092 2435 0⁰⁰
1104 2332 1256 2395 remotius.
1299 2314 1385 2406 euno
1406 2339 1439 2394 ut
1459 2328 1603 2411 exemplis

218 2438 435 2519 confirmarunt,
458 2457 525 2502 cum
540 2440 666 2521 Glassio,
687 2441 852 2524 ῡοῑοὶοηοο
867 2446 910 2477 ¹⁸³
933 2441 1074 2507 subdunt:
1096 2441 1180 2524 „Huc
1200 2442 1327 2523 pertinet
1340 2438 1439 2504 lieth
1454 2440 1536 2504 ΧΠ
1554 2445 1601 2502 te:

216 2549 272 2613 unt
292 2548 344 2611 dni
365 2546 459 2632 ταύτῃ
479 2551 516 2631 τῇ
536 2547 636 2633 πέτρᾳ
662 2559 692 2614 et
712 2572 807 2632 snper
824 2550 882 2615 hnc
900 2559 991 2632 peirn
1013 2549 1185 2633 aedificabo
1210 2548 1369 2615 emesan
1388 2571 1502 2614 menn.
1544 2549 1604 2613 Non

218 2676 308 2739 super
328 2657 529 2739 Petro„coios
552 2663 662 2724 mentio
687 2661 855 2726 immediate
874 2661 1043 2743 praecedit,
1073 2660 1128 2725 sed
1149 2679 1238 2742 super
1259 2659 1375 2724 Christo
1397 2659 1490 2741 Jesrr,
1520 2677 1603 2743 quem

217 2766 320 2832 Petrus
342 2787 371 2830 v.
395 2773 442 2831 tu.
464 2768 620 2835 consessus
641 2778 695 2851 est,
717 2779 752 2834 tu
775 2793 808 2834 es
822 2769 966 2836 Christus
982 2769 1075 2853 filius
1096 2768 1158 2833 rin
1176 2771 1339 2832 niventis.“

324 2903 437 2977 Quibus
450 2912 483 2967 ut
502 2905 709 2986 respondeam,
732 2908 1008 2990 opportunissimum
1030 2906 1156 2970 urhitror
1181 2903 1351 2969 describere
1374 2922 1450 2986 quae
1465 2905 1602 2981 Glaesiae

219 3011 399 3095 suffragante
433 3011 558 3094 Dathio,
591 3016 730 3079 continuo
761 3017 872 3080 adiicit:
904 3017 1091 3098 „Ahutuntor
1117 3022 1215 3079 autem
1246 3013 1303 3076 hac
1335 3012 1547 3078 observatione
1563 3014 1601 3047 '⁸⁶

219 3120 398 3204 photiniani,
430 3121 499 3185 dum
530 3123 551 3187 l.
582 3123 648 3187 Jnh.
680 3125 714 3189 V.
744 3133 792 3189 20.
820 3127 926 3207 verba,
958 3118 1049 3200 οὗτός
1079 3130 1164 3189 ἐστιν
1192 3125 1211 3187 ό
1239 3120 1394 3200 ἀληθινὸς
1422 3122 1524 3205 θοός,
1555 3124 1601 3186 καὶ

218 3228 237 3309 ri
276 3224 342 3308 ζωή
371 3228 519 3312 clover,
560 3252 620 3297 non
656 3235 694 3298 ad
724 3243 867 3317 proxime
894 3236 1103 3316 praecedens,
1144 3233 1234 3298 filium
1271 3231 1385 3296 scilieet
1414 3231 1470 3295 Dei
1506 3234 1601 3298 lesum

220 3341 382 3421 Christum,
412 3341 468 3405 sed
505 3342 542 3405 ad
575 3351 739 3424 remotim,
779 3345 874 3409 Deum
906 3345 1019 3409 scilicet
1048 3345 1164 3408 Patrem
1197 3342 1355 3406 reserenda
1385 3360 1454 3407 esse
1486 3342 1598 3419 dicunt,

221 3468 280 3532 quo
301 3468 401 3513 veram
423 3449 496 3515 Jesu
517 3451 623 3517 Christi
642 3454 780 3518 deitatem
803 3455 988 3534 subvertant,
1016 3462 1049 3517 ut
1069 3473 1109 3517 ex
1133 3454 1241 3518 Sooino
1262 3459 1364 3516 contra
1384 3451 1600 3516 Bellanninet

222 3558 340 3623 Wieclr.
373 3578 435 3642 cap.
458 3561 492 3622 V.
524 3562 595 3625 clas.
617 3563 662 3628 ΙΙΙ.
695 3572 858 3647 argrrment.
885 3563 952 3645 ΧΠ,
986 3570 1017 3626 et
1044 3565 1074 3626 io
1105 3570 1262 3627 comment
1293 3562 1315 3625 Ι.
1337 3563 1420 3643 epist
1448 3561 1517 3625 ioh
1543 3579 1599 3642 cap

220 3668 256 3732 V.
283 3688 352 3754 pag.
385 3675 454 3733 5¹6.
483 3671 585 3735 videre
613 3681 667 3736 est
718 3673 794 3753 Sed,
826 3673 905 3754 quod
934 3673 1039 3755 regula
1071 3674 1158 3736 etiarn
1188 3673 1347 3755 praecipit,
1378 3689 1598 3754 nonnumquam

92 3800 97 3810 ·
184 3806 186 3809 ·
220 3779 278 3843 hoc
299 3779 364 3844 fieri
383 3780 487 3862 dehet,
520 3790 658 3847 contexto
684 3801 791 3865 nempe
820 3801 959 3847 sermone
987 3784 1026 3846 ita
1045 3782 1174 3846 iubente.
1197 3781 1273 3844 Usus
1299 3799 1383 3847 nero¹
1401 3783 1597 3863 pronominum

220 3890 409 3954 relativorum
441 3899 472 3954 et
506 3891 798 3957 demonstrativorom
828 3890 984 3977 reqnlnrn's
1014 3899 1074 3973 est,
1106 3900 1137 3954 ut
1168 3890 1205 3954 ad
1237 3892 1370 3972 proxime
1401 3889 1599 3973 praecedentia

222 3997 395 4063 reserantur.
438 3999 475 4063 Et
506 4001 543 4063 de
572 4002 802 4066 demonstrativo
829 3994 921 4077 οὗτος
948 4003 978 4064 in
1004 4002 1068 4083 ipso
1094 4000 1228 4064 iohanne
1257 4000 1390 4082 exempla
1418 4002 1448 4063 in
1473 4006 1598 4082 promptu

221 4115 304 4188 sunt,
337 4106 402 4171 loh.
426 4108 447 4171 1.
469 4114 652 4191 2-7-30,
685 4111 705 4175 l.
724 4112 790 4176 Joh.
811 4112 832 4176 l.
856 4119 893 4194 2,
922 4129 986 4193 cap.
1017 4110 1051 4173 V.
1081 4112 1121 4192 o,
1156 4110 1189 4174 ll.
1210 4109 1276 4173 ioh.
1299 4130 1325 4173 v.
1356 4116 1384 4172 o.
1427 4111 1500 4174 Cum
1521 4111 1600 4193 igtur

221 4224 391 4281 necennttnn
413 4235 468 4281 nos
501 4218 590 4283 noun
611 4228 716 4305 cogant,
746 4228 777 4284 ut
797 4222 957 4286 naturalem
984 4222 1063 4285 hunc
1091 4221 1310 4286 demonstrativi
1340 4238 1426 4285 usum
1457 4221 1488 4284 in
1518 4218 1600 4303 expli

222 4328 337 4391 catione
370 4328 528 4392 verhomm
569 4329 589 4392 l.
623 4331 689 4395 Joh.
722 4332 756 4394 V.
782 4339 832 4395 20.
861 4332 1050 4396 deseramus:
1085 4352 1196 4411 acopos
1226 4338 1380 4414 praetcrea
1415 4331 1540 4413 apostoli
1566 4328 1599 4392 sit

221 4436 326 4500 Christi
355 4436 513 4502 Salvatoris
544 4458 644 4503 veram
677 4441 904 4524 descriptionem
931 4442 1065 4525 madere,
1099 4449 1130 4506 et
1157 4439 1279 4505 collatio
1308 4443 1429 4524 insuper
1463 4439 1597 4515 ostendat

197 4548 249 4609 'ei
277 4547 475 4629 praedicatum
502 4552 559 4612 τοῦ
588 4548 749 4628 ἀληθινοῦ
774 4550 859 4615 θεοῦ
886 4552 940 4615 καὶ
969 4554 1024 4629 τῆς
1055 4549 1138 4629 ζωῆς
1165 4551 1298 4615 αἰωνίου
1324 4569 1398 4613 vere
1427 4558 1597 4633 competere,

286 4787 346 4863 ¹⁸⁵)
368 4787 500 4861 Philolog.
515 4790 590 4848 sacr.
612 4791 659 4849 lih.
672 4791 693 4849 1.
713 4797 790 4849 anet
806 4792 838 4848 11.
857 4792 890 4849 de
1006 4792 1065 4865 ¹⁸⁸)
1099 4791 1176 4859 Quod
1206 4790 1363 4863 pronomina
1397 4745 1595 4849 decommum

225 4894 401 4969 Pronomine,
422 4910 482 4951 can.
503 4895 549 4953 xi.
941 4899 974 4953 nu
1004 4898 1132 4954 remotim
1161 4912 1355 4968 nonnumquam
1385 4897 1532 4955 subiectum
1560 4910 1596 4951 m·

942 5002 1066 5060 terantur.
