3358 5400
174 244 237 312 2⁰2
698 245 830 317 Idm
870 246 1037 317 miuus
1147 340 1153 363 Ι

171 410 337 476 aedilicium
365 413 529 477 arctissime
555 412 745 498 cohaereret,
771 422 802 480 et
826 435 845 481 e
873 435 934 500 quo
959 418 1148 501 conspicuam
1172 416 1327 498 uniutem,
1356 417 1557 501 invictumque

172 518 264 582 robur
291 528 479 585 mutuaretur.
522 522 556 586 ll.
585 523 725 587 Collatum
752 524 793 587 illi
821 526 911 590 luisse
925 529 953 561 ²²
978 528 1162 591 oecumenici
1192 529 1317 609 pastoris
1342 529 1556 609 auctoritatem,

171 627 360 711 officiumque
388 633 554 714 impositum
578 635 710 699 universi
731 636 816 700 ovilis
836 636 971 718 regendi.
1013 636 1159 718 Adeoque
1185 635 1232 699 lll.
1255 635 1292 700 ad
1313 654 1381 699 eum
1402 643 1555 718 spectasse

169 737 292 802 fratrum
306 741 566 824 confirmationem,
587 743 736 826 talemque
749 744 874 809 clavium
888 752 1063 827 potestatem
1076 750 1117 828 ²²,
1138 748 1187 811 cni
1207 764 1311 811 omnes
1332 745 1555 810 subiicerentur.

170 846 239 930 Age
264 850 322 912 iam
348 858 378 914 et
406 872 492 934 quam
516 853 668 935 praeclare
696 855 758 917 istis
780 854 895 919 dotbus
914 863 1000 937 gesta
1020 854 1241 940 responderint,
1266 854 1364 937 paullo
1385 854 1555 937 diligean

171 958 317 1040 expende.

277 1067 347 1135 Erat
368 1069 470 1133 Petrus
483 1068 725 1153 fundamentum
746 1073 910 1156 ecclesiae3
938 1082 968 1137 et
988 1081 1143 1158 propterca
1171 1081 1274 1138 coetus
1303 1064 1487 1156 e·iudaeis,‘
1504 1091 1554 1139 sa-

170 1177 333 1259 maritanis,
355 1179 552 1262 gentibusque
576 1182 718 1245 conflatos
738 1185 822 1246 inse
842 1183 964 1266 recepit

275 1287 346 1351 Erat
364 1295 577 1354 oecumenicus
595 1299 721 1371 parton
742 1299 773 1355 et
792 1299 948 1375 propterea
969 1312 1009 1356 ex
1024 1292 1146 1373 iudaeis,
1167 1294 1352 1359 samantaais
1368 1298 1456 1375 atque
1477 1311 1555 1375 gen·

168 1393 266 1459 tilibus
288 1415 360 1460 oves
382 1399 512 1483 collegit,
536 1400 675 1466 collectas
697 1402 774 1483 aluit,
796 1421 835 1465 ne
856 1401 1061 1465 detrimentum
1083 1410 1231 1485 caperent,
1253 1402 1403 1486 vigilando
1424 1403 1554 1466 invisen-

168 1504 266 1587 doque
285 1511 451 1593 prospexit3
473 1509 630 1592 effecitque
643 1518 675 1574 ut
688 1518 838 1593 pastorum
859 1529 999 1575 numerus
1012 1513 1098 1577 unius
1111 1514 1363 1595 praevaricatione
1384 1511 1551 1576 deminutam

168 1616 374 1698 compleretur.
1226 1599 1229 1607 Ι

272 1726 438 1793 lilius‘erat
450 1727 579 1812 fratrer
600 1727 804 1811 confimure3
826 1736 856 1792 et
874 1736 1031 1817 propterea
1046 1730 1205 1794 caelestem
1226 1729 1283 1794 illis
1304 1731 1443 1813 patefecit
1462 1731 1553 1794 visio-

166 1853 251 1917 nem,
282 1855 340 1920 qua
359 1839 534 1904 universalis
557 1840 594 1903 ad
616 1839 773 1905 ecclesiam
794 1840 926 1922 gentium
946 1841 1062 1903 vocatio
1084 1840 1316 1923 significabatur:
1336 1848 1397 1917 tum
1418 1840 1554 1905 declara·

165 1944 221 2026 vit,
249 1946 358 2011 nullam
384 1949 442 2012 iam
470 1968 539 2013 esse
567 1952 715 2013 mosaicae
743 1950 821 2032 legis
848 1948 1073 2031 obligationem,
1101 1968 1200 2031 neque
1221 1949 1297 2013 illius
1325 1949 1487 2014 custodiam
1513 1950 1554 2013 ad

166 2054 408 2138 consequendam
432 2058 556 2122 salutem
577 2058 725 2141 postulari.
984 2046 989 2059 ⁵
1263 2046 1270 2055 ’

271 2165 337 2247 lpse
356 2168 552 2249 potissimum,
580 2186 676 2249 eaque
695 2168 809 2231 ratione
835 2186 910 2250 quae
932 2174 1017 2249 caput
1038 2167 1175 2250 deceret,
1209 2166 1348 2232 clavibus
1369 2167 1554 2251 pauonum
1632 2150 1639 2158 ¹

166 2278 197 2335 et
215 2283 371 2357 propterea
392 2278 422 2340 in
444 2275 553 2341 familia
572 2276 690 2340 Domini
710 2284 844 2341 versatus
866 2278 910 2341 sic
932 2284 994 2354 est,
1015 2283 1048 2339 ut
1066 2276 1255 2359 praeeundo,
1277 2276 1464 2342 defendendo
1484 2298 1554 2361 par-

165 2387 211 2445 tes
232 2400 337 2449 omnes
357 2385 468 2467 tidelis,
490 2387 700 2469 prudentisque
722 2387 879 2450 oeconomi
901 2386 1034 2449 obiverit

271 2494 337 2575 lpse
361 2497 469 2559 emutio
489 2498 667 2580 proprioque
683 2499 801 2560 nomine
822 2492 941 2581 liprandi
961 2494 1157 2576 solvendique
1174 2502 1356 2576 potestatem
1377 2503 1554 2580 acceperat3

164 2606 195 2662 et
214 2610 370 2685 propterea
389 2605 523 2670 Ananim
544 2615 575 2670 et
596 2602 737 2688 Saphirae
759 2623 894 2670 caussam
914 2606 951 2669 ad
970 2612 1055 2669 s'uum
1075 2605 1199 2669 uibunal
1220 2607 1352 2685 vocavit,
1382 2605 1553 2689 profanum·

68 2776 73 2781 .
166 2726 224 2789 que
247 2711 396 2781 Simonem
418 2716 564 2780 sententia
584 2716 642 2781 latu
663 2717 782 2798 punivit

271 2827 342 2886 261.
375 2825 435 2901 ,Sic
453 2843 528 2909 erqo
549 2827 688 2890 institutio
708 2827 863 2908 primatus,
887 2832 1031 2908 gestaque
1051 2825 1129 2888 Petri
1149 2843 1183 2889 se
1205 2832 1304 2888 mutuo
1325 2824 1487 2907 excipiunt,
1508 2825 1552 2889 si·

165 2926 253 3011 bique
280 2934 476 3016 respondeat,
502 2943 535 2999 ut
559 2955 596 2999 ea
620 2936 716 3000 semel
740 2937 851 3019 posita,
875 2937 1013 3017 praedici
1033 2938 1088 2999 istu
1108 2936 1269 3018 potuerint,
1297 2933 1344 2998 bis
1372 2951 1445 2998 vero
1467 2951 1552 2997 com-

165 3043 265 3122 pertis,
288 3062 324 3107 aa
345 3046 580 3111 manifestissime
602 3046 780 3111 dedicatam
823 3046 906 3120 Quae
929 3053 1026 3109 autem
1046 3052 1106 3108 tum
1126 3046 1213 3108 arctis
1234 3042 1395 3108 cohaerent
1415 3044 1551 3126 vinculis,

165 3146 253 3213 iidem
274 3152 331 3216 sibi
351 3164 467 3238 mutuo,
490 3159 750 3240 auctoritatemque
772 3156 937 3238 conciliant,
960 3156 1177 3238 impediuntque
1199 3155 1354 3235 quomims
1378 3152 1551 3217 alterutrum

165 3261 196 3323 in
217 3262 424 3329 dubitationem
446 3274 576 3331 vocetur.
620 3267 792 3350 Conspbaut
813 3268 892 3330 onim
913 3286 1029 3330 caussa
1051 3273 1082 3329 et
1100 3261 1244 3350 effectus,
1274 3270 1304 3327 et
1328 3271 1452 3346 utraque
1473 3263 1550 3328 inie-

165 3372 249 3435 rerrdi
269 3376 344 3438 ratio
366 3376 429 3438 sive
451 3392 539 3457 quarn
559 3397 580 3437 u
599 3376 713 3457 priori,
734 3379 798 3442 sive
820 3395 906 3460 quam
935 3399 954 3438 a
974 3383 1136 3456 posteriori
1156 3382 1338 3457 nuncupant,
1361 3374 1489 3438 adeo'ut
1509 3393 1551 3438 ne

165 3481 302 3546 ellectum
328 3503 440 3568 noges,
471 3503 575 3549 caussa
602 3469 744 3568 postulet,
775 3505 815 3550 ne
841 3504 914 3551 vero
940 3486 978 3549 de
997 3503 1102 3549 caussa
1129 3485 1258 3564 dubites,
1291 3483 1414 3548 effectus
1439 3485 1549 3566 erigat.

163 3590 277 3657 Eodem
297 3612 419 3675 prorsus
439 3597 537 3677 modo,
560 3614 619 3678 quo
639 3598 665 3661 si
687 3615 705 3660 e
726 3595 879 3660 mistreto
900 3602 1045 3676 temporis
1062 3601 1183 3657 radone
1202 3594 1297 3657 solem
1319 3594 1454 3657 obortum
1477 3610 1550 3656 nos·

164 3720 229 3783 ses,
257 3710 287 3767 et
312 3705 409 3767 omnia
435 3704 544 3769 lumine
572 3706 698 3770 colorari
723 3726 819 3770 sensu
844 3708 1030 3788 perciperes,
1056 3703 1133 3768 illius
1163 3711 1258 3767 ortum
1285 3700 1431 3767 edilluso
1452 3702 1549 3765 ubivis

163 3809 287 3893 lumine,
315 3812 474 3894 lumenque
504 3814 599 3878 ubivis
628 3814 764 3879 diffusum
785 3835 825 3880 err
845 3815 977 3880 eiusdem
999 3821 1065 3877 ortu
1085 3812 1251 3896 colligeres.
1295 3811 1549 3903 Quemadmodum

163 3919 252 4003 igitur
269 3930 422 4001 primatus
445 3931 599 3987 institutio
617 3927 653 3989 iis
675 3925 825 4007 stabilitur,
848 3942 923 4007 quae
942 3922 1017 3986 iilius
1038 3943 1138 4001 urunt,
1161 3929 1404 4002 exercitiumque
1423 3921 1548 3985 demon·

163 4037 268 4094 strant:
290 4050 361 4096 usus
381 4052 454 4097 vero
476 4052 512 4097 ac
533 4037 705 4100 exercitium
727 4055 766 4099 ex
787 4034 919 4099 eiusdem
944 4023 1134 4097 metretum
1152 4035 1363 4116 praesentium
1383 4034 1422 4096 ita
1440 4033 1550 4096 utrium-

164 4157 221 4220 que
243 4142 449 4206 couiunctione
472 4144 580 4207 veritas
602 4163 689 4226 quam
709 4152 838 4226 tuemur,
859 4145 950 4227 longe
971 4143 1135 4207 evidentius
1155 4141 1293 4224 rebrlget

270 4256 340 4314 262.
383 4252 429 4316 Ac
454 4271 526 4317 sane
552 4272 590 4317 eo
618 4272 713 4337 usque
737 4253 867 4335 refulsit,
894 4262 926 4318 ut
954 4252 1114 4337 apostolica
1136 4252 1264 4316 ecclesia
1289 4251 1367 4316 illum
1389 4251 1549 4335 perspicue

163 4358 276 4439 viderit,
298 4368 328 4424 et
349 4379 387 4425 eo
408 4381 467 4444 quo
488 4382 541 4446 par
562 4372 626 4429 erat
639 4363 782 4445 obsequio
801 4363 1043 4446 comprobaverit
1084 4361 1130 4426 Ne
1152 4363 1231 4426 enim
1245 4361 1360 4444 singula
1373 4378 1549 4444 persequar,

162 4470 351 4553 omniumque
379 4474 482 4536 oculos
509 4476 538 4536 in
559 4473 676 4539 Petrum
698 4491 875 4555 conversos,
902 4473 998 4556 dequo
1020 4491 1057 4536 eo
1084 4474 1211 4536 maxime
1237 4470 1378 4535 sollicitos
1398 4489 1501 4535 rursus
1516 4473 1548 4506 ²²

162 4597 409 4665 commemorem3
439 4585 563 4666 contigit
586 4604 624 4649 ne
646 4584 694 4648 vel
715 4583 810 4648 semel
830 4591 862 4646 ut
882 4601 977 4646 nonis
1002 4583 1105 4664 aliquis
1127 4583 1241 4647 Abiron
1256 4585 1285 4618 ²²
1309 4590 1411 4646 contra
1431 4581 1551 4646 Petrum

225 4769 270 4845 ²⁸)
290 4787 334 4827 ¹¹¹¹·
358 4769 424 4827 ¹00·
445 4787 521 4846 itiq-
663 4720 668 4733 ι
941 4769 988 4844 ²²)
1008 4786 1052 4825 un.
1073 4767 1141 4825 252.
1161 4784 1236 4842 seqq.

223 4875 269 4951 ²²)
288 4876 532 4956 ituruxvt193
551 4877 586 4935 ds
602 4891 655 4951 qao
673 4877 829 4935 testimonio
942 4874 987 4950 ²²)
1007 4874 1084 4932 lium.
1103 4873 1175 4932 xit.
1200 4872 1228 4931 ³.

161 4989 285 5043 accurris
305 5000 383 5058 quum
403 4985 516 5056 primum
535 4984 741 5059 disputabimus.
