3358 5400
177 258 240 319 284
697 254 830 322 ntum
870 248 1037 324 mutus

176 432 303 503 mnam,
331 444 393 490 non
416 423 668 505 praedicatoria.
715 423 783 489 Non
802 425 881 490 enim
910 445 949 491 ex
975 426 1033 491 hoc
1053 424 1127 490 alius
1152 424 1232 489 Deras
1257 443 1344 508 quam
1365 423 1501 506 Creator,
1527 429 1562 489 et

177 537 251 601 alitis
277 536 407 600 cirinus
429 554 517 617 pram
540 533 690 616 enllaria,
713 534 819 599 etalio
842 553 911 618 spes
933 555 1020 619 pam
1040 537 1219 601 resurrectio
1240 534 1470 599 annuntiabatur.
1492 532 1560 597 Non

177 646 248 710 mihi
267 653 327 710 tam
347 645 426 708 bene
448 653 511 725 est,
537 646 626 708 immo
647 662 707 707 non
728 643 800 708 mihi
818 652 878 708 um
899 645 992 725 male,
1018 654 1053 709 ut
1081 644 1237 727 apostolor
1264 651 1457 710 commotam.
1499 642 1561 707 Sed

178 756 315 839 quoniam
335 756 553 837 perversissimi
571 756 619 818 isti
641 753 719 818 illam
740 754 1003 837 reprehensionem
1024 756 1061 820 ad
1080 756 1138 821 hoc
1153 757 1321 838 ohtendvmt,
1341 761 1374 817 ut
1393 761 1560 835 aspectam

178 865 285 929 iaciant
311 863 472 928 docuinam
500 865 699 948 superiorem,
729 863 916 947 respondebo
935 873 1027 947 quara·
1044 886 1102 947 pro
1121 864 1234 931 Petro.-
1260 868 1355 949 ipsum
1375 864 1493 928 Paulum
1514 862 1559 926 di-

177 977 266 1056 xisse,
289 973 396 1038 fadum
416 992 451 1038 sc
473 991 542 1038 csse
559 974 695 1039 omnibus
710 978 816 1057 omnia,
836 976 950 1040 iudaeis
964 975 1108 1055 iudaeum,
1130 994 1189 1039 nou
1209 975 1322 1039 iudaeis
1339 992 1399 1038 non
1412 972 1559 1054 iudaeum,

176 1092 208 1149 ut
228 1102 332 1149 omnes
354 1083 548 1149 lucrifaceret
589 1082 675 1148 Adeo
695 1062 753 1168 pro
769 1086 949 1169 temporibus
969 1093 1000 1149 ct
1019 1088 1155 1168 personis
1176 1094 1206 1151 et
1227 1087 1325 1150 causis
1345 1083 1489 1166 quaedam
1509 1100 1558 1146 re·

181 1193 419 1279 prehendehant‚
441 1196 471 1257 in
493 1211 570 1276 quae
591 1201 622 1257 et
641 1195 695 1277 ipsi
716 1214 812 1278 aeque
832 1213 886 1279 pro
906 1191 1088 1278 temporibus
1109 1204 1140 1259 et
1158 1196 1293 1278 personis
1313 1202 1345 1259 et
1365 1193 1461 1257 caruis
1480 1208 1563 1255 corn·

177 1305 342 1370 mittebant:
373 1303 619 1386 quemadmodum
646 1305 672 1368 si
698 1312 729 1367 et
747 1304 849 1369 Petrus
874 1305 1107 1389 reprehenderet
1130 1305 1262 1385 Padum,
1294 1304 1372 1387 quod
1399 1300 1560 1386 prohibens

180 1416 448 1494 circumcisionem,
479 1413 695 1477 circumciderit
717 1414 781 1496 ipse
809 1414 1005 1479 Timotheum.
1047 1415 1181 1479 Viderint
1201 1416 1251 1497 qui
1271 1413 1308 1477 de
1329 1412 1467 1496 apostolis
1487 1410 1562 1475 iudi·

179 1533 254 1589 cant
307 1524 390 1588 Bene
427 1523 506 1605 quod
537 1521 638 1586 Petrus
668 1521 756 1587 Paulo
792 1531 822 1587 et
858 1526 888 1588 in
919 1527 1057 1609 martyrio
1079 1528 1122 1559 “³
1157 1524 1367 1607 adaequattu.“
1418 1522 1501 1597 Ouac
1532 1528 1563 1585 et

177 1635 246 1701 alibi
259 1638 302 1670 “⁹
330 1642 487 1717 repetens,
515 1633 568 1697 ait:
611 1631 692 1714 „Sed
721 1635 800 1697 enim
820 1632 950 1699 llarcion
977 1643 1079 1700 nactus
1107 1635 1260 1718 epistolam
1281 1633 1359 1698 Pauli
1386 1631 1424 1697 ad
1445 1630 1560 1695 Galatm

177 1746 265 1810 etiam
294 1746 375 1829 ipsos
402 1742 551 1826 apostolos
579 1742 755 1826 sugillantis,
786 1751 818 1806 ot
844 1762 903 1808 non
930 1753 1013 1809 recto
1037 1745 1115 1828 pede
1140 1743 1312 1809 incedentes
1341 1742 1379 1808 ad
1407 1744 1561 1807 veritatem

176 1855 340 1939 evangelii,
371 1854 457 1919 simul
486 1861 516 1917 et
545 1854 708 1917 accusantis
728 1853 1017 1935 pseudo-apostolos
1038 1856 1180 1937 quosdam
1201 1861 1406 1939 pervertentes
1427 1869 1560 1934 cvange-

175 1965 245 2030 lium
268 1964 388 2045 Christi,
417 1963 573 2026 connititur
597 1962 635 2027 ad
662 1961 872 2027 destruendum
892 1972 998 2028 statum
1019 1982 1122 2028 eornm
1149 1963 1371 2047 evangeliorum
1392 1981 1470 2046 quae
1489 1978 1560 2044 pro-

175 2076 255 2158 pria,
284 2081 314 2137 ct
335 2073 390 2138 suh
419 2071 617 2155 apostolorum
637 2073 757 2135 nomine
778 2072 921 2152 eduntrm
950 2074 998 2137 vel
1019 2076 1107 2138 etiam
1128 2073 1371 2155 apostolioontm3
1396 2079 1429 2136 ut
1447 2071 1562 2136 scilicet

174 2184 264 2248 tidem
285 2201 372 2265 mom
394 2181 450 2245 illis
471 2182 579 2262 adimit,
601 2181 818 2245 succenserat
860 2180 950 2246 Porro
972 2184 1027 2247 etsi
1047 2184 1247 2266 reprehensus
1268 2190 1314 2247 est
1334 2182 1435 2246 Petrus
1457 2188 1488 2246 et
1507 2181 1560 2245 Jo-

175 2310 268 2357 anncs
290 2298 320 2356 et
339 2291 483 2371 lacobus,
506 2293 556 2373 qui
576 2290 815 2355 existimabantur
836 2291 1007 2375 columnae,
1028 2293 1199 2378 montfarto
1219 2313 1319 2357 caasa
1340 2299 1399 2355 ert.
1443 2288 1560 2356 Parro-

175 2422 292 2468 nortaa
311 2409 391 2466 enirn
412 2409 555 2482 respectu
575 2401 757 2465 videbantur
775 2409 902 2466 nonore
922 2410 1100 2467 convictum
1142 2402 1178 2467 Et
1196 2410 1294 2467 moron
1314 2420 1381 2465 curn
1401 2403 1465 2485 ipso
1486 2392 1560 2466 Pett-

176 2515 222 2579 lus
243 2512 378 2577 omnihus
400 2513 498 2577 omnia
517 2511 617 2592 lieret,
638 2520 669 2575 ut
690 2529 794 2578 omnes
813 2512 990 2593 lucraretur,
1015 2519 1115 2593 poturit
1134 2521 1166 2577 et
1186 2510 1283 2578 Petro
1303 2511 1358 2575 hoe
1379 2517 1412 2573 tn
1433 2508 1561 2575 emetita

168 2622 289 2711 foisse,
311 2620 431 2704 aliquid
446 2621 538 2686 aliter
558 2621 669 2706 apendt
690 2642 783 2702 quom
802 2619 957 2686 docebat.“
999 2621 1090 2685 ttt¹¹⁰
1114 2623 1228 2688 denuo:
1271 2621 1352 2704 „Sed
1369 2619 1562 2704 reprehendit

175 2734 291 2799 Petrum
318 2750 379 2796 non
405 2739 489 2797 recto
510 2730 586 2814 pede
607 2731 793 2796 incedentem
814 2732 852 2796 ad
872 2732 1020 2816 evangelii
1045 2734 1207 2798 veritatem.
1250 2732 1338 2796 Plane
1360 2730 1559 2814 reprehendit,

175 2865 235 2909 non
255 2841 293 2908 oh
314 2840 409 2907 alano
422 2849 524 2905 tanea
544 2862 636 2922 oanan
655 2840 692 2905 oh
712 2848 949 2906 inconstantiam
970 2849 1078 2919 utetur,
1101 2856 1189 2925 quern
1202 2861 1256 2923 pro
1270 2859 1464 2925 personarum
1486 2860 1559 2924 quu-

175 2954 255 3018 litate
275 2952 420 3031 variabat,
446 2953 552 3015 timens
582 2969 635 3014 eos
664 2953 713 3034 qui
734 2960 819 3015 erant
837 2971 876 3015 ex
896 2954 1137 3035 circumcisione3
1165 2970 1225 3015 non
1246 2951 1285 3014 oh
1307 2951 1434 3033 adquam
1456 2951 1560 3019 divini·

175 3063 242 3127 tutis
262 3065 501 3145 perversitatem,
531 3060 568 3125 de
594 3080 650 3143 qua
677 3067 708 3123 ct
728 3059 792 3124 aliis
813 3062 843 3124 in
865 3059 969 3125 taciem
995 3064 1167 3143 restitisset,
1196 3063 1246 3145 qui
1274 3061 1312 3125 de
1334 3063 1449 3125 minore
1469 3080 1561 3126 esraa

176 3172 407 3236 conversationis
427 3171 583 3255 ambiguae
606 3167 704 3235 Petro
723 3177 783 3251 tpet
797 3173 838 3204 ¹¹¹
860 3190 920 3235 non
941 3173 1102 3255 pepercit“
1145 3170 1205 3237 Sed
1227 3187 1327 3234 nonne
1343 3179 1411 3235 sunt
1429 3171 1506 3235 haec
1523 3173 1560 3236 iis

176 3282 294 3365 gemina
307 3300 383 3363 quae
397 3300 415 3344 e
429 3282 546 3365 graecis
559 3280 688 3363 patribus
700 3278 894 3344 adduximusi
915 3298 1016 3345 nonne
1029 3280 1085 3345 illis
1098 3281 1275 3345 adamussim
1289 3282 1455 3362 concinunt,
1478 3300 1561 3347 eant·

177 3391 305 3474 demque
325 3392 449 3455 sormam
470 3387 694 3474 praescierunt?

285 3506 354 3563 305.
398 3500 474 3576 Quid
494 3508 592 3565 numm
613 3498 651 3563 de
672 3499 749 3563 Petri
769 3499 909 3583 dignitate
924 3500 1116 3565 Tertullianus
1135 3501 1270 3582 senserit,
1294 3518 1441 3582 mumque
1462 3499 1501 3565 de
1522 3519 1560 3565 ea

176 3611 332 3694 magnifice
346 3612 517 3675 existimarit
536 3617 598 3672 turn
611 3627 684 3673 sana
697 3610 811 3691 aperuit
832 3627 921 3691 quum
942 3611 1057 3693 scripsit
1072 3614 1133 3673 ¹¹²:
1176 3610 1293 3691 „hamit
1313 3608 1421 3691 aliquid
1441 3610 1557 3674 Petrum
1672 3672 1673 3725 p

242 3817 303 3894 ¹⁰⁸)
323 3819 398 3877 Scite
418 3824 447 3875 et
466 3797 501 3874 ad
521 3823 635 3875 menam
648 3819 758 3876 omnino
779 3818 843 3876 Tor-
956 3817 1016 3893 ¹¹¹)
1036 3818 1116 3876 cuius
1137 3820 1266 3878 formulae
1287 3820 1429 3878 manifesta
1445 3826 1557 3878 estam·
1672 3810 1673 3875 3

180 3926 282 3984 tulliani
303 3929 396 3980 monet
414 3923 533 3980 Priorius
554 3924 687 3980 innotis:
719 3924 776 3999 „lle
795 3940 844 3999 pu·
892 3925 992 3999 phasis,
1012 3941 1063 3999 qua
1084 3924 1228 3996 singularis
1243 3925 1313 3982 Petri
1334 3926 1452 3999 dignitas
1472 3926 1557 3999 signi·

178 4038 219 4088 tos
239 4032 307 4087 haec
327 4031 433 4088 directa
452 4030 566 4103 proferri
585 4030 620 4101 ah
639 4030 744 4088 erudito
764 4032 843 4108 viro,
892 4032 993 4089 terma

178 4138 207 4194 id
233 4137 304 4193 enim
336 4138 412 4209 qnasi
435 4153 489 4211 per
515 4138 720 4194 concessionem
753 4136 843 4194 meere
957 4137 1017 4212 ¹¹²)
1035 4138 1076 4194 lle
1095 4136 1264 4209 Praescriptt
1285 4152 1343 4210 cap.
1358 4135 1441 4193 xxtt
1473 4136 1569 4206 Quum

178 4220 293 4318 ridetur,
314 4242 386 4316 quod
400 4243 474 4300 solus
488 4243 590 4300 evincit
602 4248 751 4317 conthus,
766 4244 843 4314 quasi
892 4259 958 4301 vero
978 4235 1089 4319 ἅμέσως
1112 4241 1223 4299 subdat:
1256 4241 1363 4316 „latoit
1382 4248 1411 4300 at
1429 4244 1557 4301 loranen

179 4348 298 4406 dicaret:
328 4349 504 4424 concedatur,
532 4349 605 4422 qnod
632 4355 721 4405 umen
747 4365 846 4407 mace·
893 4349 1001 4426 aliquid,
1021 4349 1224 4407 dilectissimum
1236 4347 1361 4422 Domino,
1382 4351 1487 4422 pectori
1499 4350 1558 4406 aias

180 4454 294 4513 drudam
313 4470 366 4512 non
386 4462 445 4532 est,
465 4455 570 4512 Petrum
590 4460 619 4512 at
638 4454 746 4512 lantum
764 4472 844 4530 pares
893 4456 1074 4530 incubantem,
1100 4457 1143 4512 cni
1163 4456 1216 4513 soli
1236 4456 1364 4512 Dominus
1384 4454 1481 4513 tuom
1507 4461 1560 4513 tra·

179 4577 234 4619 non
247 4561 339 4639 talasa
359 4563 418 4619 sive
437 4562 537 4636 dispari
558 4563 682 4619 orhtisse
703 4564 843 4620 sentomia
892 4563 1008 4622 ditorern
1039 4562 1278 4635 praemonstravit,
1313 4577 1391 4633 qoem
1418 4561 1480 4618 loco
1506 4576 1557 4618 suo

179 4668 279 4726 lamen
306 4669 430 4743 ampulas
462 4671 570 4726 omuino
597 4669 680 4726 tuisse
706 4669 843 4728 tiendum
894 4670 975 4727 iillum
995 4668 1095 4725 llarim
1115 4657 1324 4726 demandavitl“
1351 4673 1478 4743 apparet,
1505 4674 1560 4727 tn

179 4776 362 4850 iummyrio,
383 4773 455 4848 qood
468 4790 518 4848 pro
533 4776 640 4833 chriam
658 4777 733 4850 passi
753 4774 844 4832 sunt“
890 4777 1036 4850 proprisam
1060 4773 1131 4831 Petri
1156 4774 1256 4846 inissa,
1284 4780 1314 4831 ot
1332 4774 1469 4834 ecclcaioc
1486 4777 1558 4848 taat-

243 4881 305 4957 Ι”)
325 4881 392 4939 Gon.
411 4881 538 4938 llarcioa.
557 4882 606 4938 lih.
619 4880 666 4940 Ν.
686 4899 746 4958 cap.
760 4881 804 4940 tlt
894 4884 1066 4953 muna,
1091 4899 1288 4956 mprenaapue
1312 4880 1453 4955 dane,
1481 4898 1559 4955 quan

247 4987 308 5064 ¹¹⁰)
329 4986 396 5043 lhid.
417 4986 464 5044 lih.
478 4987 512 5044 V.
532 5000 591 5061 cap
605 4985 649 5044 tlt
891 4990 1037 5063 proprian
1054 4987 1184 5073 Iohannis
1212 4987 1277 5061 aa,
1305 4992 1335 5046 rt
1359 4985 1473 5047 tonna
1497 4982 1558 5049 Μ’
