3266 5416
595 266 740 335 CAPUT
781 269 839 336 Vl·
1366 269 1404 329 st

44 455 120 521 qnam
137 435 295 518 locrqdetes
314 434 523 535 beneficiorum
544 435 649 500 fontes.
694 435 827 503 Ostendit
847 440 880 511 c)
900 434 1022 517 repetita
1045 432 1219 513 declaratio,
1249 452 1306 517 qua
1326 433 1407 499 Chri·

46 556 99 611 stos
124 546 280 627 confirmi,
311 545 388 609 velle
415 565 466 627 se,
492 556 525 610 ιιι
551 547 589 611 ab
617 547 743 611 ecclesia
770 546 943 628 longissime
969 543 1056 625 absit,
1088 543 1167 627 quod
1190 542 1283 606 dierat
1309 562 1327 607 a
1352 562 1407 608 suo

47 657 185 720 mimstuio
209 655 436 719 alienissimum
480 655 540 722 Sed
565 659 610 721 sic
636 656 686 720 ille
713 655 900 736 ministravit,
921 663 961 725 ,ιιι
987 653 1126 716 reiecerit
1146 653 1264 735 quidem
1292 652 1407 735 astum,

42 764 405 847 inmaniqueprincipatus
431 765 635 848 splendorem,
662 766 853 848 principatum
874 782 947 828 vero
966 764 1077 845 ipsum,
1108 779 1335 846 supremamque
1355 781 1408 845 po-

40 882 165 955 testatem,
188 893 245 958 qua
261 877 290 910 ⁵⁰
315 875 401 958 leges
421 876 520 957 terret,
542 882 699 958 praecepta
720 876 896 956 iniungeret,
918 874 990 937 ritus
1007 875 1034 906 ⁸²
1058 870 1233 953 praefiniret,
1253 891 1366 954 poenas
1378 876 1406 907 ι·

40 984 190 1066 intentaret,
213 1003 361 1068 mamque
383 986 540 1050 ecclesiam
562 984 782 1063 moderaretur,
803 985 843 1046 ita
863 983 1029 1062 retinuerit,
1050 988 1082 1045 ut
1102 984 1255 1046 verissime
1268 984 1296 1017 ι’
1320 983 1338 1045 d
1357 977 1410 1047 κύ-

37 1113 104 1174 proc,
124 1094 173 1158 ναι
191 1090 344 1177 βασιλεύς
358 1092 587 1177 βασιλευόντων
608 1094 755 1158 diceretur
775 1101 804 1157 et
825 1102 914 1157 esset
957 1091 1120 1156 Ostendunt
1141 1091 1257 1154 tandem
1280 1091 1311 1168 d)
1333 1109 1408 1173 quae

37 1220 116 1284 penes
134 1203 301 1269 iohannem
314 1206 344 1239 ⁴*
367 1224 385 1268 a
406 1204 519 1269 Cbn'sto
542 1205 618 1268 dicta
637 1204 780 1287 legimus:
810 1201 901 1287 ὑμεῖς
926 1205 1063 1289 φωνεῖτέ
1078 1223 1135 1283 pe,
1164 1203 1182 1264 ὁ
1213 1200 1409 1275 διδάσκαλος

38 1312 82 1375 καὶ
99 1314 116 1375 d
136 1311 261 1396 κύριος·
285 1315 345 1391 xci
361 1313 468 1390 καλῶς
488 1314 611 1396 λέγετε·
633 1315 697 1398 ειμι
716 1312 793 1397 γάρ.
816 1316 845 1377 at
866 1305 924 1377 οὖν
943 1306 1007 1396 tyni
1030 1306 1125 1397 turtio
1145 1309 1238 1395 ὑμῶν
1257 1310 1331 1387 τούς
1353 1309 1409 1374 πό-

39 1419 101 1497 δας,
126 1422 143 1485 ὁ
170 1422 280 1507 κύριος
302 1425 356 1488 και
380 1426 397 1488 ιι
420 1421 628 1500 διδάσκαλος,
656 1425 710 1488 καὶ
735 1423 825 1507 ὑμεῖς
856 1422 995 1509 amoses
1020 1420 1166 1500 ἀλλήλων
1193 1421 1309 1485 νίπτειν
1333 1413 1409 1495 τούς

39 1528 140 1607 addae·
161 1529 343 1618 ὑπόδειγμα
356 1527 421 1619 γᾶρ
440 1531 565 1599 δέδωκα
585 1529 672 1617 ὑμῖν,
694 1532 746 1598 ἵνα
760 1526 878 1609 καθώς
899 1525 963 1616 lym
984 1533 1116 1610 ἐποίησα
1136 1529 1223 1607 ὑμῖν,
1244 1532 1298 1595 καὶ
1318 1528 1409 1613 ὑμεῖς

38 1641 137 1717 ποιῆτε.
177 1641 258 1706 Nihil
280 1647 361 1708 enim
383 1644 565 1725 evidentius,
588 1663 673 1726 quam
695 1645 750 1707 ista
771 1644 878 1707 ceteris
892 1645 919 1677 ⁸¹
945 1661 1021 1725 qttae
1043 1632 1253 1725 expendimus,
1274 1642 1409 1705 adamus-

41 1749 87 1809 sim
107 1751 305 1837 respondere,
335 1755 398 1818 istis
426 1772 499 1818 vero
525 1752 596 1817 nihil
624 1760 778 1835 praeterea
805 1753 855 1816 uel
875 1746 987 1835 iniungi
1009 1757 1096 1835 mmm
1117 1753 1205 1815 animi
1227 1751 1407 1832 modestiam,

45 1855 269 1944 demissionisque
284 1862 422 1945 studium,
438 1864 487 1927 vel
497 1863 646 1946 prohiberi
661 1881 748 1945 ιιιιιιιι
762 1863 869 1925 mentis
880 1862 1047 1943 elationem,
1062 1861 1232 1943 fumumque
1243 1860 1408 1942 superbiae.

129 2022 221 2096 Ouum
249 2025 350 2107 itaque
379 2025 438 2088 duo
463 2026 521 2089 sint
542 2025 791 2108 exploratissima:
824 2025 845 2089 l.
868 2024 1025 2088 ecclesiam
1055 2024 1147 2088 instar
1165 2026 1251 2107 regni
1272 2024 1409 2107 describi,

43 2135 139 2193 etcum
157 2131 290 2197 humano
311 2153 407 2217 regno
429 2135 606 2217 comparari:
637 2153 735 2216 neque
756 2135 789 2198 ll.
811 2135 896 2199 ubam
918 2136 994 2199 inter
1016 2142 1171 2217 utrumque
1193 2135 1409 2199 similitudinem

41 2241 162 2321 amando
188 2244 326 2325 excludi,
356 2264 441 2328 mam
469 2263 545 2327 quae
569 2263 691 2328 pompa,
721 2244 855 2327 fastuque
876 2247 1053 2327 continetur,
1080 2264 1268 2328 consequens
1290 2246 1409 2309 omnino

43 2356 90 2429 est,
113 2360 194 2434 eaput
220 2356 334 2438 ipsum,
362 2356 612 2439 substantiamque
640 2357 695 2432 τῆς
715 2354 908 2437 προστασίας
933 2356 986 2420 καὶ
1015 2357 1068 2434 τῆς
1094 2354 1198 2438 ἀρχῆς
1228 2372 1289 2418 non
1313 2353 1424 2445 solum,

42 2476 91 2522 non
109 2463 234 2547 excludi,
256 2484 363 2529 verum
384 2467 471 2530 etiam
492 2466 578 2547 poni,
598 2463 780 2547 firmiterque
800 2465 930 2529 stabiliri.
1021 2464 1027 2473 '

133 2689 178 2746 tt.
222 2685 287 2760 Oua
309 2704 380 2748 sane
400 2702 434 2748 re
457 2684 528 2748 nihil
549 2684 587 2748 ad
608 2683 685 2748 Petri
713 2686 932 2769 praerogativas
953 2686 1158 2768 opportunius,
1185 2684 1255 2748 nibil
1276 2682 1409 2765 validius,

45 2806 90 2867 quo
109 2791 180 2856 illios
201 2796 280 2858 inter
300 2794 450 2878 apostolos
470 2792 627 2878 ὑπεροχή,
651 2796 805 2878 potiorque
827 2796 983 2861 auctoritas
1005 2793 1219 2875 comprobetur.
1262 2791 1409 2855 Habemus

46 2899 107 2963 edm
125 2907 306 2986 propositum
323 2903 415 2967 luisse
439 2903 569 2986 Christo,
598 2913 630 2969 ut
651 2907 681 2968 in
701 2923 797 2989 regno
818 2925 892 2986 suo,
922 2904 1002 2989 quod
1028 2911 1074 2967 est
1093 2902 1237 2983 ecclesia,
1263 2920 1338 2965 unus
1357 2900 1410 2964 ali-

47 3009 96 3085 quis
114 3020 206 3094 esset,
240 3013 292 3096 qui
312 3013 330 3074 ὁ
351 3017 470 3095 μένας,
500 3015 518 3077 d
541 3015 666 3097 πρῶτος
689 3016 743 3080 καὶ
764 3016 782 3078 ό
802 3012 980 3098 ἡγούμενος
999 3013 1216 3093 aestimaretur,
1245 3014 1354 3093 quique
1375 3012 1410 3073 iis

44 3118 150 3194 luctibus
171 3119 344 3204 ἀναλόγως
365 3122 592 3206 deiungeretm,
616 3142 689 3206 quas
711 3125 836 3207 ipsemet
855 3125 893 3188 ad
912 3122 1025 3187 Patrem
1047 3122 1177 3185 nondum
1197 3138 1336 3184 reversus
1358 3119 1411 3182 ob·

45 3224 110 3289 ierat
149 3232 291 3315 Superest
320 3251 394 3315 ergo
414 3241 446 3296 ut
463 3226 591 3296 'sollicite
612 3234 808 3316 inquiramus,
835 3253 924 3317 quem
951 3233 1013 3315 ipse
1033 3249 1104 3314 prae
1126 3233 1234 3295 ceteris
1256 3230 1410 3313 delegerit,

45 3350 72 3395 ac
88 3340 213 3405 omnibus
235 3350 384 3425 tamquam
406 3350 500 3424 caput,
521 3346 778 3427 praepositumque
800 3343 974 3407 antetulerit.
1018 3340 1064 3405 Ne
1086 3343 1111 3404 si
1129 3342 1204 3435 torte
1224 3343 1410 3405 constitutum

46 3444 114 3509 nobis
134 3449 269 3516 divinitus
288 3454 485 3535 praepositum
505 3470 559 3534 per
581 3456 763 3516 oscitantiam
785 3456 1005 3537 ignoraremus,
1034 3470 1132 3533 neque
1154 3452 1350 3515 obedientiam
1371 3449 1411 3513 illi

48 3550 153 3621 debitam
173 3562 307 3643 deleme,
337 3582 434 3645 neque
456 3562 560 3626 Christi
594 3565 764 3627 institutoris
794 3562 972 3626 voluntatem
1001 3560 1121 3645 explere
1142 3579 1307 3643 possemus.
1350 3559 1410 3627 Sed

48 3679 94 3740 quo
112 3667 294 3754 investigatio
315 3674 471 3755 suscipitur
491 3671 678 3754 diligentius,
691 3682 721 3736 et
741 3675 849 3737 veritos
872 3673 1019 3754 quaeritur
1043 3670 1206 3753 candidius,
1230 3689 1267 3733 eo
1289 3669 1411 3751 facilius,

49 3770 266 3864 splendidiusque
285 3790 420 3865 apparet,
446 3800 536 3845 unum
563 3782 713 3847 Simonem
734 3781 851 3845 Petrum
880 3800 963 3863 esse,
992 3782 1042 3863 qui
1069 3776 1244 3862 ἡγούμενος
1266 3779 1411 3843 ccclesiae

48 3896 105 3944 suae
128 3906 145 3948 a
170 3890 284 3955 Christo
313 3892 463 3975 impositus
492 3894 609 3955 censeri
636 3893 750 3956 debeat.
792 3892 820 3955 ls
847 3893 925 3955 enim
950 3898 1010 3969 est,
1039 3892 1089 3972 qui
1116 3889 1186 3953 nihil
1213 3908 1273 3953 non
1300 3891 1413 3972 occepit

51 4006 149 4077 eornm,
173 4019 247 4082 quiae
267 4000 406 4084 apostolis
424 3999 545 4083 reliquis
560 4001 690 4066 Cbristus
705 4002 872 4084 adscripsit:
894 4001 919 4063 is
941 4002 989 4083 qui
1011 4000 1101 4063 multo
1124 4004 1244 4063 sortitus
1266 4006 1311 4062 est
1331 3997 1413 4080 plura

50 4114 78 4157 ιι
95 4106 308 4192 excellentiora,
341 4131 427 4194 quam
447 4108 570 4192 reliquis
592 4110 686 4174 delata
707 4112 895 4174 noverimus:
924 4128 959 4173 ac
981 4112 1022 4191 is,
1048 4111 1086 4173 de
1115 4129 1174 4192 quo
1201 4110 1306 4173 merito
1326 4127 1411 4189 repe·

53 4210 140 4294 unm,
161 4237 234 4300 quae
247 4221 309 4285 Leo
323 4223 351 4255 ⁸²
375 4220 489 4285 scribit:
533 4218 643 4303 „lllulto
666 4228 712 4285 est
733 4222 849 4303 dignius
870 4220 907 4284 ad
928 4221 1086 4284 beatissimi
1102 4220 1178 4283 Petri
1202 4218 1327 4303 apostoli
1347 4218 1412 4302 glo·

106 4455 247 4534 “titulun
268 4465 387 4523 xxviii
411 4464 457 4522 ιθ.
477 4482 553 4539 seqq.

108 4615 509 4700 ⁸¹.)ltnexttt15,ttotu
530 4624 626 4684 XXVl.
646 4624 694 4701 28,

59 4707 270 4804 bthXXstiil
291 4730 387 4787 [θοι.
408 4730 442 4787 Χ.
465 4729 512 4787 17.

110 4877 148 4954 ⁸⁸)
164 4881 221 4944 luc.
240 4887 297 4944 llll.
318 4888 427 4965 8-9,
448 4888 528 4945 tlara.
541 4887 612 4946 xvi.
630 4887 675 4946 15.

105 4996 212 5066 ΡΨ,
225 5013 399 5093 confutamus.
1176 4994 1200 5067 fl
