<?xml version="1.0" encoding="UTF-8"?>
<!DOCTYPE html PUBLIC "-//W3C//DTD XHTML 1.0 Transitional//EN"
    "http://www.w3.org/TR/xhtml1/DTD/xhtml1-transitional.dtd">
<html xmlns="http://www.w3.org/1999/xhtml" xml:lang="en" lang="en">
 <head>
  <title>
</title>
<meta http-equiv="Content-Type" content="text/html;charset=utf-8" />
  <meta name='ocr-system' content='tesseract 3.04.00' />
  <meta name='ocr-capabilities' content='ocr_page ocr_carea ocr_par ocr_line ocrx_word'/>
</head>
<body>
  <div class='ocr_page' id='page_1' title='image "./commentariusdep00passgoog_0024.png"; bbox 0 0 3266 5416; ppageno 0'>
   <div class='ocr_carea' id='block_1_1' title="bbox 169 270 1017 343">
    <p class='ocr_par' dir='ltr' id='par_1_1' title="bbox 169 270 1017 343">
     <span class='ocr_line' id='line_1_1' title="bbox 169 270 1017 343; baseline -0.006 -2"><span class='ocrx_word' id='word_1_1' title='bbox 169 282 210 343; x_wconf 76' lang='lat' dir='ltr'>ln</span> <span class='ocrx_word' id='word_1_2' title='bbox 684 270 1017 341; x_wconf 68' lang='lat' dir='ltr'>reductionibus</span> 
     </span>
    </p>
   </div>
   <div class='ocr_carea' id='block_1_2' title="bbox 165 441 1617 1625">
    <p class='ocr_par' dir='ltr' id='par_1_2' title="bbox 165 441 1617 1625">
     <span class='ocr_line' id='line_1_2' title="bbox 166 441 1546 527; baseline -0.003 -18"><span class='ocrx_word' id='word_1_3' title='bbox 166 452 256 527; x_wconf 85' lang='lat' dir='ltr'>etam,</span> <span class='ocrx_word' id='word_1_4' title='bbox 288 444 355 527; x_wconf 90' lang='lat' dir='ltr'>quia</span> <span class='ocrx_word' id='word_1_5' title='bbox 385 462 488 509; x_wconf 86' lang='lat' dir='ltr'>omnes</span> <span class='ocrx_word' id='word_1_6' title='bbox 523 460 670 526; x_wconf 89' lang='lat' dir='ltr'>nunquam</span> <span class='ocrx_word' id='word_1_7' title='bbox 698 441 735 506; x_wconf 90' lang='lat' dir='ltr'>de</span> <span class='ocrx_word' id='word_1_8' title='bbox 756 442 897 526; x_wconf 75' lang='lat' dir='ltr'><strong>singulari</strong></span> <span class='ocrx_word' id='word_1_9' title='bbox 917 441 994 506; x_wconf 88' lang='lat' dir='ltr'>Petri</span> <span class='ocrx_word' id='word_1_10' title='bbox 1015 443 1184 507; x_wconf 88' lang='lat' dir='ltr'>auctoritate</span> <span class='ocrx_word' id='word_1_11' title='bbox 1207 441 1378 523; x_wconf 91' lang='lat' dir='ltr'>loquuntur,</span> <span class='ocrx_word' id='word_1_12' title='bbox 1410 443 1480 523; x_wconf 91' lang='lat' dir='ltr'>quin</span> <span class='ocrx_word' id='word_1_13' title='bbox 1505 441 1546 505; x_wconf 90' lang='lat' dir='ltr'>ad</span> 
     </span>
     <span class='ocr_line' id='line_1_3' title="bbox 167 551 1546 637; baseline -0.005 -15"><span class='ocrx_word' id='word_1_14' title='bbox 167 557 329 637; x_wconf 74' lang='lat' dir='ltr'><strong>Scripturas</strong></span> <span class='ocrx_word' id='word_1_15' title='bbox 350 561 520 636; x_wconf 75' lang='lat' dir='ltr'>provocent,</span> <span class='ocrx_word' id='word_1_16' title='bbox 546 572 628 617; x_wconf 90' lang='lat' dir='ltr'>suam</span> <span class='ocrx_word' id='word_1_17' title='bbox 651 572 690 616; x_wconf 87' lang='lat' dir='ltr'>ex</span> <span class='ocrx_word' id='word_1_18' title='bbox 710 552 766 615; x_wconf 89' lang='lat' dir='ltr'>illis</span> <span class='ocrx_word' id='word_1_19' title='bbox 788 552 948 616; x_wconf 90' lang='lat' dir='ltr'>doctrinam</span> <span class='ocrx_word' id='word_1_20' title='bbox 963 560 1105 635; x_wconf 89' lang='lat' dir='ltr'>repetant,</span> <span class='ocrx_word' id='word_1_21' title='bbox 1128 552 1348 632; x_wconf 77' lang='lat' dir='ltr'>luculenterque</span> <span class='ocrx_word' id='word_1_22' title='bbox 1364 551 1546 633; x_wconf 80' lang='lat' dir='ltr'>significent,</span> 
     </span>
     <span class='ocr_line' id='line_1_4' title="bbox 167 660 1614 747; baseline -0.005 -19"><span class='ocrx_word' id='word_1_23' title='bbox 167 684 201 728; x_wconf 91' lang='lat' dir='ltr'>se</span> <span class='ocrx_word' id='word_1_24' title='bbox 223 666 412 747; x_wconf 78' lang='lat' dir='ltr'>interpretum</span> <span class='ocrx_word' id='word_1_25' title='bbox 434 682 559 726; x_wconf 90' lang='lat' dir='ltr'>munere</span> <span class='ocrx_word' id='word_1_26' title='bbox 579 662 678 745; x_wconf 79' lang='lat' dir='ltr'>ungi,</span> <span class='ocrx_word' id='word_1_27' title='bbox 699 670 856 745; x_wconf 90' lang='lat' dir='ltr'>partesque</span> <span class='ocrx_word' id='word_1_28' title='bbox 878 662 1096 745; x_wconf 79' lang='lat' dir='ltr'>explanatorum</span> <span class='ocrx_word' id='word_1_29' title='bbox 1118 660 1208 724; x_wconf 88' lang='lat' dir='ltr'>obire.</span> <span class='ocrx_word' id='word_1_30' title='bbox 1613 743 1614 746; x_wconf 8' lang='grc' dir='ltr'><strong>Ἴ</strong></span> 
     </span>
     <span class='ocr_line' id='line_1_5' title="bbox 190 754 1616 856; baseline -0.004 -21"><span class='ocrx_word' id='word_1_31' title='bbox 190 754 195 763; x_wconf 60' lang='grc'>’</span> <span class='ocrx_word' id='word_1_32' title='bbox 280 779 325 835; x_wconf 83' lang='grc'>15.</span> <span class='ocrx_word' id='word_1_33' title='bbox 358 772 421 837; x_wconf 86' lang='lat' dir='ltr'>Fuit</span> <span class='ocrx_word' id='word_1_34' title='bbox 443 791 518 855; x_wconf 83' lang='lat' dir='ltr'>ergo</span> <span class='ocrx_word' id='word_1_35' title='bbox 540 790 591 834; x_wconf 93' lang='lat' dir='ltr'>cur</span> <span class='ocrx_word' id='word_1_36' title='bbox 614 773 693 834; x_wconf 91' lang='lat' dir='ltr'>initio</span> <span class='ocrx_word' id='word_1_37' title='bbox 714 775 877 853; x_wconf 90' lang='lat' dir='ltr'>praesentis</span> <span class='ocrx_word' id='word_1_38' title='bbox 898 772 1075 835; x_wconf 80' lang='lat' dir='ltr'>tractationis</span> <span class='ocrx_word' id='word_1_39' title='bbox 1101 789 1269 852; x_wconf 88' lang='lat' dir='ltr'>monerem,</span> <span class='ocrx_word' id='word_1_40' title='bbox 1302 770 1373 834; x_wconf 89' lang='lat' dir='ltr'>nihil</span> <span class='ocrx_word' id='word_1_41' title='bbox 1393 771 1548 856; x_wconf 77' lang='lat' dir='ltr'>theologis</span> <span class='ocrx_word' id='word_1_42' title='bbox 1615 802 1616 829; x_wconf 60' lang='lat' dir='ltr'>n</span> 
     </span>
     <span class='ocr_line' id='line_1_6' title="bbox 165 881 1617 965; baseline 0.001 -19"><span class='ocrx_word' id='word_1_43' title='bbox 165 884 270 965; x_wconf 90' lang='lat' dir='ltr'>potius,</span> <span class='ocrx_word' id='word_1_44' title='bbox 295 881 365 945; x_wconf 89' lang='lat' dir='ltr'>nihil</span> <span class='ocrx_word' id='word_1_45' title='bbox 387 900 456 945; x_wconf 90' lang='lat' dir='ltr'>esse</span> <span class='ocrx_word' id='word_1_46' title='bbox 478 882 621 964; x_wconf 87' lang='lat' dir='ltr'>antiquius</span> <span class='ocrx_word' id='word_1_47' title='bbox 642 881 762 963; x_wconf 90' lang='lat' dir='ltr'>debere,</span> <span class='ocrx_word' id='word_1_48' title='bbox 785 900 869 963; x_wconf 93' lang='lat' dir='ltr'>quam</span> <span class='ocrx_word' id='word_1_49' title='bbox 891 889 923 944; x_wconf 92' lang='lat' dir='ltr'>ut</span> <span class='ocrx_word' id='word_1_50' title='bbox 943 881 1046 945; x_wconf 90' lang='lat' dir='ltr'>sedulo</span> <span class='ocrx_word' id='word_1_51' title='bbox 1068 883 1228 964; x_wconf 89' lang='lat' dir='ltr'>exquirant,</span> <span class='ocrx_word' id='word_1_52' title='bbox 1255 881 1324 962; x_wconf 94' lang='lat' dir='ltr'>quid</span> <span class='ocrx_word' id='word_1_53' title='bbox 1345 882 1383 946; x_wconf 89' lang='lat' dir='ltr'>de</span> <span class='ocrx_word' id='word_1_54' title='bbox 1399 882 1477 947; x_wconf 86' lang='lat' dir='ltr'>Petri</span> <span class='ocrx_word' id='word_1_55' title='bbox 1498 886 1548 947; x_wconf 89' lang='lat' dir='ltr'>in·</span> <span class='ocrx_word' id='word_1_56' title='bbox 1616 914 1617 929; x_wconf 32' lang='grc' dir='ltr'>π</span> 
     </span>
     <span class='ocr_line' id='line_1_7' title="bbox 166 991 1548 1076; baseline 0.001 -20"><span class='ocrx_word' id='word_1_57' title='bbox 166 993 298 1076; x_wconf 77' lang='lat' dir='ltr'>signibus</span> <span class='ocrx_word' id='word_1_58' title='bbox 331 1011 366 1056; x_wconf 93' lang='lat' dir='ltr'>ac</span> <span class='ocrx_word' id='word_1_59' title='bbox 399 1008 535 1072; x_wconf 91' lang='lat' dir='ltr'>suprema</span> <span class='ocrx_word' id='word_1_60' title='bbox 562 994 733 1056; x_wconf 85' lang='lat' dir='ltr'>auctoritate</span> <span class='ocrx_word' id='word_1_61' title='bbox 762 992 928 1073; x_wconf 80' lang='lat' dir='ltr'>scripturae</span> <span class='ocrx_word' id='word_1_62' title='bbox 959 991 1102 1074; x_wconf 87' lang='lat' dir='ltr'>doceant,</span> <span class='ocrx_word' id='word_1_63' title='bbox 1133 991 1202 1075; x_wconf 92' lang='lat' dir='ltr'>quid</span> <span class='ocrx_word' id='word_1_64' title='bbox 1227 991 1401 1073; x_wconf 82' lang='lat' dir='ltr'>exhibeant,</span> <span class='ocrx_word' id='word_1_65' title='bbox 1433 994 1548 1076; x_wconf 82' lang='lat' dir='ltr'>quidve</span> 
     </span>
     <span class='ocr_line' id='line_1_8' title="bbox 166 1101 1544 1183; baseline 0.001 -17"><span class='ocrx_word' id='word_1_66' title='bbox 166 1102 322 1167; x_wconf 90' lang='lat' dir='ltr'>tenendum</span> <span class='ocrx_word' id='word_1_67' title='bbox 352 1120 419 1165; x_wconf 88' lang='lat' dir='ltr'>esse</span> <span class='ocrx_word' id='word_1_68' title='bbox 448 1101 656 1164; x_wconf 86' lang='lat' dir='ltr'>demonstrent.</span> <span class='ocrx_word' id='word_1_69' title='bbox 698 1101 749 1165; x_wconf 91' lang='lat' dir='ltr'>llis</span> <span class='ocrx_word' id='word_1_70' title='bbox 777 1103 855 1164; x_wconf 86' lang='lat' dir='ltr'>enirn</span> <span class='ocrx_word' id='word_1_71' title='bbox 885 1101 929 1163; x_wconf 88' lang='lat' dir='ltr'>rei</span> <span class='ocrx_word' id='word_1_72' title='bbox 957 1119 1069 1163; x_wconf 90' lang='lat' dir='ltr'>summa</span> <span class='ocrx_word' id='word_1_73' title='bbox 1098 1108 1230 1183; x_wconf 91' lang='lat' dir='ltr'>constat,</span> <span class='ocrx_word' id='word_1_74' title='bbox 1262 1108 1349 1183; x_wconf 90' lang='lat' dir='ltr'>atque</span> <span class='ocrx_word' id='word_1_75' title='bbox 1369 1102 1427 1165; x_wconf 92' lang='lat' dir='ltr'>huc</span> <span class='ocrx_word' id='word_1_76' title='bbox 1447 1105 1544 1168; x_wconf 86' lang='lat' dir='ltr'>totius</span> 
     </span>
     <span class='ocr_line' id='line_1_9' title="bbox 166 1210 1544 1295; baseline 0.001 -20"><span class='ocrx_word' id='word_1_77' title='bbox 166 1214 359 1276; x_wconf 88' lang='lat' dir='ltr'>contentionis</span> <span class='ocrx_word' id='word_1_78' title='bbox 388 1219 473 1293; x_wconf 89' lang='lat' dir='ltr'>eaput</span> <span class='ocrx_word' id='word_1_79' title='bbox 501 1210 586 1274; x_wconf 83' lang='lat' dir='ltr'>redit.</span> <span class='ocrx_word' id='word_1_80' title='bbox 631 1210 827 1275; x_wconf 83' lang='lat' dir='ltr'>&#39;traditionem</span> <span class='ocrx_word' id='word_1_81' title='bbox 848 1227 972 1292; x_wconf 87' lang='lat' dir='ltr'>vereor,</span> <span class='ocrx_word' id='word_1_82' title='bbox 1001 1230 1060 1274; x_wconf 92' lang='lat' dir='ltr'>non</span> <span class='ocrx_word' id='word_1_83' title='bbox 1081 1229 1223 1292; x_wconf 85' lang='lat' dir='ltr'>aspernor</span> <span class='ocrx_word' id='word_1_84' title='bbox 1243 1210 1408 1293; x_wconf 83' lang='lat' dir='ltr'>historiam,</span> <span class='ocrx_word' id='word_1_85' title='bbox 1437 1231 1544 1295; x_wconf 89' lang='lat' dir='ltr'>neque</span> 
     </span>
     <span class='ocr_line' id='line_1_10' title="bbox 166 1312 1545 1404; baseline 0.001 -18"><span class='ocrx_word' id='word_1_86' title='bbox 166 1330 265 1386; x_wconf 89' lang='lat' dir='ltr'>cetera</span> <span class='ocrx_word' id='word_1_87' title='bbox 295 1320 421 1384; x_wconf 90' lang='lat' dir='ltr'>tuendae</span> <span class='ocrx_word' id='word_1_88' title='bbox 454 1323 582 1385; x_wconf 87' lang='lat' dir='ltr'>veritatis</span> <span class='ocrx_word' id='word_1_89' title='bbox 615 1321 760 1402; x_wconf 89' lang='lat' dir='ltr'>praesidia</span> <span class='ocrx_word' id='word_1_90' title='bbox 791 1312 964 1384; x_wconf 84' lang='lat' dir='ltr'>contemno:</span> <span class='ocrx_word' id='word_1_91' title='bbox 1008 1321 1062 1384; x_wconf 90' lang='lat' dir='ltr'>sed</span> <span class='ocrx_word' id='word_1_92' title='bbox 1090 1322 1213 1404; x_wconf 79' lang='lat' dir='ltr'>singulis</span> <span class='ocrx_word' id='word_1_93' title='bbox 1240 1323 1372 1404; x_wconf 91' lang='lat' dir='ltr'>proprias</span> <span class='ocrx_word' id='word_1_94' title='bbox 1401 1322 1545 1387; x_wconf 85' lang='lat' dir='ltr'>adscribo</span> 
     </span>
     <span class='ocr_line' id='line_1_11' title="bbox 166 1428 1542 1515; baseline 0.001 -20"><span class='ocrx_word' id='word_1_95' title='bbox 166 1431 264 1513; x_wconf 90' lang='lat' dir='ltr'>sedes,</span> <span class='ocrx_word' id='word_1_96' title='bbox 286 1433 398 1494; x_wconf 89' lang='lat' dir='ltr'>interna</span> <span class='ocrx_word' id='word_1_97' title='bbox 419 1430 543 1511; x_wconf 86' lang='lat' dir='ltr'>vincula,</span> <span class='ocrx_word' id='word_1_98' title='bbox 567 1429 670 1511; x_wconf 88' lang='lat' dir='ltr'>quibus</span> <span class='ocrx_word' id='word_1_99' title='bbox 690 1429 892 1511; x_wconf 90' lang='lat' dir='ltr'>probationum</span> <span class='ocrx_word' id='word_1_100' title='bbox 915 1428 1087 1494; x_wconf 89' lang='lat' dir='ltr'>adminicula</span> <span class='ocrx_word' id='word_1_101' title='bbox 1109 1439 1207 1494; x_wconf 92' lang='lat' dir='ltr'>mutuo</span> <span class='ocrx_word' id='word_1_102' title='bbox 1229 1432 1401 1512; x_wconf 87' lang='lat' dir='ltr'>cohaerent,</span> <span class='ocrx_word' id='word_1_103' title='bbox 1424 1436 1542 1515; x_wconf 68' lang='lat' dir='ltr'>aperioq</span> 
     </span>
     <span class='ocr_line' id='line_1_12' title="bbox 165 1539 1505 1625; baseline 0.001 -21"><span class='ocrx_word' id='word_1_104' title='bbox 165 1549 234 1623; x_wconf 90' lang='lat' dir='ltr'>tum,</span> <span class='ocrx_word' id='word_1_105' title='bbox 257 1540 325 1623; x_wconf 92' lang='lat' dir='ltr'>quid</span> <span class='ocrx_word' id='word_1_106' title='bbox 345 1539 549 1623; x_wconf 86' lang='lat' dir='ltr'>praestandum</span> <span class='ocrx_word' id='word_1_107' title='bbox 572 1540 617 1619; x_wconf 88' lang='lat' dir='ltr'>sit,</span> <span class='ocrx_word' id='word_1_108' title='bbox 640 1557 676 1601; x_wconf 92' lang='lat' dir='ltr'>ac</span> <span class='ocrx_word' id='word_1_109' title='bbox 695 1555 749 1621; x_wconf 88' lang='lat' dir='ltr'>pro</span> <span class='ocrx_word' id='word_1_110' title='bbox 771 1539 846 1602; x_wconf 86' lang='lat' dir='ltr'>virili</span> <span class='ocrx_word' id='word_1_111' title='bbox 867 1540 1041 1622; x_wconf 81' lang='lat' dir='ltr'>urgendum,</span> <span class='ocrx_word' id='word_1_112' title='bbox 1063 1541 1332 1623; x_wconf 80' lang='lat' dir='ltr'>absolvendumque</span> <span class='ocrx_word' id='word_1_113' title='bbox 1352 1542 1505 1625; x_wconf 84' lang='lat' dir='ltr'>profiteor.</span> 
     </span>
    </p>
   </div>
   <div class='ocr_carea' id='block_1_3' title="bbox 675 1916 1021 2012">
    <p class='ocr_par' dir='ltr' id='par_1_3' title="bbox 675 1916 1021 2012">
     <span class='ocr_line' id='line_1_13' title="bbox 675 1916 1021 2012; baseline 0 -2"><span class='ocrx_word' id='word_1_114' title='bbox 675 1916 1021 2012; x_wconf 83' lang='lat' dir='ltr'>ddl&#39;llllll.</span> 
     </span>
    </p>
   </div>
   <div class='ocr_carea' id='block_1_4' title="bbox 373 2104 1544 2742">
    <p class='ocr_par' dir='ltr' id='par_1_4' title="bbox 373 2104 1544 2742">
     <span class='ocr_line' id='line_1_14' title="bbox 482 2104 1544 2191; baseline 0.002 -22"><span class='ocrx_word' id='word_1_115' title='bbox 482 2104 669 2189; x_wconf 77' lang='lat' dir='ltr'>Difficulter</span> <span class='ocrx_word' id='word_1_116' title='bbox 697 2130 740 2171; x_wconf 74' lang='lat' dir='ltr'>ee</span> <span class='ocrx_word' id='word_1_117' title='bbox 765 2115 805 2173; x_wconf 81' lang='lat' dir='ltr'>iia</span> <span class='ocrx_word' id='word_1_118' title='bbox 832 2108 939 2174; x_wconf 84' lang='lat' dir='ltr'>oborto</span> <span class='ocrx_word' id='word_1_119' title='bbox 965 2132 1044 2190; x_wconf 84' lang='lat' dir='ltr'>quoe</span> <span class='ocrx_word' id='word_1_120' title='bbox 1066 2116 1298 2191; x_wconf 75' lang='lat' dir='ltr'>promisimus:</span> <span class='ocrx_word' id='word_1_121' title='bbox 1319 2145 1361 2157; x_wconf 95' lang='lat'>-</span> <span class='ocrx_word' id='word_1_122' title='bbox 1386 2109 1544 2173; x_wconf 77' lang='lat' dir='ltr'>medetur</span> 
     </span>
     <span class='ocr_line' id='line_1_15' title="bbox 373 2213 1541 2301; baseline 0.003 -24"><span class='ocrx_word' id='word_1_123' title='bbox 373 2221 506 2296; x_wconf 67' lang='lat' dir='ltr'>mmmm</span> <span class='ocrx_word' id='word_1_124' title='bbox 532 2213 687 2301; x_wconf 76' lang='lat' dir='ltr'>suffroqto</span> <span class='ocrx_word' id='word_1_125' title='bbox 708 2217 935 2298; x_wconf 82' lang='lat' dir='ltr'>catholicorum,</span> <span class='ocrx_word' id='word_1_126' title='bbox 962 2243 983 2283; x_wconf 88' lang='lat' dir='ltr'>o</span> <span class='ocrx_word' id='word_1_127' title='bbox 1004 2219 1114 2301; x_wconf 82' lang='lat' dir='ltr'>quibua</span> <span class='ocrx_word' id='word_1_128' title='bbox 1134 2227 1343 2301; x_wconf 81' lang='lat' dir='ltr'>protestantes</span> <span class='ocrx_word' id='word_1_129' title='bbox 1363 2240 1425 2282; x_wconf 85' lang='lat' dir='ltr'>raon</span> <span class='ocrx_word' id='word_1_130' title='bbox 1445 2218 1541 2283; x_wconf 79' lang='lat' dir='ltr'>disei-</span> 
     </span>
     <span class='ocr_line' id='line_1_16' title="bbox 374 2325 1542 2411; baseline 0.003 -23"><span class='ocrx_word' id='word_1_131' title='bbox 374 2325 465 2388; x_wconf 85' lang='lat' dir='ltr'>dent:</span> <span class='ocrx_word' id='word_1_132' title='bbox 485 2362 526 2372; x_wconf 94' lang='lat'><em>-</em></span> <span class='ocrx_word' id='word_1_133' title='bbox 548 2333 614 2389; x_wconf 86' lang='lat' dir='ltr'>tum</span> <span class='ocrx_word' id='word_1_134' title='bbox 635 2328 808 2392; x_wconf 83' lang='lat' dir='ltr'>eorumdem</span> <span class='ocrx_word' id='word_1_135' title='bbox 829 2352 976 2407; x_wconf 81' lang='lat' dir='ltr'>emauro,</span> <span class='ocrx_word' id='word_1_136' title='bbox 999 2353 1060 2411; x_wconf 87' lang='lat' dir='ltr'>quo</span> <span class='ocrx_word' id='word_1_137' title='bbox 1077 2337 1109 2393; x_wconf 83' lang='lat' dir='ltr'>im</span> <span class='ocrx_word' id='word_1_138' title='bbox 1130 2352 1182 2393; x_wconf 79' lang='lat' dir='ltr'>eoa</span> <span class='ocrx_word' id='word_1_139' title='bbox 1206 2329 1461 2405; x_wconf 67' lang='lat' dir='ltr'>eurimedontem,</span> <span class='ocrx_word' id='word_1_140' title='bbox 1483 2335 1542 2409; x_wconf 71' lang='grc' dir='ltr'>φα·</span> 
     </span>
     <span class='ocr_line' id='line_1_17' title="bbox 375 2432 1544 2521; baseline 0.003 -23"><span class='ocrx_word' id='word_1_141' title='bbox 375 2432 466 2499; x_wconf 84' lang='lat' dir='ltr'>Petri</span> <span class='ocrx_word' id='word_1_142' title='bbox 498 2443 734 2521; x_wconf 75' lang='lat' dir='ltr'>proeropottoos</span> <span class='ocrx_word' id='word_1_143' title='bbox 763 2446 809 2502; x_wconf 84' lang='lat' dir='ltr'>ito</span> <span class='ocrx_word' id='word_1_144' title='bbox 834 2441 1003 2517; x_wconf 82' lang='lat' dir='ltr'>otndieont,</span> <span class='ocrx_word' id='word_1_145' title='bbox 1036 2448 1072 2504; x_wconf 88' lang='lat' dir='ltr'>ut</span> <span class='ocrx_word' id='word_1_146' title='bbox 1096 2436 1332 2519; x_wconf 68' lang='lat' dir='ltr'>scripturorum</span> <span class='ocrx_word' id='word_1_147' title='bbox 1361 2445 1544 2502; x_wconf 78' lang='lat' dir='ltr'>testimonio</span> 
     </span>
     <span class='ocr_line' id='line_1_18' title="bbox 375 2543 1541 2632; baseline 0.004 -26"><span class='ocrx_word' id='word_1_148' title='bbox 375 2543 425 2607; x_wconf 82' lang='lat' dir='ltr'>oet</span> <span class='ocrx_word' id='word_1_149' title='bbox 443 2544 607 2630; x_wconf 68' lang='lat' dir='ltr'>neptiqont</span> <span class='ocrx_word' id='word_1_150' title='bbox 629 2545 679 2609; x_wconf 84' lang='lat' dir='ltr'>oet</span> <span class='ocrx_word' id='word_1_151' title='bbox 693 2547 773 2611; x_wconf 81' lang='lat' dir='ltr'>mole</span> <span class='ocrx_word' id='word_1_152' title='bbox 793 2556 885 2612; x_wconf 81' lang='lat' dir='ltr'>etium</span> <span class='ocrx_word' id='word_1_153' title='bbox 906 2551 1121 2630; x_wconf 78' lang='lat' dir='ltr'>detorqueant:</span> <span class='ocrx_word' id='word_1_154' title='bbox 1145 2584 1178 2598; x_wconf 90' lang='lat'>-</span> <span class='ocrx_word' id='word_1_155' title='bbox 1200 2548 1319 2630; x_wconf 84' lang='lat' dir='ltr'>plenior</span> <span class='ocrx_word' id='word_1_156' title='bbox 1336 2547 1541 2632; x_wconf 76' lang='lat' dir='ltr'>difficultatis</span> 
     </span>
     <span class='ocr_line' id='line_1_19' title="bbox 374 2653 1170 2742; baseline 0.008 -26"><span class='ocrx_word' id='word_1_157' title='bbox 374 2653 493 2733; x_wconf 77' lang='lat' dir='ltr'>solutio,</span> <span class='ocrx_word' id='word_1_158' title='bbox 514 2678 552 2720; x_wconf 83' lang='lat' dir='ltr'>ae</span> <span class='ocrx_word' id='word_1_159' title='bbox 567 2662 773 2735; x_wconf 82' lang='lat' dir='ltr'>praestitutae</span> <span class='ocrx_word' id='word_1_160' title='bbox 793 2658 949 2725; x_wconf 83' lang='lat' dir='ltr'>doctrtmoe</span> <span class='ocrx_word' id='word_1_161' title='bbox 969 2659 1170 2742; x_wconf 79' lang='lat' dir='ltr'>eoarfirmotto.</span> 
     </span>
    </p>
   </div>
   <div class='ocr_carea' id='block_1_5' title="bbox 83 2819 1633 4278">
    <p class='ocr_par' dir='ltr' id='par_1_5' title="bbox 83 2819 1633 4278">
     <span class='ocr_line' id='line_1_20' title="bbox 274 2819 1538 2965; baseline 0.002 -26"><span class='ocrx_word' id='word_1_162' title='bbox 274 2883 319 2940; x_wconf 84' lang='lat' dir='ltr'>lo.</span> <span class='ocrx_word' id='word_1_163' title='bbox 356 2819 552 2960; x_wconf 56' lang='lat' dir='ltr'>Quamquam</span> <span class='ocrx_word' id='word_1_164' title='bbox 575 2897 673 2961; x_wconf 90' lang='lat' dir='ltr'>neque</span> <span class='ocrx_word' id='word_1_165' title='bbox 694 2856 819 2945; x_wconf 81' lang='lat' dir='ltr'>obscura</span> <span class='ocrx_word' id='word_1_166' title='bbox 833 2884 899 2963; x_wconf 90' lang='lat' dir='ltr'>sint,</span> <span class='ocrx_word' id='word_1_167' title='bbox 922 2900 1019 2965; x_wconf 91' lang='lat' dir='ltr'>neque</span> <span class='ocrx_word' id='word_1_168' title='bbox 1031 2883 1068 2947; x_wconf 94' lang='lat' dir='ltr'>ad</span> <span class='ocrx_word' id='word_1_169' title='bbox 1085 2881 1305 2965; x_wconf 81' lang='lat' dir='ltr'>intelligendum</span> <span class='ocrx_word' id='word_1_170' title='bbox 1320 2878 1446 2944; x_wconf 84' lang='lat' dir='ltr'>difficilia</span> <span class='ocrx_word' id='word_1_171' title='bbox 1460 2895 1538 2960; x_wconf 89' lang='lat' dir='ltr'>quae</span> 
     </span>
     <span class='ocr_line' id='line_1_21' title="bbox 83 2986 1536 3075; baseline 0 -25"><span class='ocrx_word' id='word_1_172' title='bbox 83 3004 87 3015; x_wconf 89' lang='lat'><strong>·</strong></span> <span class='ocrx_word' id='word_1_173' title='bbox 162 2987 383 3070; x_wconf 80' lang='lat' dir='ltr'>praemisimus3</span> <span class='ocrx_word' id='word_1_174' title='bbox 424 2986 597 3051; x_wconf 89' lang='lat' dir='ltr'>dissimulari</span> <span class='ocrx_word' id='word_1_175' title='bbox 633 2996 730 3053; x_wconf 89' lang='lat' dir='ltr'>tamen</span> <span class='ocrx_word' id='word_1_176' title='bbox 760 3009 819 3054; x_wconf 92' lang='lat' dir='ltr'>non</span> <span class='ocrx_word' id='word_1_177' title='bbox 848 2991 952 3073; x_wconf 88' lang='lat' dir='ltr'>debet,</span> <span class='ocrx_word' id='word_1_178' title='bbox 981 2993 1060 3074; x_wconf 90' lang='lat' dir='ltr'>quod</span> <span class='ocrx_word' id='word_1_179' title='bbox 1085 3000 1188 3075; x_wconf 90' lang='lat' dir='ltr'>sponte</span> <span class='ocrx_word' id='word_1_180' title='bbox 1216 2990 1305 3054; x_wconf 87' lang='lat' dir='ltr'>veluti</span> <span class='ocrx_word' id='word_1_181' title='bbox 1332 3008 1384 3053; x_wconf 88' lang='lat' dir='ltr'>sua</span> <span class='ocrx_word' id='word_1_182' title='bbox 1407 2989 1536 3052; x_wconf 90' lang='lat' dir='ltr'>animum</span> 
     </span>
     <span class='ocr_line' id='line_1_22' title="bbox 162 3097 1633 3182; baseline -0.001 -22"><span class='ocrx_word' id='word_1_183' title='bbox 162 3097 253 3160; x_wconf 89' lang='lat' dir='ltr'>subit:</span> <span class='ocrx_word' id='word_1_184' title='bbox 281 3099 330 3160; x_wconf 89' lang='lat' dir='ltr'>vix</span> <span class='ocrx_word' id='word_1_185' title='bbox 357 3116 393 3160; x_wconf 91' lang='lat' dir='ltr'>ea</span> <span class='ocrx_word' id='word_1_186' title='bbox 423 3097 538 3179; x_wconf 88' lang='lat' dir='ltr'>probari</span> <span class='ocrx_word' id='word_1_187' title='bbox 564 3100 678 3180; x_wconf 89' lang='lat' dir='ltr'>penitus</span> <span class='ocrx_word' id='word_1_188' title='bbox 698 3118 804 3182; x_wconf 90' lang='lat' dir='ltr'>posse,</span> <span class='ocrx_word' id='word_1_189' title='bbox 836 3101 906 3182; x_wconf 89' lang='lat' dir='ltr'>quin</span> <span class='ocrx_word' id='word_1_190' title='bbox 927 3120 1022 3166; x_wconf 92' lang='lat' dir='ltr'>canon</span> <span class='ocrx_word' id='word_1_191' title='bbox 1043 3103 1181 3167; x_wconf 90' lang='lat' dir='ltr'>momenti</span> <span class='ocrx_word' id='word_1_192' title='bbox 1202 3101 1321 3165; x_wconf 89' lang='lat' dir='ltr'>omnino</span> <span class='ocrx_word' id='word_1_193' title='bbox 1343 3098 1474 3178; x_wconf 90' lang='lat' dir='ltr'>maximi,</span> <span class='ocrx_word' id='word_1_194' title='bbox 1504 3103 1538 3159; x_wconf 87' lang='lat' dir='ltr'>el</span> <span class='ocrx_word' id='word_1_195' title='bbox 1632 3145 1633 3148; x_wconf 63' lang='lat'>,</span> 
     </span>
     <span class='ocr_line' id='line_1_23' title="bbox 161 3205 1536 3291; baseline -0.001 -20"><span class='ocrx_word' id='word_1_196' title='bbox 161 3208 265 3291; x_wconf 75' lang='lat' dir='ltr'>regula</span> <span class='ocrx_word' id='word_1_197' title='bbox 293 3208 439 3290; x_wconf 80' lang='lat' dir='ltr'>theologis</span> <span class='ocrx_word' id='word_1_198' title='bbox 468 3209 629 3272; x_wconf 69' lang='lat' dir='ltr'>canusima</span> <span class='ocrx_word' id='word_1_199' title='bbox 656 3210 686 3272; x_wconf 93' lang='lat' dir='ltr'>in</span> <span class='ocrx_word' id='word_1_200' title='bbox 715 3210 898 3274; x_wconf 80' lang='lat' dir='ltr'>manifestum</span> <span class='ocrx_word' id='word_1_201' title='bbox 924 3211 1082 3276; x_wconf 85' lang='lat' dir='ltr'>discrimen</span> <span class='ocrx_word' id='word_1_202' title='bbox 1108 3212 1211 3275; x_wconf 86' lang='lat' dir='ltr'>adduci</span> <span class='ocrx_word' id='word_1_203' title='bbox 1235 3209 1376 3273; x_wconf 88' lang='lat' dir='ltr'>videatur.</span> <span class='ocrx_word' id='word_1_204' title='bbox 1419 3205 1536 3289; x_wconf 77' lang='lat' dir='ltr'>Regula</span> 
     </span>
     <span class='ocr_line' id='line_1_24' title="bbox 162 3298 1537 3404; baseline -0.002 -23"><span class='ocrx_word' id='word_1_205' title='bbox 162 3326 259 3381; x_wconf 89' lang='lat' dir='ltr'>autem</span> <span class='ocrx_word' id='word_1_206' title='bbox 280 3319 355 3382; x_wconf 89' lang='lat' dir='ltr'>haec</span> <span class='ocrx_word' id='word_1_207' title='bbox 377 3328 436 3383; x_wconf 92' lang='lat' dir='ltr'>est:</span> <span class='ocrx_word' id='word_1_208' title='bbox 465 3321 495 3382; x_wconf 93' lang='lat' dir='ltr'>in</span> <span class='ocrx_word' id='word_1_209' title='bbox 517 3319 714 3401; x_wconf 83' lang='lat' dir='ltr'>exponendis,</span> <span class='ocrx_word' id='word_1_210' title='bbox 737 3321 965 3404; x_wconf 89' lang='lat' dir='ltr'>enarrandisque</span> <span class='ocrx_word' id='word_1_211' title='bbox 987 3298 1216 3401; x_wconf 85' lang='lat' dir='ltr'>definitionibus,</span> <span class='ocrx_word' id='word_1_212' title='bbox 1244 3336 1316 3400; x_wconf 88' lang='lat' dir='ltr'>quas</span> <span class='ocrx_word' id='word_1_213' title='bbox 1337 3317 1385 3381; x_wconf 90' lang='lat' dir='ltr'>vel</span> <span class='ocrx_word' id='word_1_214' title='bbox 1407 3318 1468 3398; x_wconf 91' lang='lat' dir='ltr'>ipsa</span> <span class='ocrx_word' id='word_1_215' title='bbox 1488 3323 1537 3378; x_wconf 87' lang='lat' dir='ltr'>tu-</span> 
     </span>
     <span class='ocr_line' id='line_1_25' title="bbox 163 3427 1536 3513; baseline -0.001 -25"><span class='ocrx_word' id='word_1_216' title='bbox 163 3427 248 3489; x_wconf 89' lang='lat' dir='ltr'>lerint</span> <span class='ocrx_word' id='word_1_217' title='bbox 269 3431 459 3493; x_wconf 90' lang='lat' dir='ltr'>oecumenica</span> <span class='ocrx_word' id='word_1_218' title='bbox 481 3429 612 3510; x_wconf 90' lang='lat' dir='ltr'>concilia,</span> <span class='ocrx_word' id='word_1_219' title='bbox 638 3447 702 3491; x_wconf 88' lang='lat' dir='ltr'>rem</span> <span class='ocrx_word' id='word_1_220' title='bbox 724 3429 884 3510; x_wconf 86' lang='lat' dir='ltr'>delinitam,</span> <span class='ocrx_word' id='word_1_221' title='bbox 918 3439 948 3493; x_wconf 91' lang='lat' dir='ltr'>et</span> <span class='ocrx_word' id='word_1_222' title='bbox 970 3451 1025 3513; x_wconf 94' lang='lat' dir='ltr'>qua</span> <span class='ocrx_word' id='word_1_223' title='bbox 1048 3450 1160 3495; x_wconf 88' lang='lat' dir='ltr'>summa</span> <span class='ocrx_word' id='word_1_224' title='bbox 1181 3447 1217 3492; x_wconf 91' lang='lat' dir='ltr'>ac</span> <span class='ocrx_word' id='word_1_225' title='bbox 1237 3428 1334 3491; x_wconf 90' lang='lat' dir='ltr'>iudicii</span> <span class='ocrx_word' id='word_1_226' title='bbox 1356 3433 1441 3507; x_wconf 91' lang='lat' dir='ltr'>caput</span> <span class='ocrx_word' id='word_1_227' title='bbox 1462 3443 1536 3488; x_wconf 90' lang='lat' dir='ltr'>con·</span> 
     </span>
     <span class='ocr_line' id='line_1_26' title="bbox 161 3534 1537 3622; baseline -0.001 -24"><span class='ocrx_word' id='word_1_228' title='bbox 161 3537 283 3616; x_wconf 91' lang='lat' dir='ltr'>tinetur,</span> <span class='ocrx_word' id='word_1_229' title='bbox 314 3537 349 3600; x_wconf 92' lang='lat' dir='ltr'>ab</span> <span class='ocrx_word' id='word_1_230' title='bbox 381 3540 415 3601; x_wconf 89' lang='lat' dir='ltr'>iis</span> <span class='ocrx_word' id='word_1_231' title='bbox 442 3538 643 3621; x_wconf 90' lang='lat' dir='ltr'>probationum</span> <span class='ocrx_word' id='word_1_232' title='bbox 665 3540 820 3601; x_wconf 90' lang='lat' dir='ltr'>momentis</span> <span class='ocrx_word' id='word_1_233' title='bbox 842 3539 979 3622; x_wconf 82' lang='lat' dir='ltr'>distingui</span> <span class='ocrx_word' id='word_1_234' title='bbox 1000 3540 1103 3604; x_wconf 90' lang='lat' dir='ltr'>sedulo</span> <span class='ocrx_word' id='word_1_235' title='bbox 1125 3547 1276 3621; x_wconf 92' lang='lat' dir='ltr'>oportere,</span> <span class='ocrx_word' id='word_1_236' title='bbox 1303 3536 1407 3619; x_wconf 88' lang='lat' dir='ltr'>quibus</span> <span class='ocrx_word' id='word_1_237' title='bbox 1429 3534 1537 3598; x_wconf 87' lang='lat' dir='ltr'>eadem</span> 
     </span>
     <span class='ocr_line' id='line_1_27' title="bbox 163 3644 1534 3729; baseline -0.001 -21"><span class='ocrx_word' id='word_1_238' title='bbox 163 3644 367 3726; x_wconf 88' lang='lat' dir='ltr'>comprobatur</span> <span class='ocrx_word' id='word_1_239' title='bbox 398 3653 484 3729; x_wconf 91' lang='lat' dir='ltr'>atque</span> <span class='ocrx_word' id='word_1_240' title='bbox 511 3648 651 3710; x_wconf 89' lang='lat' dir='ltr'>statuitur.</span> <span class='ocrx_word' id='word_1_241' title='bbox 695 3645 899 3710; x_wconf 84' lang='lat' dir='ltr'>Definitionem</span> <span class='ocrx_word' id='word_1_242' title='bbox 921 3649 998 3712; x_wconf 91' lang='lat' dir='ltr'>enim</span> <span class='ocrx_word' id='word_1_243' title='bbox 1020 3647 1205 3711; x_wconf 89' lang='lat' dir='ltr'>indubitatam</span> <span class='ocrx_word' id='word_1_244' title='bbox 1228 3666 1311 3729; x_wconf 90' lang='lat' dir='ltr'>esse,</span> <span class='ocrx_word' id='word_1_245' title='bbox 1334 3654 1364 3709; x_wconf 87' lang='lat' dir='ltr'>et</span> <span class='ocrx_word' id='word_1_246' title='bbox 1385 3647 1534 3709; x_wconf 88' lang='lat' dir='ltr'>assensio-</span> 
     </span>
     <span class='ocr_line' id='line_1_28' title="bbox 163 3753 1535 3840; baseline -0.002 -20"><span class='ocrx_word' id='word_1_247' title='bbox 163 3776 231 3820; x_wconf 94' lang='lat' dir='ltr'>nem</span> <span class='ocrx_word' id='word_1_248' title='bbox 252 3755 320 3818; x_wconf 87' lang='lat' dir='ltr'>lldei</span> <span class='ocrx_word' id='word_1_249' title='bbox 341 3757 487 3839; x_wconf 90' lang='lat' dir='ltr'>propriam</span> <span class='ocrx_word' id='word_1_250' title='bbox 509 3755 549 3818; x_wconf 88' lang='lat' dir='ltr'>illi</span> <span class='ocrx_word' id='word_1_251' title='bbox 571 3753 690 3818; x_wconf 89' lang='lat' dir='ltr'>deberi:</span> <span class='ocrx_word' id='word_1_252' title='bbox 721 3756 775 3818; x_wconf 88' lang='lat' dir='ltr'>sed</span> <span class='ocrx_word' id='word_1_253' title='bbox 793 3755 981 3838; x_wconf 89' lang='lat' dir='ltr'>probationes</span> <span class='ocrx_word' id='word_1_254' title='bbox 1001 3777 1098 3840; x_wconf 89' lang='lat' dir='ltr'>neque</span> <span class='ocrx_word' id='word_1_255' title='bbox 1119 3757 1292 3820; x_wconf 88' lang='lat' dir='ltr'>indubitatas</span> <span class='ocrx_word' id='word_1_256' title='bbox 1313 3774 1433 3839; x_wconf 89' lang='lat' dir='ltr'>prorsus</span> <span class='ocrx_word' id='word_1_257' title='bbox 1455 3773 1535 3835; x_wconf 92' lang='lat' dir='ltr'>esse,</span> 
     </span>
     <span class='ocr_line' id='line_1_29' title="bbox 162 3863 1538 3949; baseline -0.002 -20"><span class='ocrx_word' id='word_1_258' title='bbox 162 3884 261 3948; x_wconf 89' lang='lat' dir='ltr'>neque</span> <span class='ocrx_word' id='word_1_259' title='bbox 283 3865 321 3929; x_wconf 96' lang='lat' dir='ltr'>ad</span> <span class='ocrx_word' id='word_1_260' title='bbox 342 3865 485 3929; x_wconf 90' lang='lat' dir='ltr'>eiusmodi</span> <span class='ocrx_word' id='word_1_261' title='bbox 506 3865 683 3928; x_wconf 86' lang='lat' dir='ltr'>auctoritatis</span> <span class='ocrx_word' id='word_1_262' title='bbox 705 3865 821 3929; x_wconf 88' lang='lat' dir='ltr'>culmen</span> <span class='ocrx_word' id='word_1_263' title='bbox 843 3867 1022 3949; x_wconf 83' lang='lat' dir='ltr'>pertingere,</span> <span class='ocrx_word' id='word_1_264' title='bbox 1044 3874 1074 3929; x_wconf 91' lang='lat' dir='ltr'>ut</span> <span class='ocrx_word' id='word_1_265' title='bbox 1096 3868 1166 3929; x_wconf 90' lang='lat' dir='ltr'>citra</span> <span class='ocrx_word' id='word_1_266' title='bbox 1188 3867 1299 3929; x_wconf 89' lang='lat' dir='ltr'>crimen</span> <span class='ocrx_word' id='word_1_267' title='bbox 1319 3865 1444 3928; x_wconf 87' lang='lat' dir='ltr'>violatae</span> <span class='ocrx_word' id='word_1_268' title='bbox 1467 3863 1538 3927; x_wconf 85' lang='lat' dir='ltr'>fidei</span> 
     </span>
     <span class='ocr_line' id='line_1_30' title="bbox 163 3973 1536 4058; baseline -0.001 -20"><span class='ocrx_word' id='word_1_269' title='bbox 163 3978 276 4057; x_wconf 72' lang='lat' dir='ltr'>tenori,</span> <span class='ocrx_word' id='word_1_270' title='bbox 298 3975 518 4058; x_wconf 82' lang='lat' dir='ltr'>oppugnarique</span> <span class='ocrx_word' id='word_1_271' title='bbox 539 3982 694 4056; x_wconf 91' lang='lat' dir='ltr'>nequeant.</span> <span class='ocrx_word' id='word_1_272' title='bbox 738 3974 823 4049; x_wconf 84' lang='lat' dir='ltr'>Quod</span> <span class='ocrx_word' id='word_1_273' title='bbox 842 3973 985 4038; x_wconf 85' lang='lat' dir='ltr'>blelchlor</span> <span class='ocrx_word' id='word_1_274' title='bbox 1005 3976 1101 4039; x_wconf 86' lang='lat' dir='ltr'>Canus</span> <span class='ocrx_word' id='word_1_275' title='bbox 1122 3977 1151 4038; x_wconf 90' lang='lat' dir='ltr'>in</span> <span class='ocrx_word' id='word_1_276' title='bbox 1172 3993 1263 4057; x_wconf 90' lang='lat' dir='ltr'>opere</span> <span class='ocrx_word' id='word_1_277' title='bbox 1284 3975 1322 4038; x_wconf 88' lang='lat' dir='ltr'>de</span> <span class='ocrx_word' id='word_1_278' title='bbox 1343 3974 1428 4037; x_wconf 90' lang='lat' dir='ltr'>Locis</span> <span class='ocrx_word' id='word_1_279' title='bbox 1450 3974 1536 4037; x_wconf 90' lang='lat' dir='ltr'>theo-</span> 
     </span>
     <span class='ocr_line' id='line_1_31' title="bbox 161 4084 1538 4169; baseline 0 -22"><span class='ocrx_word' id='word_1_280' title='bbox 161 4086 290 4169; x_wconf 81' lang='lat' dir='ltr'>logicis¹</span> <span class='ocrx_word' id='word_1_281' title='bbox 320 4104 357 4149; x_wconf 92' lang='lat' dir='ltr'>ea</span> <span class='ocrx_word' id='word_1_282' title='bbox 382 4084 586 4168; x_wconf 84' lang='lat' dir='ltr'>perspicuitate</span> <span class='ocrx_word' id='word_1_283' title='bbox 618 4086 716 4166; x_wconf 89' lang='lat' dir='ltr'>tradit,</span> <span class='ocrx_word' id='word_1_284' title='bbox 753 4103 846 4167; x_wconf 91' lang='lat' dir='ltr'>eaque</span> <span class='ocrx_word' id='word_1_285' title='bbox 876 4086 1090 4167; x_wconf 88' lang='lat' dir='ltr'>exemplorum,</span> <span class='ocrx_word' id='word_1_286' title='bbox 1122 4092 1420 4169; x_wconf 75' lang='lat' dir='ltr'>argumentorumque</span> <span class='ocrx_word' id='word_1_287' title='bbox 1452 4084 1538 4164; x_wconf 87' lang='lat' dir='ltr'>copia</span> 
     </span>
     <span class='ocr_line' id='line_1_32' title="bbox 162 4193 1369 4278; baseline -0.004 -19"><span class='ocrx_word' id='word_1_288' title='bbox 162 4204 258 4260; x_wconf 81' lang='lat' dir='ltr'>tuettu</span> <span class='ocrx_word' id='word_1_289' title='bbox 277 4203 307 4259; x_wconf 90' lang='lat' dir='ltr'>et</span> <span class='ocrx_word' id='word_1_290' title='bbox 328 4195 488 4274; x_wconf 89' lang='lat' dir='ltr'>confirmat,</span> <span class='ocrx_word' id='word_1_291' title='bbox 512 4202 543 4258; x_wconf 91' lang='lat' dir='ltr'>ut</span> <span class='ocrx_word' id='word_1_292' title='bbox 564 4196 692 4258; x_wconf 88' lang='lat' dir='ltr'>omniurn</span> <span class='ocrx_word' id='word_1_293' title='bbox 714 4193 864 4278; x_wconf 75' lang='lat' dir='ltr'>suffragia,</span> <span class='ocrx_word' id='word_1_294' title='bbox 887 4194 1183 4278; x_wconf 88' lang='lat' dir='ltr'>adprobationemque</span> <span class='ocrx_word' id='word_1_295' title='bbox 1205 4194 1369 4258; x_wconf 82' lang='lat' dir='ltr'>obtinuerit</span> 
     </span>
    </p>
   </div>
   <div class='ocr_carea' id='block_1_6' title="bbox 162 4359 1535 5077">
    <p class='ocr_par' dir='ltr' id='par_1_6' title="bbox 164 4359 1535 4541">
     <span class='ocr_line' id='line_1_33' title="bbox 164 4359 1535 4435; baseline -0.002 -18"><span class='ocrx_word' id='word_1_296' title='bbox 164 4361 232 4435; x_wconf 90' lang='lat' dir='ltr'>apud</span> <span class='ocrx_word' id='word_1_297' title='bbox 267 4359 454 4435; x_wconf 85' lang='lat' dir='ltr'>llamachium,</span> <span class='ocrx_word' id='word_1_298' title='bbox 493 4359 586 4432; x_wconf 73' lang='lat' dir='ltr'>Origg.</span> <span class='ocrx_word' id='word_1_299' title='bbox 622 4366 650 4416; x_wconf 87' lang='lat' dir='ltr'>et</span> <span class='ocrx_word' id='word_1_300' title='bbox 682 4359 823 4434; x_wconf 76' lang='lat' dir='ltr'>Antiquitt.</span> <span class='ocrx_word' id='word_1_301' title='bbox 872 4375 965 4435; x_wconf 89' lang='lat' dir='ltr'>puum,</span> <span class='ocrx_word' id='word_1_302' title='bbox 994 4360 1028 4417; x_wconf 90' lang='lat' dir='ltr'>de</span> <span class='ocrx_word' id='word_1_303' title='bbox 1059 4376 1113 4435; x_wconf 91' lang='lat' dir='ltr'>qno</span> <span class='ocrx_word' id='word_1_304' title='bbox 1149 4367 1207 4418; x_wconf 89' lang='lat' dir='ltr'>erat</span> <span class='ocrx_word' id='word_1_305' title='bbox 1229 4361 1396 4434; x_wconf 87' lang='lat' dir='ltr'>potissimum</span> <span class='ocrx_word' id='word_1_306' title='bbox 1424 4364 1535 4414; x_wconf 89' lang='lat' dir='ltr'>contro-</span> 
     </span>
     <span class='ocr_line' id='line_1_34' title="bbox 165 4464 1534 4541; baseline -0.004 -17"><span class='ocrx_word' id='word_1_307' title='bbox 165 4469 304 4524; x_wconf 84' lang='lat' dir='ltr'>Christiao.</span> <span class='ocrx_word' id='word_1_308' title='bbox 326 4467 371 4522; x_wconf 91' lang='lat' dir='ltr'>lib.</span> <span class='ocrx_word' id='word_1_309' title='bbox 393 4466 438 4521; x_wconf 88' lang='lat' dir='ltr'>lV.</span> <span class='ocrx_word' id='word_1_310' title='bbox 458 4482 540 4539; x_wconf 74' lang='lat' dir='ltr'>pagg.</span> <span class='ocrx_word' id='word_1_311' title='bbox 562 4465 629 4523; x_wconf 78' lang='lat'><strong>286.</strong></span> <span class='ocrx_word' id='word_1_312' title='bbox 649 4482 724 4540; x_wconf 86' lang='lat' dir='ltr'>seqq.</span> <span class='ocrx_word' id='word_1_313' title='bbox 872 4467 978 4541; x_wconf 77' lang='lat' dir='ltr'>versio3</span> <span class='ocrx_word' id='word_1_314' title='bbox 1003 4482 1035 4522; x_wconf 87' lang='lat' dir='ltr'>ea</span> <span class='ocrx_word' id='word_1_315' title='bbox 1061 4484 1114 4524; x_wconf 90' lang='lat' dir='ltr'>non</span> <span class='ocrx_word' id='word_1_316' title='bbox 1139 4469 1270 4541; x_wconf 86' lang='lat' dir='ltr'>pertinere</span> <span class='ocrx_word' id='word_1_317' title='bbox 1298 4464 1332 4523; x_wconf 89' lang='lat' dir='ltr'>ad</span> <span class='ocrx_word' id='word_1_318' title='bbox 1359 4464 1453 4538; x_wconf 86' lang='lat' dir='ltr'>iidem,</span> <span class='ocrx_word' id='word_1_319' title='bbox 1481 4464 1534 4520; x_wconf 90' lang='lat' dir='ltr'>hoc</span> 
     </span>
    </p>

    <p class='ocr_par' dir='ltr' id='par_1_7' title="bbox 162 4568 1535 5077">
     <span class='ocr_line' id='line_1_35' title="bbox 228 4568 1532 4649; baseline -0.005 -18"><span class='ocrx_word' id='word_1_320' title='bbox 228 4573 253 4649; x_wconf 84' lang='lat'>¹)</span> <span class='ocrx_word' id='word_1_321' title='bbox 276 4573 332 4631; x_wconf 85' lang='lat' dir='ltr'>Lib.</span> <span class='ocrx_word' id='word_1_322' title='bbox 365 4573 400 4629; x_wconf 85' lang='lat' dir='ltr'>V.</span> <span class='ocrx_word' id='word_1_323' title='bbox 436 4588 495 4646; x_wconf 89' lang='lat' dir='ltr'>cap.</span> <span class='ocrx_word' id='word_1_324' title='bbox 523 4572 556 4629; x_wconf 84' lang='lat' dir='ltr'>V.</span> <span class='ocrx_word' id='word_1_325' title='bbox 590 4591 615 4645; x_wconf 90' lang='lat' dir='ltr'>q.</span> <span class='ocrx_word' id='word_1_326' title='bbox 650 4572 695 4629; x_wconf 86' lang='lat' dir='ltr'>lv.</span> <span class='ocrx_word' id='word_1_327' title='bbox 728 4572 822 4628; x_wconf 82' lang='lat' dir='ltr'>tradit:</span> <span class='ocrx_word' id='word_1_328' title='bbox 873 4579 929 4647; x_wconf 87' lang='lat' dir='ltr'>est,</span> <span class='ocrx_word' id='word_1_329' title='bbox 959 4588 1013 4630; x_wconf 88' lang='lat' dir='ltr'>uon</span> <span class='ocrx_word' id='word_1_330' title='bbox 1045 4590 1106 4630; x_wconf 88' lang='lat' dir='ltr'>csse</span> <span class='ocrx_word' id='word_1_331' title='bbox 1136 4573 1283 4630; x_wconf 88' lang='lat' dir='ltr'>catholicae</span> <span class='ocrx_word' id='word_1_332' title='bbox 1316 4571 1378 4628; x_wconf 88' lang='lat' dir='ltr'>fldei</span> <span class='ocrx_word' id='word_1_333' title='bbox 1403 4568 1532 4627; x_wconf 84' lang='lat' dir='ltr'>iudicia.“</span> 
     </span>
     <span class='ocr_line' id='line_1_36' title="bbox 162 4677 1535 4755; baseline -0.001 -19"><span class='ocrx_word' id='word_1_334' title='bbox 162 4682 257 4755; x_wconf 78' lang='lat' dir='ltr'>„Quae</span> <span class='ocrx_word' id='word_1_335' title='bbox 283 4681 310 4737; x_wconf 89' lang='lat' dir='ltr'>in</span> <span class='ocrx_word' id='word_1_336' title='bbox 330 4678 509 4736; x_wconf 81' lang='lat' dir='ltr'>conciliorum</span> <span class='ocrx_word' id='word_1_337' title='bbox 535 4679 577 4735; x_wconf 81' lang='lat' dir='ltr'>ael</span> <span class='ocrx_word' id='word_1_338' title='bbox 604 4678 757 4735; x_wconf 83' lang='lat' dir='ltr'>Pontificum</span> <span class='ocrx_word' id='word_1_339' title='bbox 777 4679 823 4736; x_wconf 90' lang='lat' dir='ltr'>de·</span> <span class='ocrx_word' id='word_1_340' title='bbox 872 4680 910 4736; x_wconf 82' lang='lat' dir='ltr'>m</span> <span class='ocrx_word' id='word_1_341' title='bbox 937 4695 1002 4736; x_wconf 80' lang='lat' dir='ltr'>vero</span> <span class='ocrx_word' id='word_1_342' title='bbox 1028 4679 1107 4737; x_wconf 88' lang='lat' dir='ltr'>docet</span> <span class='ocrx_word' id='word_1_343' title='bbox 1131 4696 1165 4736; x_wconf 88' lang='lat' dir='ltr'>ne</span> <span class='ocrx_word' id='word_1_344' title='bbox 1192 4680 1295 4752; x_wconf 81' lang='lat' dir='ltr'>cmm,</span> <span class='ocrx_word' id='word_1_345' title='bbox 1323 4678 1357 4734; x_wconf 91' lang='lat' dir='ltr'>ad</span> <span class='ocrx_word' id='word_1_346' title='bbox 1382 4677 1459 4734; x_wconf 87' lang='lat' dir='ltr'>tidem</span> <span class='ocrx_word' id='word_1_347' title='bbox 1480 4692 1535 4734; x_wconf 90' lang='lat' dir='ltr'>non</span> 
     </span>
     <span class='ocr_line' id='line_1_37' title="bbox 162 4784 1532 4861; baseline -0.002 -19"><span class='ocrx_word' id='word_1_348' title='bbox 162 4787 251 4861; x_wconf 89' lang='lat' dir='ltr'>cretis,</span> <span class='ocrx_word' id='word_1_349' title='bbox 271 4787 312 4842; x_wconf 79' lang='lat' dir='ltr'>vel</span> <span class='ocrx_word' id='word_1_350' title='bbox 325 4786 473 4859; x_wconf 87' lang='lat' dir='ltr'>explicandi</span> <span class='ocrx_word' id='word_1_351' title='bbox 494 4785 581 4858; x_wconf 73' lang='lat' dir='ltr'>prolia</span> <span class='ocrx_word' id='word_1_352' title='bbox 598 4785 760 4860; x_wconf 88' lang='lat' dir='ltr'>inducuntur,</span> <span class='ocrx_word' id='word_1_353' title='bbox 780 4787 823 4842; x_wconf 84' lang='lat' dir='ltr'>vel</span> <span class='ocrx_word' id='word_1_354' title='bbox 871 4787 1003 4859; x_wconf 86' lang='lat' dir='ltr'>pertinere</span> <span class='ocrx_word' id='word_1_355' title='bbox 1029 4802 1088 4842; x_wconf 86' lang='lat' dir='ltr'>eam</span> <span class='ocrx_word' id='word_1_356' title='bbox 1114 4785 1257 4841; x_wconf 89' lang='lat' dir='ltr'>bibliorum</span> <span class='ocrx_word' id='word_1_357' title='bbox 1278 4784 1532 4857; x_wconf 84' lang='lat' dir='ltr'>interpretationem,</span> 
     </span>
     <span class='ocr_line' id='line_1_38' title="bbox 163 4889 1535 4967; baseline -0.002 -17"><span class='ocrx_word' id='word_1_358' title='bbox 163 4900 191 4950; x_wconf 89' lang='lat' dir='ltr'>nt</span> <span class='ocrx_word' id='word_1_359' title='bbox 210 4891 356 4950; x_wconf 90' lang='lat' dir='ltr'>obiectioni</span> <span class='ocrx_word' id='word_1_360' title='bbox 370 4893 569 4967; x_wconf 85' lang='lat' dir='ltr'>respondeatur,</span> <span class='ocrx_word' id='word_1_361' title='bbox 589 4894 633 4955; x_wconf 81' lang='lat' dir='ltr'>vel</span> <span class='ocrx_word' id='word_1_362' title='bbox 645 4894 725 4953; x_wconf 83' lang='lat' dir='ltr'>etlam</span> <span class='ocrx_word' id='word_1_363' title='bbox 736 4894 822 4953; x_wconf 89' lang='lat' dir='ltr'>obiter</span> <span class='ocrx_word' id='word_1_364' title='bbox 871 4908 949 4965; x_wconf 72' lang='lat' dir='ltr'>mam</span> <span class='ocrx_word' id='word_1_365' title='bbox 969 4892 1086 4950; x_wconf 60' lang='lat' dir='ltr'>woclin</span> <span class='ocrx_word' id='word_1_366' title='bbox 1106 4898 1134 4947; x_wconf 89' lang='lat' dir='ltr'>et</span> <span class='ocrx_word' id='word_1_367' title='bbox 1153 4889 1292 4948; x_wconf 79' lang='lat' dir='ltr'>rontmma</span> <span class='ocrx_word' id='word_1_368' title='bbox 1311 4906 1365 4949; x_wconf 90' lang='lat' dir='ltr'>non</span> <span class='ocrx_word' id='word_1_369' title='bbox 1382 4896 1436 4947; x_wconf 92' lang='lat' dir='ltr'>tum</span> <span class='ocrx_word' id='word_1_370' title='bbox 1451 4889 1535 4947; x_wconf 84' lang='lat' dir='ltr'>edum</span> 
     </span>
     <span class='ocr_line' id='line_1_39' title="bbox 163 4995 1533 5077; baseline -0.004 -19"><span class='ocrx_word' id='word_1_371' title='bbox 163 5006 191 5059; x_wconf 86' lang='lat' dir='ltr'>et</span> <span class='ocrx_word' id='word_1_372' title='bbox 208 5000 236 5059; x_wconf 85' lang='lat' dir='ltr'>tu</span> <span class='ocrx_word' id='word_1_373' title='bbox 256 5006 407 5061; x_wconf 78' lang='lat' dir='ltr'>bamoorau</span> <span class='ocrx_word' id='word_1_374' title='bbox 429 5007 534 5074; x_wconf 86' lang='lat' dir='ltr'>praeter</span> <span class='ocrx_word' id='word_1_375' title='bbox 553 5002 698 5063; x_wconf 87' lang='lat' dir='ltr'>institutam</span> <span class='ocrx_word' id='word_1_376' title='bbox 718 5001 822 5077; x_wconf 87' lang='lat' dir='ltr'>praeci·</span> <span class='ocrx_word' id='word_1_377' title='bbox 870 4998 971 5074; x_wconf 83' lang='lat' dir='ltr'>solon,</span> <span class='ocrx_word' id='word_1_378' title='bbox 997 5014 1075 5072; x_wconf 86' lang='lat' dir='ltr'>quom</span> <span class='ocrx_word' id='word_1_379' title='bbox 1095 4997 1213 5069; x_wconf 67' lang='lat' dir='ltr'>meacm,</span> <span class='ocrx_word' id='word_1_380' title='bbox 1238 4998 1421 5071; x_wconf 82' lang='lat' dir='ltr'>expressisque</span> <span class='ocrx_word' id='word_1_381' title='bbox 1440 4995 1533 5054; x_wconf 79' lang='lat' dir='ltr'>rubis</span> 
     </span>
    </p>
   </div>
   <div class='ocr_carea' id='block_1_7' title="bbox 0 0 1639 5412">
    <p class='ocr_par' dir='ltr' id='par_1_8' title="bbox 0 0 1639 5412">
     <span class='ocr_line' id='line_1_40' title="bbox 0 0 1639 5412; baseline 0 0"><span class='ocrx_word' id='word_1_382' title='bbox 0 0 1639 5412; x_wconf 95' lang='lat' dir='ltr'> </span> 
     </span>
    </p>
   </div>
  </div>
 </body>
</html>
