3300 5402
662 206 808 275 CAPUT
829 208 868 273 ll.
1392 206 1451 271 att

75 381 132 443 rim
158 378 334 462 probationis
362 375 498 458 inlringi,
534 393 633 458 neque
659 376 736 441 illius
766 394 938 460 germanam
966 378 1170 459 sinceramque
1198 377 1375 441 audentiam
1404 383 1454 439 aut

76 490 201 553 imminui
225 495 272 551 aut
291 486 410 568 delam
437 485 493 549 sed
518 484 665 549 delecnrm
687 486 836 550 damiam
855 486 1005 549 hominum
1025 488 1185 569 vitiumque
1206 484 1346 569 patelieri.

178 604 225 660 ³5.
266 597 365 671 Quare
385 597 476 660 mnus
498 592 589 659 multo
608 594 704 674 luerit,
725 594 821 678 aliqua
841 597 929 658 tertio
950 595 1017 659 loeo
1038 603 1129 682 aqna
1149 613 1326 680 proponere,
1348 594 1453 679 quibus

78 704 498 787 cenomannenses
521 706 710 783 decernatur,
740 726 894 785 moenam
915 712 1177 786 interpretationis
1207 705 1381 769 decoriter
1411 704 1455 768 od

75 814 128 880 doe
146 817 224 896 qnod
247 821 465 880 normam
492 836 591 900 penna
621 823 760 878 revocari
792 814 911 879 &drot
954 814 991 878 Et
1014 817 1157 900 principio
1184 815 1303 897 quidem
1330 821 1454 899 atym

75 926 155 991 nobis
177 945 246 990 csse
265 928 384 1008 poterit,
412 928 437 988 si
459 926 766 1006 animadvertemus,
795 943 855 988 non
873 924 1029 1007 tranquille
1053 943 1089 988 ac
1109 932 1228 1007 pacate,
1256 924 1310 988 sed
1332 931 1453 989 conten·

73 1036 153 1115 nese,
174 1054 274 1117 neque
295 1037 360 1098 sine
380 1037 484 1117 iurgiis
504 1039 532 1125 *ι*
563 1035 752 1116 dicteriisque
773 1035 1041 1116 interpretationem
1069 1033 1179 1097 haberi.
1222 1033 1269 1095 Ab
1292 1033 1351 1096 hoc
1374 1035 1452 1096 enim

72 1146 198 1227 strepitu,
220 1152 309 1226 atque
332 1145 368 1207 ab
390 1143 446 1207 linc
467 1146 630 1208 animorum
653 1144 847 1207 concitatione
878 1145 983 1207 mirum
1004 1151 1186 1226 quantopere
1207 1143 1365 1207 abhorreat
1386 1143 1455 1206 lier-

73 1255 233 1318 meneutica
255 1253 417 1334 disciplina,
439 1253 507 1317 durn
528 1254 661 1328 candide,
683 1272 719 1316 ac
741 1273 779 1317 ex
800 1270 901 1317 amore
930 1254 1058 1316 veritatis
1079 1252 1231 1316 excolitur.
1278 1252 1356 1316 Nitnl
1376 1254 1455 1316 enirn

72 1371 115 1425 est
136 1382 170 1426 ea
191 1363 333 1439 sedatius,
355 1361 535 1443 uunqultus
550 1362 629 1439 nihil,
653 1381 689 1425 ac
710 1363 780 1426 nihil
796 1346 875 1445 quod
896 1367 991 1445 magis
1008 1364 1136 1425 animuin
1151 1364 1291 1426 intentum
1316 1361 1454 1444 postidet,

71 1461 395 1555 pnnumuombusque
415 1471 549 1536 solutam.

174 1582 251 1646 linic
265 1589 423 1665 cognanum
437 1580 610 1644 habebimus
623 1589 757 1666 ιῳιιιιιι,
778 1583 804 1645 si
819 1582 895 1645 torte
909 1584 1090 1663 noverimus,
1111 1582 1201 1647 multo
1215 1602 1285 1648 esse
1303 1583 1453 1648 sollicitio-

72 1711 119 1756 res
142 1695 377 1775 interpretasse
398 1698 535 1771 opposito
556 1690 684 1756 eludant
707 1690 932 1774 resonantque,
965 1711 1052 1775 quam
1073 1700 1105 1755 ut
1125 1694 1240 1774 propria
1263 1700 1388 1756 statuant
1418 1712 1454 1756 ac

71 1802 280 1867 demonstrent
322 1800 431 1865 Nescio
454 1803 533 1864 enim
555 1820 614 1884 quo
636 1810 722 1884 pacto
742 1804 911 1881 usuveniat,
942 1801 1021 1885 quod
1050 1809 1148 1865 tamen
1170 1803 1327 1865 usuvenire
1348 1820 1452 1865 omnes

70 1910 209 1994 lemnum,
241 1919 273 1975 ut
301 1913 330 1973 in
362 1910 467 1975 sienis
494 1910 654 1975 refutandis
681 1929 740 1974 non
767 1919 824 1975 tam
856 1919 1013 1994 quaeretur
1043 1911 1122 1994 quod
1148 1929 1250 1974 verum
1279 1919 1340 1990 est,
1367 1930 1453 1994 quam

70 2020 145 2103 quod
178 2019 327 2103 prodesse
353 2038 477 2083 caussae
498 2028 655 2102 utcumque
682 2027 797 2102 potest:
833 2038 892 2083 non
921 2028 980 2083 tam
1007 2029 1164 2103 quaeratur
1188 2022 1317 2085 veritatis
1348 2039 1454 2085 conse-

69 2132 181 2212 quutio,
207 2147 297 2211 qinom
319 2128 382 2191 leus
402 2128 549 2211 profligati
570 2129 662 2192 hostis
684 2137 714 2192 et
733 2130 868 2211 palma‘·
889 2131 1039 2195 victoriae.

171 2239 298 2303 Accedit
318 2246 349 2301 et
369 2245 502 2320 tertium,
525 2240 603 2321 quod
625 2246 685 2302 tum
706 2238 791 2302 nobis
812 2246 931 2321 praesto
953 2242 1008 2304 erit
1031 2259 1118 2323 quum
1141 2239 1389 2320 intellexerimus,
1417 2260 1454 2304 eo

69 2357 202 2432 sperans
216 2352 404 2431 interpretes,
426 2357 458 2412 ut
479 2348 517 2411 ed
537 2356 725 2431 praeceptum
746 2351 844 2412 animo
866 2348 974 2430 dogma
996 2340 1265 2432 interpretationem
1287 2351 1380 2432 ipsam
1401 2351 1453 2414 ile-

69 2468 192 2524 otantac
209 2466 384 2541 temperent
427 2457 508 2522 llaec
522 2460 600 2521 enim
622 2459 778 2522 enmrandi
798 2459 874 2522 ratio
889 2461 917 2494 ⁴⁸
940 2459 1188 2540 periculosissima
1204 2467 1258 2540 est,
1281 2476 1379 2542 eoque
1399 2479 1454 2525 suo

71 2566 158 2633 iartor
177 2569 323 2653 pondere,
345 2574 457 2630 utnon
478 2586 496 2629 a
517 2566 613 2631 bibliis
635 2569 796 2652 prolitenda
825 2567 899 2632 tides
921 2567 1077 2649 adunatur,
1106 2569 1160 2631 sed
1183 2568 1256 2632 tides
1278 2570 1335 2633 iam
1356 2571 1454 2633 animo

73 2678 223 2743 informate
251 2677 347 2740 bibliis
368 2679 441 2759 ipsis
466 2677 656 2742 sumniam.

173 2789 250 2852 Turn
271 2806 341 2851 essu
361 2794 485 2870 sipnara
504 2789 620 2869 peterit,
643 2790 667 2852 si
688 2806 747 2851 non
770 2807 973 2871 quaecumque
1002 2790 1099 2852 omnia
1121 2789 1157 2853 ad
1179 2807 1314 2853 caussam
1336 2790 1453 2868 iaciunt,

70 2917 162 2980 eaque
188 2898 315 2961 dextere
337 2896 532 2979 sollerterque
553 2899 584 2960 in
604 2915 692 2961 unam
715 2897 838 2961 collecta
860 2917 1013 2978 summurn,
1036 2898 1091 2961 sed
1113 2898 1228 2980 singula
1253 2916 1397 2979 seorsum,
1420 2916 1455 2960 uc

70 3007 212 3090 discerpta
243 3009 332 3070 ueluti
361 3007 492 3070 membra
520 3010 664 3088 interpres
693 3008 839 3090 expendat
870 3016 957 3091 atque
987 3008 1161 3072 consideret.
1206 3009 1260 3081 Qui
1289 3010 1367 3072 enim
1396 3008 1454 3070 liae

70 3126 151 3197 pacto
171 3118 405 3198 interpretationi
433 3116 563 3197 student,
591 3114 621 3179 hi
649 3136 683 3179 se
710 3116 944 3199 splendidissimo
973 3117 1142 3181 harmoniae
1171 3119 1454 3199 conspirationisque

69 3215 319 3309 lumine'privunt,
341 3225 467 3308 illosque
487 3228 593 3289 imitari
614 3226 765 3307 videntur,
787 3228 836 3307 qui
858 3227 895 3290 de
924 3229 1025 3308 specie
1052 3227 1204 3309 formaque
1227 3226 1353 3289 hominis
1381 3226 1455 3289 iudi-

69 3340 159 3400 caturi
181 3355 244 3399 non
266 3343 368 3398 mutuo
389 3335 584 3400 cohaerentes
606 3344 706 3418 partes
726 3337 919 3417 inspicerent,
948 3335 1003 3399 sed
1024 3336 1158 3418 capillos,
1181 3355 1314 3419 ungues,
1336 3335 1453 3418 digitos,

69 3445 159 3509 latera
181 3445 298 3508 divisim
320 3444 596 3527 contemplarentur,

173 3553 283 3635 lisque
301 3553 372 3617 illud
393 3554 487 3618 lenius
513 3573 585 3619 sane
610 3555 772 3635 indicarat,
802 3557 829 3619 si
856 3556 985 3637 quoted
1013 3574 1146 3619 caussam
1172 3556 1320 3636 pertinent
1348 3563 1454 3636 textus,

67 3670 108 3727 tot
121 3664 259 3741 liversis,
275 3662 443 3746 (limiu’sqrc
458 3666 676 3728 commentariis
688 3665 862 3746 explanandi
878 3667 944 3728 sint
989 3665 1050 3729 Sibi
1065 3682 1192 3746 namque
1207 3666 1316 3727 nerins
1330 3672 1453 3746 constat

133 3873 179 3950 Η)
211 3874 269 3931 llisi
296 3879 370 3930 totus
394 3874 487 3948 iader,
516 3875 658 3932 discrimen
685 3890 738 3932 nos
789 3881 887 3949 tatem,
916 3876 977 3932 dnm
1003 3876 1138 3932 ardentius
1159 3876 1318 3949 adstruitur,
1346 3882 1455 3932 conten-

70 3981 195 4037 utum
214 3994 264 4035 eoa
283 3981 352 4037 luter
372 3980 418 4052 qni
438 3981 559 4054 raritati,
580 3983 678 4054 quique
698 3996 740 4037 er-
789 3983 942 4054 lienemque
963 3981 1108 4056 impedire,
1135 3982 1277 4054 quonium
1302 3981 1372 4053 quod
1401 3998 1457 4038 me-

71 4088 128 4143 reri
149 4086 365 4160 pnoeiaantur,
390 4086 444 4142 hoc
464 4094 519 4159 est,
545 4089 617 4159 quod
637 4089 676 4145 illi
697 4105 740 4144 ra·
789 4090 863 4145 diam
882 4094 925 4144 est
945 4104 977 4143 ac
996 4094 1110 4159 rectum,
1132 4094 1287 4143 constanter
1304 4094 1434 4144 necatur.

70 4195 179 4250 tissime
206 4192 382 4267 incalescunt,
411 4193 517 4266 sibique
543 4194 651 4250 duriora
679 4209 740 4267 per·
852 4192 897 4268 ⁴⁸)
929 4192 1010 4249 Cuius
1031 4194 1142 4268 periculi
1163 4201 1205 4251 tot
1224 4200 1347 4267 prostant
1366 4211 1457 4251 exem·

71 4302 197 4374 mittant,
223 4301 249 4357 lui
271 4306 364 4357 conae
384 4306 412 4355 et
432 4305 554 4358 aestuant
580 4301 739 4374 lrsqnemer,
790 4299 849 4373 pla,
876 4305 943 4370 quot
960 4302 1085 4356 novimus
1106 4302 1315 4357 commentnrios
1343 4301 1457 4358 haereti·

72 4412 102 4462 et
119 4407 286 4479 neqrmttm
304 4408 385 4463 etiam
405 4407 598 4462 conviciantur.
633 4405 742 4461 indoles
790 4420 897 4477 corum,
918 4407 962 4477 qui
983 4412 1013 4462 nt
1033 4406 1148 4462 llllarina
1168 4406 1286 4478 loquitur
1306 4407 1340 4463 de
1362 4406 1457 4464 Trinlt.

71 4512 178 4569 seilicet
203 4512 390 4585 ingeniumque
416 4528 528 4568 mussas
555 4527 622 4584 quae
649 4511 741 4567 deicu-
789 4511 836 4567 tii.
851 4511 897 4568 Vl.
918 4529 944 4568 ιι.
960 4512 1008 4586 37,
1029 4515 1085 4569 cart
1104 4513 1225 4583 offerant
1245 4514 1328 4569 dietis
1346 4512 1456 4588 glorio-

72 4617 154 4691 ditur,
177 4619 204 4674 in
223 4619 283 4692 ipsa
303 4619 460 4677 detersione
481 4623 591 4691 apparet
612 4633 643 4672 ac
657 4622 739 4672 extat
789 4620 846 4689 ais,
877 4634 909 4674 aa
934 4625 963 4675 ut
989 4619 1114 4675 lnnasm
1140 4619 1232 4676 snbdit
1259 4634 1318 4675 eon.
1346 4618 1456 4676 llaeres.

73 4722 113 4781 Gi.
132 4723 177 4781 lle
195 4724 312 4798 liristre,
331 4725 373 4783 ltu
389 4725 469 4799 laps,
490 4723 547 4780 liv.
561 4722 582 4780 l.
603 4723 679 4796 clap.
693 4721 739 4777 Ν.
789 4724 836 4780 nn.
851 4724 884 4780 v.
899 4742 957 4797 cap.
973 4724 1042 4781 lllll.
1056 4742 1082 4781 u.
1098 4729 1125 4800 5,
1146 4734 1282 4801 capanna
1294 4725 1366 4782 liaeo
1379 4733 1458 4781 tortio

135 4830 183 4905 ⁴⁸)
203 4830 271 4889 lllnc
289 4831 353 4888 lllnd
373 4832 470 4888 oriris
489 4828 665 4903 prudentibus
686 4829 743 4885 ani·
790 4831 863 4888 noia
882 4833 1078 4904 interpretari,
1104 4834 1153 4905 qni
1171 4850 1255 4889 mean
1275 4832 1371 4887 notatu
1390 4830 1459 4886 lene

74 4934 252 5010 madvereum,
274 4938 358 5010 ipsam
380 4952 487 5009 quoqne
504 4935 650 5007 periclitari
671 4935 743 4990 reri·
790 4937 952 5013 muldam.

1155 5041 1244 5114 24*
