<?xml version="1.0" encoding="UTF-8"?>
<!DOCTYPE html PUBLIC "-//W3C//DTD XHTML 1.0 Transitional//EN"
    "http://www.w3.org/TR/xhtml1/DTD/xhtml1-transitional.dtd">
<html xmlns="http://www.w3.org/1999/xhtml" xml:lang="en" lang="en">
 <head>
  <title>
</title>
<meta http-equiv="Content-Type" content="text/html;charset=utf-8" />
  <meta name='ocr-system' content='tesseract 3.04.00' />
  <meta name='ocr-capabilities' content='ocr_page ocr_carea ocr_par ocr_line ocrx_word'/>
</head>
<body>
  <div class='ocr_page' id='page_1' title='image "./commentariusdep00passgoog_0072.png"; bbox 0 0 3266 5416; ppageno 0'>
   <div class='ocr_carea' id='block_1_1' title="bbox 680 650 1083 747">
    <p class='ocr_par' dir='ltr' id='par_1_1' title="bbox 680 650 1083 747">
     <span class='ocr_line' id='line_1_1' title="bbox 680 650 1083 747; baseline 0 -2"><span class='ocrx_word' id='word_1_1' title='bbox 680 650 1083 747; x_wconf 83' lang='lat' dir='ltr'>IIII&#39;IIIII.</span> 
     </span>
    </p>
   </div>
   <div class='ocr_carea' id='block_1_2' title="bbox 406 854 1570 1382">
    <p class='ocr_par' dir='ltr' id='par_1_2' title="bbox 406 854 1570 1382">
     <span class='ocr_line' id='line_1_2' title="bbox 515 854 1566 938; baseline 0 -18"><span class='ocrx_word' id='word_1_2' title='bbox 515 855 695 921; x_wconf 69' lang='lat' dir='ltr'><strong>cardinatis</strong></span> <span class='ocrx_word' id='word_1_3' title='bbox 714 854 844 922; x_wconf 78' lang='lat' dir='ltr'><strong>Barmrtt</strong></span> <span class='ocrx_word' id='word_1_4' title='bbox 863 859 1011 922; x_wconf 79' lang='lat' dir='ltr'><strong>iadtcium</strong></span> <span class='ocrx_word' id='word_1_5' title='bbox 1030 858 1069 926; x_wconf 86' lang='lat' dir='ltr'><strong>dc</strong></span> <span class='ocrx_word' id='word_1_6' title='bbox 1083 880 1121 921; x_wconf 83' lang='lat' dir='ltr'><strong>aa</strong></span> <span class='ocrx_word' id='word_1_7' title='bbox 1138 865 1274 921; x_wconf 82' lang='lat' dir='ltr'><strong>aeternas</strong></span> <span class='ocrx_word' id='word_1_8' title='bbox 1289 856 1410 938; x_wconf 72' lang='lat' dir='ltr'><strong>abouot</strong></span> <span class='ocrx_word' id='word_1_9' title='bbox 1432 862 1566 938; x_wconf 61' lang='lat' dir='ltr'><strong>opnione,</strong></span> 
     </span>
     <span class='ocr_line' id='line_1_3' title="bbox 408 963 1570 1056; baseline 0.003 -28"><span class='ocrx_word' id='word_1_10' title='bbox 408 972 461 1046; x_wconf 76' lang='lat' dir='ltr'><strong>aui</strong></span> <span class='ocrx_word' id='word_1_11' title='bbox 474 963 598 1050; x_wconf 79' lang='grc' dir='ltr'><em>Κηφᾶν</em></span> <span class='ocrx_word' id='word_1_12' title='bbox 617 964 682 1030; x_wconf 78' lang='grc' dir='ltr'><strong>ἀπὸ</strong></span> <span class='ocrx_word' id='word_1_13' title='bbox 693 969 746 1045; x_wconf 79' lang='grc' dir='ltr'><strong>τῆς</strong></span> <span class='ocrx_word' id='word_1_14' title='bbox 763 967 902 1056; x_wconf 75' lang='grc' dir='ltr'><strong><em>κεφαλῆς</em></strong></span> <span class='ocrx_word' id='word_1_15' title='bbox 922 965 1089 1051; x_wconf 67' lang='lat' dir='ltr'><strong>mlleataac</strong></span> <span class='ocrx_word' id='word_1_16' title='bbox 1102 966 1260 1031; x_wconf 65' lang='lat' dir='ltr'><strong>eamear:</strong></span> <span class='ocrx_word' id='word_1_17' title='bbox 1281 1001 1323 1013; x_wconf 93' lang='lat'>—</span> <span class='ocrx_word' id='word_1_18' title='bbox 1340 974 1570 1049; x_wconf 66' lang='lat' dir='ltr'><strong>protestantium</strong></span> 
     </span>
     <span class='ocr_line' id='line_1_4' title="bbox 408 1073 1568 1161; baseline 0.001 -23"><span class='ocrx_word' id='word_1_19' title='bbox 408 1074 645 1140; x_wconf 68' lang='lat' dir='ltr'><em>declamationes</em></span> <span class='ocrx_word' id='word_1_20' title='bbox 665 1098 704 1141; x_wconf 87' lang='lat' dir='ltr'><strong>aa</strong></span> <span class='ocrx_word' id='word_1_21' title='bbox 724 1077 916 1161; x_wconf 72' lang='lat' dir='ltr'><strong>tragoediae.-</strong></span> <span class='ocrx_word' id='word_1_22' title='bbox 936 1113 976 1125; x_wconf 91' lang='lat'><em>-</em></span> <span class='ocrx_word' id='word_1_23' title='bbox 997 1084 1215 1153; x_wconf 69' lang='lat' dir='ltr'><strong>comitantur,</strong></span> <span class='ocrx_word' id='word_1_24' title='bbox 1247 1085 1275 1140; x_wconf 89' lang='lat' dir='ltr'><strong>et</strong></span> <span class='ocrx_word' id='word_1_25' title='bbox 1296 1085 1452 1159; x_wconf 66' lang='lat' dir='ltr'><strong>mantum</strong></span> <span class='ocrx_word' id='word_1_26' title='bbox 1473 1075 1518 1140; x_wconf 81' lang='lat' dir='ltr'><strong>illi</strong></span> <span class='ocrx_word' id='word_1_27' title='bbox 1536 1073 1568 1139; x_wconf 78' lang='lat' dir='ltr'><strong>ab</strong></span> 
     </span>
     <span class='ocr_line' id='line_1_5' title="bbox 406 1184 1570 1267; baseline 0.001 -20"><span class='ocrx_word' id='word_1_28' title='bbox 406 1191 603 1265; x_wconf 52' lang='lat' dir='ltr'><strong>arrianorum</strong></span> <span class='ocrx_word' id='word_1_29' title='bbox 631 1195 732 1251; x_wconf 86' lang='lat' dir='ltr'><strong>mente</strong></span> <span class='ocrx_word' id='word_1_30' title='bbox 758 1186 949 1265; x_wconf 77' lang='lat' dir='ltr'><strong>obmortnt,</strong></span> <span class='ocrx_word' id='word_1_31' title='bbox 982 1187 1169 1251; x_wconf 75' lang='lat' dir='ltr'><strong>ostenditur.-</strong></span> <span class='ocrx_word' id='word_1_32' title='bbox 1195 1226 1235 1235; x_wconf 88' lang='lat'>—</span> <span class='ocrx_word' id='word_1_33' title='bbox 1261 1185 1409 1267; x_wconf 68' lang='lat' dir='ltr'><strong>wcmpIa</strong></span> <span class='ocrx_word' id='word_1_34' title='bbox 1431 1207 1513 1267; x_wconf 79' lang='lat' dir='ltr'><strong>quac</strong></span> <span class='ocrx_word' id='word_1_35' title='bbox 1536 1184 1570 1248; x_wconf 78' lang='lat' dir='ltr'><strong>ad</strong></span> 
     </span>
     <span class='ocr_line' id='line_1_6' title="bbox 409 1292 1548 1382; baseline -0.001 -26"><span class='ocrx_word' id='word_1_36' title='bbox 409 1315 473 1357; x_wconf 86' lang='lat' dir='ltr'><strong>rem</strong></span> <span class='ocrx_word' id='word_1_37' title='bbox 491 1292 635 1382; x_wconf 63' lang='lat' dir='ltr'><strong>[mosaic</strong></span> <span class='ocrx_word' id='word_1_38' title='bbox 659 1332 693 1344; x_wconf 92' lang='lat'><em>-</em></span> <span class='ocrx_word' id='word_1_39' title='bbox 718 1292 810 1361; x_wconf 82' lang='lat' dir='ltr'><strong>Petri</strong></span> <span class='ocrx_word' id='word_1_40' title='bbox 827 1294 940 1376; x_wconf 76' lang='grc' dir='ltr'><strong><em>ἐξοχή,</em></strong></span> <span class='ocrx_word' id='word_1_41' title='bbox 963 1304 992 1359; x_wconf 86' lang='lat' dir='ltr'><strong>et</strong></span> <span class='ocrx_word' id='word_1_42' title='bbox 1011 1303 1109 1377; x_wconf 83' lang='lat' dir='ltr'><strong>potior</strong></span> <span class='ocrx_word' id='word_1_43' title='bbox 1127 1303 1297 1360; x_wconf 80' lang='lat' dir='ltr'><strong>auctoritas</strong></span> <span class='ocrx_word' id='word_1_44' title='bbox 1318 1295 1548 1378; x_wconf 72' lang='lat' dir='ltr'><strong>confirmantur.</strong></span> 
     </span>
    </p>
   </div>
   <div class='ocr_carea' id='block_1_3' title="bbox 191 1572 1625 4500">
    <p class='ocr_par' dir='ltr' id='par_1_3' title="bbox 191 1572 1570 3955">
     <span class='ocr_line' id='line_1_7' title="bbox 301 1572 1570 1659; baseline 0.002 -25"><span class='ocrx_word' id='word_1_45' title='bbox 301 1578 351 1635; x_wconf 79' lang='grc'><strong>38.</strong></span> <span class='ocrx_word' id='word_1_46' title='bbox 427 1572 496 1637; x_wconf 87' lang='lat' dir='ltr'><strong>olim</strong></span> <span class='ocrx_word' id='word_1_47' title='bbox 520 1573 597 1638; x_wconf 89' lang='lat' dir='ltr'><strong>banc</strong></span> <span class='ocrx_word' id='word_1_48' title='bbox 623 1574 661 1638; x_wconf 91' lang='lat' dir='ltr'><strong>de</strong></span> <span class='ocrx_word' id='word_1_49' title='bbox 688 1576 806 1659; x_wconf 85' lang='lat' dir='ltr'><strong>Cephae</strong></span> <span class='ocrx_word' id='word_1_50' title='bbox 826 1576 945 1639; x_wconf 89' lang='lat' dir='ltr'><strong>nomine</strong></span> <span class='ocrx_word' id='word_1_51' title='bbox 967 1575 1168 1638; x_wconf 78' lang='lat' dir='ltr'><strong>tractationem</strong></span> <span class='ocrx_word' id='word_1_52' title='bbox 1188 1576 1268 1656; x_wconf 89' lang='lat' dir='ltr'><strong>prius</strong></span> <span class='ocrx_word' id='word_1_53' title='bbox 1297 1575 1463 1653; x_wconf 82' lang='lat' dir='ltr'><strong>dimittere,</strong></span> <span class='ocrx_word' id='word_1_54' title='bbox 1496 1590 1570 1654; x_wconf 69' lang='lat' dir='ltr'><strong>pau</strong></span> 
     </span>
     <span class='ocr_line' id='line_1_8' title="bbox 195 1683 1570 1767; baseline -0.001 -23"><span class='ocrx_word' id='word_1_55' title='bbox 195 1697 297 1744; x_wconf 90' lang='lat' dir='ltr'><strong>corum</strong></span> <span class='ocrx_word' id='word_1_56' title='bbox 326 1683 402 1746; x_wconf 83' lang='lat' dir='ltr'><strong>Inter</strong></span> <span class='ocrx_word' id='word_1_57' title='bbox 429 1692 547 1748; x_wconf 85' lang='lat' dir='ltr'><strong>veteres</strong></span> <span class='ocrx_word' id='word_1_58' title='bbox 575 1685 743 1766; x_wconf 84' lang='lat' dir='ltr'><strong>opinionem</strong></span> <span class='ocrx_word' id='word_1_59' title='bbox 772 1686 872 1767; x_wconf 90' lang='lat' dir='ltr'><strong>paucis</strong></span> <span class='ocrx_word' id='word_1_60' title='bbox 900 1683 1107 1766; x_wconf 86' lang='lat' dir='ltr'><strong>expenderim,</strong></span> <span class='ocrx_word' id='word_1_61' title='bbox 1134 1685 1184 1764; x_wconf 82' lang='lat' dir='ltr'><strong>qui</strong></span> <span class='ocrx_word' id='word_1_62' title='bbox 1213 1684 1266 1746; x_wconf 87' lang='lat' dir='ltr'><strong>visi</strong></span> <span class='ocrx_word' id='word_1_63' title='bbox 1294 1690 1361 1745; x_wconf 90' lang='lat' dir='ltr'><strong>sunt</strong></span> <span class='ocrx_word' id='word_1_64' title='bbox 1383 1683 1570 1756; x_wconf 78' lang='lat' dir='ltr'><strong>erdstimasse,</strong></span> 
     </span>
     <span class='ocr_line' id='line_1_9' title="bbox 194 1787 1568 1880; baseline -0.004 -26"><span class='ocrx_word' id='word_1_65' title='bbox 194 1787 323 1876; x_wconf 72' lang='grc' dir='ltr'><em>Κηφᾶν</em></span> <span class='ocrx_word' id='word_1_66' title='bbox 343 1812 412 1856; x_wconf 90' lang='lat' dir='ltr'><strong>esse</strong></span> <span class='ocrx_word' id='word_1_67' title='bbox 440 1811 582 1875; x_wconf 69' lang='lat' dir='ltr'><strong>mecum</strong></span> <span class='ocrx_word' id='word_1_68' title='bbox 609 1793 800 1874; x_wconf 83' lang='lat' dir='ltr'><strong>uocabulum,</strong></span> <span class='ocrx_word' id='word_1_69' title='bbox 829 1790 893 1858; x_wconf 75' lang='grc' dir='ltr'><strong>ἀπὸ</strong></span> <span class='ocrx_word' id='word_1_70' title='bbox 918 1795 971 1869; x_wconf 81' lang='grc' dir='ltr'><strong>τῆς</strong></span> <span class='ocrx_word' id='word_1_71' title='bbox 997 1791 1138 1880; x_wconf 79' lang='grc' dir='ltr'><em>κεφαλῆς</em></span> <span class='ocrx_word' id='word_1_72' title='bbox 1164 1790 1281 1854; x_wconf 76' lang='grc' dir='ltr'><strong>ἀυοῑυη]</strong></span> <span class='ocrx_word' id='word_1_73' title='bbox 1312 1799 1402 1873; x_wconf 87' lang='lat' dir='ltr'><strong>atque</strong></span> <span class='ocrx_word' id='word_1_74' title='bbox 1433 1791 1568 1854; x_wconf 76' lang='lat' dir='ltr'><strong>inflexum.</strong></span> 
     </span>
     <span class='ocr_line' id='line_1_10' title="bbox 194 1898 1570 1985; baseline -0.003 -24"><span class='ocrx_word' id='word_1_75' title='bbox 194 1899 238 1964; x_wconf 88' lang='lat' dir='ltr'><strong>De</strong></span> <span class='ocrx_word' id='word_1_76' title='bbox 258 1900 315 1965; x_wconf 88' lang='lat' dir='ltr'><strong>hac</strong></span> <span class='ocrx_word' id='word_1_77' title='bbox 337 1903 473 1985; x_wconf 86' lang='lat' dir='ltr'><strong>opInione</strong></span> <span class='ocrx_word' id='word_1_78' title='bbox 495 1902 612 1965; x_wconf 87' lang='lat' dir='ltr'><strong>disserit</strong></span> <span class='ocrx_word' id='word_1_79' title='bbox 631 1902 662 1964; x_wconf 89' lang='lat' dir='ltr'><strong>in</strong></span> <span class='ocrx_word' id='word_1_80' title='bbox 682 1902 864 1966; x_wconf 78' lang='lat' dir='ltr'><strong>Annalibus¹</strong></span> <span class='ocrx_word' id='word_1_81' title='bbox 898 1902 1056 1981; x_wconf 75' lang='lat' dir='ltr'><strong>Batonius,</strong></span> <span class='ocrx_word' id='word_1_82' title='bbox 1084 1900 1180 1981; x_wconf 90' lang='lat' dir='ltr'><strong>deque</strong></span> <span class='ocrx_word' id='word_1_83' title='bbox 1208 1919 1243 1963; x_wconf 89' lang='lat' dir='ltr'><strong>ea</strong></span> <span class='ocrx_word' id='word_1_84' title='bbox 1265 1901 1308 1963; x_wconf 91' lang='lat' dir='ltr'><strong>sic</strong></span> <span class='ocrx_word' id='word_1_85' title='bbox 1328 1902 1445 1964; x_wconf 80' lang='lat' dir='ltr'><strong>statuit:</strong></span> <span class='ocrx_word' id='word_1_86' title='bbox 1488 1898 1570 1979; x_wconf 89' lang='lat' dir='ltr'><strong>„Sunt</strong></span> 
     </span>
     <span class='ocr_line' id='line_1_11' title="bbox 193 2008 1566 2094; baseline 0.001 -22"><span class='ocrx_word' id='word_1_87' title='bbox 193 2030 233 2073; x_wconf 83' lang='lat' dir='ltr'><strong>ex</strong></span> <span class='ocrx_word' id='word_1_88' title='bbox 253 2011 361 2073; x_wconf 90' lang='lat' dir='ltr'><strong>uostris</strong></span> <span class='ocrx_word' id='word_1_89' title='bbox 383 2011 573 2092; x_wconf 81' lang='lat' dir='ltr'><strong>scriptoribus</strong></span> <span class='ocrx_word' id='word_1_90' title='bbox 594 2011 769 2094; x_wconf 88' lang='lat' dir='ltr'><strong>complures,</strong></span> <span class='ocrx_word' id='word_1_91' title='bbox 797 2020 827 2075; x_wconf 89' lang='lat' dir='ltr'><strong>et</strong></span> <span class='ocrx_word' id='word_1_92' title='bbox 846 2014 957 2094; x_wconf 90' lang='lat' dir='ltr'><strong>primus</strong></span> <span class='ocrx_word' id='word_1_93' title='bbox 979 2012 1109 2074; x_wconf 91' lang='lat' dir='ltr'><strong>omnium</strong></span> <span class='ocrx_word' id='word_1_94' title='bbox 1130 2009 1251 2091; x_wconf 81' lang='lat' dir='ltr'><strong>Optatuts</strong></span> <span class='ocrx_word' id='word_1_95' title='bbox 1271 2010 1505 2089; x_wconf 84' lang='lat' dir='ltr'><strong>milevitanus²,</strong></span> <span class='ocrx_word' id='word_1_96' title='bbox 1526 2008 1566 2090; x_wconf 78' lang='lat' dir='ltr'><strong>aui</strong></span> 
     </span>
     <span class='ocr_line' id='line_1_12' title="bbox 194 2114 1567 2204; baseline -0.003 -23"><span class='ocrx_word' id='word_1_97' title='bbox 194 2138 302 2183; x_wconf 90' lang='lat' dir='ltr'><strong>nomen</strong></span> <span class='ocrx_word' id='word_1_98' title='bbox 319 2119 443 2202; x_wconf 79' lang='lat' dir='ltr'><strong>Cophes,</strong></span> <span class='ocrx_word' id='word_1_99' title='bbox 466 2138 526 2183; x_wconf 91' lang='lat' dir='ltr'><strong>non</strong></span> <span class='ocrx_word' id='word_1_100' title='bbox 548 2140 565 2183; x_wconf 87' lang='lat' dir='ltr'><strong>a</strong></span> <span class='ocrx_word' id='word_1_101' title='bbox 586 2138 655 2204; x_wconf 75' lang='lat' dir='ltr'><strong>syre</strong></span> <span class='ocrx_word' id='word_1_102' title='bbox 673 2120 783 2204; x_wconf 87' lang='lat' dir='ltr'><strong>lingua,</strong></span> <span class='ocrx_word' id='word_1_103' title='bbox 805 2120 859 2184; x_wconf 89' lang='lat' dir='ltr'><strong>sed</strong></span> <span class='ocrx_word' id='word_1_104' title='bbox 880 2136 1028 2201; x_wconf 79' lang='lat' dir='ltr'><strong>agraeos</strong></span> <span class='ocrx_word' id='word_1_105' title='bbox 1049 2114 1112 2181; x_wconf 77' lang='lat' dir='ltr'><strong>dab</strong></span> <span class='ocrx_word' id='word_1_106' title='bbox 1133 2120 1185 2193; x_wconf 76' lang='grc' dir='ltr'><strong>τῆς</strong></span> <span class='ocrx_word' id='word_1_107' title='bbox 1207 2118 1356 2202; x_wconf 81' lang='grc' dir='ltr'><strong><em>κεφαλῆς,</em></strong></span> <span class='ocrx_word' id='word_1_108' title='bbox 1380 2127 1471 2203; x_wconf 89' lang='lat' dir='ltr'><strong>caput</strong></span> <span class='ocrx_word' id='word_1_109' title='bbox 1490 2120 1567 2182; x_wconf 88' lang='lat' dir='ltr'><strong>Inter·</strong></span> 
     </span>
     <span class='ocr_line' id='line_1_13' title="bbox 192 2222 1566 2312; baseline -0.004 -21"><span class='ocrx_word' id='word_1_110' title='bbox 192 2236 359 2311; x_wconf 82' lang='lat' dir='ltr'><strong>pretantur3</strong></span> <span class='ocrx_word' id='word_1_111' title='bbox 389 2246 447 2291; x_wconf 86' lang='lat' dir='ltr'><strong>neo</strong></span> <span class='ocrx_word' id='word_1_112' title='bbox 468 2229 585 2309; x_wconf 81' lang='lat' dir='ltr'><strong>quidem</strong></span> <span class='ocrx_word' id='word_1_113' title='bbox 606 2228 857 2312; x_wconf 89' lang='lat' dir='ltr'><strong>reprehendendi:</strong></span> <span class='ocrx_word' id='word_1_114' title='bbox 887 2227 1031 2291; x_wconf 89' lang='lat' dir='ltr'><strong>eiusmodi</strong></span> <span class='ocrx_word' id='word_1_115' title='bbox 1058 2228 1136 2290; x_wconf 89' lang='lat' dir='ltr'><strong>enim</strong></span> <span class='ocrx_word' id='word_1_116' title='bbox 1160 2228 1370 2308; x_wconf 88' lang='lat' dir='ltr'><strong>interpretandi</strong></span> <span class='ocrx_word' id='word_1_117' title='bbox 1392 2228 1514 2292; x_wconf 89' lang='lat' dir='ltr'><strong>modum</strong></span> <span class='ocrx_word' id='word_1_118' title='bbox 1538 2222 1566 2286; x_wconf 88' lang='lat' dir='ltr'><strong>ab</strong></span> 
     </span>
     <span class='ocr_line' id='line_1_14' title="bbox 193 2336 1566 2419; baseline -0.002 -18"><span class='ocrx_word' id='word_1_119' title='bbox 193 2336 256 2401; x_wconf 84' lang='lat' dir='ltr'><strong>aIIIs</strong></span> <span class='ocrx_word' id='word_1_120' title='bbox 278 2337 433 2418; x_wconf 90' lang='lat' dir='ltr'><strong>nonnullis,</strong></span> <span class='ocrx_word' id='word_1_121' title='bbox 457 2355 581 2419; x_wconf 79' lang='lat' dir='ltr'><strong>quonum</strong></span> <span class='ocrx_word' id='word_1_122' title='bbox 600 2341 630 2402; x_wconf 91' lang='lat' dir='ltr'><strong>in</strong></span> <span class='ocrx_word' id='word_1_123' title='bbox 651 2336 779 2401; x_wconf 87' lang='lat' dir='ltr'><strong>ecclesia</strong></span> <span class='ocrx_word' id='word_1_124' title='bbox 801 2337 855 2401; x_wconf 87' lang='lat' dir='ltr'><strong>Dei</strong></span> <span class='ocrx_word' id='word_1_125' title='bbox 877 2345 923 2401; x_wconf 91' lang='lat' dir='ltr'><strong>est</strong></span> <span class='ocrx_word' id='word_1_126' title='bbox 942 2338 1084 2401; x_wconf 87' lang='lat' dir='ltr'><strong>memoria</strong></span> <span class='ocrx_word' id='word_1_127' title='bbox 1105 2336 1241 2419; x_wconf 88' lang='lat' dir='ltr'><strong>celebris,</strong></span> <span class='ocrx_word' id='word_1_128' title='bbox 1263 2347 1436 2418; x_wconf 85' lang='lat' dir='ltr'><strong>usurpaturo</strong></span> <span class='ocrx_word' id='word_1_129' title='bbox 1460 2338 1566 2409; x_wconf 81' lang='lat' dir='ltr'><strong>scimus,</strong></span> 
     </span>
     <span class='ocr_line' id='line_1_15' title="bbox 194 2444 1566 2531; baseline -0.003 -22"><span class='ocrx_word' id='word_1_130' title='bbox 194 2446 262 2509; x_wconf 90' lang='lat' dir='ltr'><strong>dum</strong></span> <span class='ocrx_word' id='word_1_131' title='bbox 283 2445 452 2510; x_wconf 85' lang='lat' dir='ltr'><strong>hebraicam</strong></span> <span class='ocrx_word' id='word_1_132' title='bbox 481 2466 586 2511; x_wconf 86' lang='lat' dir='ltr'><strong>vocem</strong></span> <span class='ocrx_word' id='word_1_133' title='bbox 608 2451 638 2511; x_wconf 92' lang='lat' dir='ltr'><strong>in</strong></span> <span class='ocrx_word' id='word_1_134' title='bbox 659 2466 799 2531; x_wconf 82' lang='lat' dir='ltr'><strong>graecam</strong></span> <span class='ocrx_word' id='word_1_135' title='bbox 819 2446 1063 2531; x_wconf 85' lang='lat' dir='ltr'><strong>signibcationem</strong></span> <span class='ocrx_word' id='word_1_136' title='bbox 1083 2450 1207 2511; x_wconf 86' lang='lat' dir='ltr'><strong>transire</strong></span> <span class='ocrx_word' id='word_1_137' title='bbox 1229 2447 1370 2511; x_wconf 87' lang='lat' dir='ltr'><strong>Icceruut.</strong></span> <span class='ocrx_word' id='word_1_138' title='bbox 1414 2444 1566 2528; x_wconf 79' lang='lat' dir='ltr'><strong>Gregorius</strong></span> 
     </span>
     <span class='ocr_line' id='line_1_16' title="bbox 192 2554 1565 2625; baseline -0.006 -5"><span class='ocrx_word' id='word_1_139' title='bbox 192 2557 270 2620; x_wconf 87' lang='lat' dir='ltr'><strong>enirn</strong></span> <span class='ocrx_word' id='word_1_140' title='bbox 299 2556 518 2620; x_wconf 85' lang='lat' dir='ltr'><strong>nazianzenus³</strong></span> <span class='ocrx_word' id='word_1_141' title='bbox 557 2557 730 2622; x_wconf 88' lang='lat' dir='ltr'><strong>hebraicum</strong></span> <span class='ocrx_word' id='word_1_142' title='bbox 758 2574 868 2620; x_wconf 90' lang='lat' dir='ltr'><strong>nomen</strong></span> <span class='ocrx_word' id='word_1_143' title='bbox 895 2558 989 2621; x_wconf 88' lang='lat' dir='ltr'><strong>Phase</strong></span> <span class='ocrx_word' id='word_1_144' title='bbox 1016 2575 1082 2621; x_wconf 88' lang='lat' dir='ltr'><strong>cum</strong></span> <span class='ocrx_word' id='word_1_145' title='bbox 1110 2560 1199 2621; x_wconf 90' lang='lat' dir='ltr'><strong>sciret</strong></span> <span class='ocrx_word' id='word_1_146' title='bbox 1226 2559 1256 2619; x_wconf 93' lang='lat' dir='ltr'><strong>in</strong></span> <span class='ocrx_word' id='word_1_147' title='bbox 1283 2554 1396 2620; x_wconf 86' lang='lat' dir='ltr'><strong>Pascha</strong></span> <span class='ocrx_word' id='word_1_148' title='bbox 1425 2560 1565 2625; x_wconf 75' lang='lat' dir='ltr'><strong>mutuum,</strong></span> 
     </span>
     <span class='ocr_line' id='line_1_17' title="bbox 192 2659 1564 2751; baseline -0.003 -24"><span class='ocrx_word' id='word_1_149' title='bbox 192 2665 277 2728; x_wconf 84' lang='lat' dir='ltr'><strong>alinm</strong></span> <span class='ocrx_word' id='word_1_150' title='bbox 292 2685 332 2729; x_wconf 83' lang='lat' dir='ltr'><strong>ex</strong></span> <span class='ocrx_word' id='word_1_151' title='bbox 346 2684 383 2728; x_wconf 92' lang='lat' dir='ltr'><strong>eo</strong></span> <span class='ocrx_word' id='word_1_152' title='bbox 398 2669 539 2749; x_wconf 82' lang='lat' dir='ltr'><strong>mysterio</strong></span> <span class='ocrx_word' id='word_1_153' title='bbox 554 2682 715 2751; x_wconf 85' lang='lat' dir='ltr'><strong>congruam</strong></span> <span class='ocrx_word' id='word_1_154' title='bbox 731 2666 811 2729; x_wconf 86' lang='lat' dir='ltr'><strong>dedit</strong></span> <span class='ocrx_word' id='word_1_155' title='bbox 825 2668 1112 2749; x_wconf 81' lang='lat' dir='ltr'><strong>interpretationem:</strong></span> <span class='ocrx_word' id='word_1_156' title='bbox 1135 2675 1167 2729; x_wconf 88' lang='lat' dir='ltr'><strong>ut</strong></span> <span class='ocrx_word' id='word_1_157' title='bbox 1191 2666 1269 2748; x_wconf 90' lang='lat' dir='ltr'><strong>quod</strong></span> <span class='ocrx_word' id='word_1_158' title='bbox 1284 2667 1313 2728; x_wconf 91' lang='lat' dir='ltr'><strong>in</strong></span> <span class='ocrx_word' id='word_1_159' title='bbox 1328 2666 1462 2729; x_wconf 92' lang='lat' dir='ltr'><strong>hebraeo</strong></span> <span class='ocrx_word' id='word_1_160' title='bbox 1485 2659 1564 2742; x_wconf 86' lang='lat' dir='ltr'><strong>sigui·</strong></span> 
     </span>
     <span class='ocr_line' id='line_1_18' title="bbox 192 2765 1566 2861; baseline -0.004 -24"><span class='ocrx_word' id='word_1_161' title='bbox 192 2775 259 2837; x_wconf 87' lang='lat' dir='ltr'><strong>ficat</strong></span> <span class='ocrx_word' id='word_1_162' title='bbox 280 2777 444 2856; x_wconf 85' lang='lat' dir='ltr'><strong>transitum,</strong></span> <span class='ocrx_word' id='word_1_163' title='bbox 472 2778 548 2859; x_wconf 86' lang='lat' dir='ltr'><strong>apud</strong></span> <span class='ocrx_word' id='word_1_164' title='bbox 569 2796 695 2861; x_wconf 89' lang='lat' dir='ltr'><strong>graecos</strong></span> <span class='ocrx_word' id='word_1_165' title='bbox 724 2776 861 2856; x_wconf 76' lang='grc' dir='ltr'><em>πάσχειν</em></span> <span class='ocrx_word' id='word_1_166' title='bbox 889 2778 1104 2859; x_wconf 84' lang='lat' dir='ltr'><strong>interpretetur.</strong></span> <span class='ocrx_word' id='word_1_167' title='bbox 1154 2774 1279 2857; x_wconf 87' lang='lat' dir='ltr'><strong>Idesum</strong></span> <span class='ocrx_word' id='word_1_168' title='bbox 1306 2794 1373 2839; x_wconf 88' lang='lat' dir='ltr'><strong>cum</strong></span> <span class='ocrx_word' id='word_1_169' title='bbox 1399 2777 1501 2858; x_wconf 91' lang='lat' dir='ltr'><strong>plures</strong></span> <span class='ocrx_word' id='word_1_170' title='bbox 1527 2765 1566 2831; x_wconf 86' lang='lat' dir='ltr'><strong>alii</strong></span> 
     </span>
     <span class='ocr_line' id='line_1_19' title="bbox 191 2884 1565 2968; baseline -0.006 -21"><span class='ocrx_word' id='word_1_171' title='bbox 191 2886 404 2968; x_wconf 84' lang='lat' dir='ltr'><strong>praestiterint,</strong></span> <span class='ocrx_word' id='word_1_172' title='bbox 428 2885 593 2951; x_wconf 82' lang='lat' dir='ltr'><strong>boeotiam</strong></span> <span class='ocrx_word' id='word_1_173' title='bbox 617 2895 646 2951; x_wconf 89' lang='lat' dir='ltr'><strong>et</strong></span> <span class='ocrx_word' id='word_1_174' title='bbox 668 2887 705 2951; x_wconf 91' lang='lat' dir='ltr'><strong>de</strong></span> <span class='ocrx_word' id='word_1_175' title='bbox 726 2889 846 2951; x_wconf 85' lang='lat' dir='ltr'><strong>nomIne</strong></span> <span class='ocrx_word' id='word_1_176' title='bbox 868 2887 973 2951; x_wconf 80' lang='lat' dir='ltr'><strong>Christi</strong></span> <span class='ocrx_word' id='word_1_177' title='bbox 994 2887 1138 2950; x_wconf 87' lang='lat' dir='ltr'><strong>Iustinum</strong></span> <span class='ocrx_word' id='word_1_178' title='bbox 1159 2888 1339 2966; x_wconf 79' lang='lat' dir='ltr'><strong>martyrem⁴</strong></span> <span class='ocrx_word' id='word_1_179' title='bbox 1372 2884 1483 2949; x_wconf 84' lang='lat' dir='ltr'><strong>iecisse</strong></span> <span class='ocrx_word' id='word_1_180' title='bbox 1502 2896 1565 2943; x_wconf 88' lang='lat' dir='ltr'><strong>cou-</strong></span> 
     </span>
     <span class='ocr_line' id='line_1_20' title="bbox 191 2990 1564 3078; baseline 0.004 -20"><span class='ocrx_word' id='word_1_181' title='bbox 191 3002 264 3077; x_wconf 75' lang='lat' dir='ltr'><strong>stat,</strong></span> <span class='ocrx_word' id='word_1_182' title='bbox 296 2995 375 3078; x_wconf 82' lang='lat' dir='ltr'><strong>quod</strong></span> <span class='ocrx_word' id='word_1_183' title='bbox 404 3004 434 3059; x_wconf 87' lang='lat' dir='ltr'><strong>et</strong></span> <span class='ocrx_word' id='word_1_184' title='bbox 460 3003 528 3060; x_wconf 85' lang='lat' dir='ltr'><strong>ante</strong></span> <span class='ocrx_word' id='word_1_185' title='bbox 556 2998 612 3061; x_wconf 91' lang='lat' dir='ltr'><strong>hos</strong></span> <span class='ocrx_word' id='word_1_186' title='bbox 639 3016 743 3061; x_wconf 91' lang='lat' dir='ltr'><strong>omnes</strong></span> <span class='ocrx_word' id='word_1_187' title='bbox 770 2998 886 3078; x_wconf 88' lang='lat' dir='ltr'><strong>saepius</strong></span> <span class='ocrx_word' id='word_1_188' title='bbox 912 2996 1071 3060; x_wconf 80' lang='lat' dir='ltr'><strong>factitatum</strong></span> <span class='ocrx_word' id='word_1_189' title='bbox 1097 3016 1113 3058; x_wconf 93' lang='lat' dir='ltr'><strong>a</strong></span> <span class='ocrx_word' id='word_1_190' title='bbox 1143 2997 1326 3077; x_wconf 80' lang='lat' dir='ltr'><strong>septuaginta</strong></span> <span class='ocrx_word' id='word_1_191' title='bbox 1353 2990 1564 3078; x_wconf 64' lang='lat' dir='ltr'><strong>interpretibus,</strong></span> 
     </span>
     <span class='ocr_line' id='line_1_21' title="bbox 193 3104 1562 3188; baseline -0.005 -20"><span class='ocrx_word' id='word_1_192' title='bbox 193 3105 340 3187; x_wconf 87' lang='lat' dir='ltr'><strong>Origenes</strong></span> <span class='ocrx_word' id='word_1_193' title='bbox 362 3105 431 3168; x_wconf 89' lang='lat' dir='ltr'><strong>dum</strong></span> <span class='ocrx_word' id='word_1_194' title='bbox 452 3107 513 3187; x_wconf 89' lang='lat' dir='ltr'><strong>agit</strong></span> <span class='ocrx_word' id='word_1_195' title='bbox 534 3105 571 3168; x_wconf 91' lang='lat' dir='ltr'><strong>de</strong></span> <span class='ocrx_word' id='word_1_196' title='bbox 588 3109 672 3188; x_wconf 83' lang='lat' dir='ltr'><strong>prino</strong></span> <span class='ocrx_word' id='word_1_197' title='bbox 688 3114 717 3170; x_wconf 92' lang='lat' dir='ltr'><strong>et</strong></span> <span class='ocrx_word' id='word_1_198' title='bbox 729 3106 832 3170; x_wconf 86' lang='lat' dir='ltr'><strong>schIno</strong></span> <span class='ocrx_word' id='word_1_199' title='bbox 847 3106 1010 3187; x_wconf 76' lang='lat' dir='ltr'><strong>arboribus,</strong></span> <span class='ocrx_word' id='word_1_200' title='bbox 1032 3105 1166 3171; x_wconf 88' lang='lat' dir='ltr'><strong>scribens</strong></span> <span class='ocrx_word' id='word_1_201' title='bbox 1188 3104 1224 3168; x_wconf 90' lang='lat' dir='ltr'><strong>ad</strong></span> <span class='ocrx_word' id='word_1_202' title='bbox 1238 3104 1419 3187; x_wconf 78' lang='lat' dir='ltr'><strong>Africanum,</strong></span> <span class='ocrx_word' id='word_1_203' title='bbox 1442 3107 1562 3167; x_wconf 75' lang='lat' dir='ltr'><strong>testata</strong></span> 
     </span>
     <span class='ocr_line' id='line_1_22' title="bbox 191 3214 1564 3300; baseline -0.004 -24"><span class='ocrx_word' id='word_1_204' title='bbox 191 3214 256 3277; x_wconf 85' lang='lat' dir='ltr'><strong>Aba</strong></span> <span class='ocrx_word' id='word_1_205' title='bbox 278 3223 345 3278; x_wconf 93' lang='lat' dir='ltr'><strong>sunt</strong></span> <span class='ocrx_word' id='word_1_206' title='bbox 373 3214 410 3277; x_wconf 90' lang='lat' dir='ltr'><strong>de</strong></span> <span class='ocrx_word' id='word_1_207' title='bbox 431 3214 477 3278; x_wconf 88' lang='lat' dir='ltr'><strong>his</strong></span> <span class='ocrx_word' id='word_1_208' title='bbox 499 3215 634 3297; x_wconf 82' lang='lat' dir='ltr'><strong>exempla</strong></span> <span class='ocrx_word' id='word_1_209' title='bbox 660 3218 690 3279; x_wconf 92' lang='lat' dir='ltr'><strong>in</strong></span> <span class='ocrx_word' id='word_1_210' title='bbox 712 3215 808 3279; x_wconf 88' lang='lat' dir='ltr'><strong>divina</strong></span> <span class='ocrx_word' id='word_1_211' title='bbox 830 3218 988 3300; x_wconf 81' lang='lat' dir='ltr'><strong>scriptura3</strong></span> <span class='ocrx_word' id='word_1_212' title='bbox 1013 3224 1045 3279; x_wconf 93' lang='lat' dir='ltr'><strong>ut</strong></span> <span class='ocrx_word' id='word_1_213' title='bbox 1066 3235 1133 3280; x_wconf 89' lang='lat' dir='ltr'><strong>oum</strong></span> <span class='ocrx_word' id='word_1_214' title='bbox 1154 3217 1272 3279; x_wconf 88' lang='lat' dir='ltr'><strong>nomIna</strong></span> <span class='ocrx_word' id='word_1_215' title='bbox 1293 3215 1424 3278; x_wconf 86' lang='lat' dir='ltr'><strong>siderum</strong></span> <span class='ocrx_word' id='word_1_216' title='bbox 1445 3230 1505 3276; x_wconf 91' lang='lat' dir='ltr'><strong>non</strong></span> <span class='ocrx_word' id='word_1_217' title='bbox 1523 3224 1564 3270; x_wconf 83' lang='lat' dir='ltr'><strong>so·</strong></span> 
     </span>
     <span class='ocr_line' id='line_1_23' title="bbox 192 3320 1564 3407; baseline -0.004 -21"><span class='ocrx_word' id='word_1_218' title='bbox 192 3324 317 3387; x_wconf 90' lang='lat' dir='ltr'><strong>cundum</strong></span> <span class='ocrx_word' id='word_1_219' title='bbox 340 3342 431 3387; x_wconf 87' lang='lat' dir='ltr'><strong>voces</strong></span> <span class='ocrx_word' id='word_1_220' title='bbox 453 3323 623 3407; x_wconf 88' lang='lat' dir='ltr'><strong>hebraicas,</strong></span> <span class='ocrx_word' id='word_1_221' title='bbox 650 3325 704 3388; x_wconf 90' lang='lat' dir='ltr'><strong>sed</strong></span> <span class='ocrx_word' id='word_1_222' title='bbox 732 3325 893 3389; x_wconf 87' lang='lat' dir='ltr'><strong>secundum</strong></span> <span class='ocrx_word' id='word_1_223' title='bbox 916 3343 1056 3407; x_wconf 87' lang='lat' dir='ltr'><strong>graecam</strong></span> <span class='ocrx_word' id='word_1_224' title='bbox 1078 3325 1352 3388; x_wconf 77' lang='lat' dir='ltr'><strong>nomenclaturam³</strong></span> <span class='ocrx_word' id='word_1_225' title='bbox 1383 3334 1453 3388; x_wconf 89' lang='lat' dir='ltr'><strong>sunt</strong></span> <span class='ocrx_word' id='word_1_226' title='bbox 1472 3320 1564 3405; x_wconf 87' lang='lat' dir='ltr'><strong>posita,</strong></span> 
     </span>
     <span class='ocr_line' id='line_1_24' title="bbox 192 3428 1563 3529; baseline 0 -34"><span class='ocrx_word' id='word_1_227' title='bbox 192 3433 279 3514; x_wconf 84' lang='lat' dir='ltr'><strong>idque</strong></span> <span class='ocrx_word' id='word_1_228' title='bbox 294 3433 332 3496; x_wconf 92' lang='lat' dir='ltr'><strong>ob</strong></span> <span class='ocrx_word' id='word_1_229' title='bbox 347 3435 491 3497; x_wconf 89' lang='lat' dir='ltr'><strong>notiorem</strong></span> <span class='ocrx_word' id='word_1_230' title='bbox 506 3434 758 3518; x_wconf 86' lang='lat' dir='ltr'><strong>significationem.</strong></span> <span class='ocrx_word' id='word_1_231' title='bbox 801 3433 946 3498; x_wconf 84' lang='lat' dir='ltr'><strong>Observat</strong></span> <span class='ocrx_word' id='word_1_232' title='bbox 959 3435 1018 3529; x_wconf 80' lang='lat' dir='ltr'><strong>hoc</strong></span> <span class='ocrx_word' id='word_1_233' title='bbox 1034 3435 1129 3515; x_wconf 86' lang='lat' dir='ltr'><strong>ipsum</strong></span> <span class='ocrx_word' id='word_1_234' title='bbox 1141 3454 1180 3498; x_wconf 82' lang='lat' dir='ltr'><strong>ex</strong></span> <span class='ocrx_word' id='word_1_235' title='bbox 1194 3434 1295 3506; x_wconf 91' lang='lat' dir='ltr'><strong>Photio</strong></span> <span class='ocrx_word' id='word_1_236' title='bbox 1309 3435 1339 3496; x_wconf 92' lang='lat' dir='ltr'><strong>in</strong></span> <span class='ocrx_word' id='word_1_237' title='bbox 1353 3428 1563 3514; x_wconf 75' lang='lat' dir='ltr'><strong>quaesitoribus</strong></span> 
     </span>
     <span class='ocr_line' id='line_1_25' title="bbox 192 3539 1563 3627; baseline -0.001 -23"><span class='ocrx_word' id='word_1_238' title='bbox 192 3541 228 3604; x_wconf 89' lang='lat' dir='ltr'><strong>ud</strong></span> <span class='ocrx_word' id='word_1_239' title='bbox 247 3541 482 3623; x_wconf 82' lang='lat' dir='ltr'><strong>Amphilochium</strong></span> <span class='ocrx_word' id='word_1_240' title='bbox 504 3545 674 3626; x_wconf 87' lang='lat' dir='ltr'><strong>epIscopum</strong></span> <span class='ocrx_word' id='word_1_241' title='bbox 695 3545 816 3627; x_wconf 71' lang='lat' dir='ltr'><strong>Cyztci⁶</strong></span> <span class='ocrx_word' id='word_1_242' title='bbox 850 3542 1016 3606; x_wconf 76' lang='lat' dir='ltr'><strong>thurianus.</strong></span> <span class='ocrx_word' id='word_1_243' title='bbox 1061 3544 1143 3607; x_wconf 88' lang='lat' dir='ltr'><strong>Unde</strong></span> <span class='ocrx_word' id='word_1_244' title='bbox 1165 3545 1305 3626; x_wconf 88' lang='lat' dir='ltr'><strong>apposite,</strong></span> <span class='ocrx_word' id='word_1_245' title='bbox 1328 3541 1406 3623; x_wconf 87' lang='lat' dir='ltr'><strong>quod</strong></span> <span class='ocrx_word' id='word_1_246' title='bbox 1428 3539 1505 3623; x_wconf 89' lang='lat' dir='ltr'><strong>apud</strong></span> <span class='ocrx_word' id='word_1_247' title='bbox 1523 3553 1563 3614; x_wconf 72' lang='lat' dir='ltr'><strong>st·</strong></span> 
     </span>
     <span class='ocr_line' id='line_1_26' title="bbox 191 3646 1563 3735; baseline -0.004 -22"><span class='ocrx_word' id='word_1_248' title='bbox 191 3667 242 3713; x_wconf 89' lang='lat' dir='ltr'><strong>ros</strong></span> <span class='ocrx_word' id='word_1_249' title='bbox 268 3659 381 3731; x_wconf 85' lang='lat' dir='ltr'><strong>petram</strong></span> <span class='ocrx_word' id='word_1_250' title='bbox 402 3651 525 3715; x_wconf 85' lang='lat' dir='ltr'><strong>subdam</strong></span> <span class='ocrx_word' id='word_1_251' title='bbox 547 3662 632 3717; x_wconf 91' lang='lat' dir='ltr'><strong>sonat</strong></span> <span class='ocrx_word' id='word_1_252' title='bbox 652 3673 762 3718; x_wconf 89' lang='lat' dir='ltr'><strong>nornen</strong></span> <span class='ocrx_word' id='word_1_253' title='bbox 784 3652 910 3735; x_wconf 88' lang='lat' dir='ltr'><strong>Cepbac,</strong></span> <span class='ocrx_word' id='word_1_254' title='bbox 933 3652 1008 3734; x_wconf 90' lang='lat' dir='ltr'><strong>apud</strong></span> <span class='ocrx_word' id='word_1_255' title='bbox 1029 3670 1156 3734; x_wconf 90' lang='lat' dir='ltr'><strong>graecos</strong></span> <span class='ocrx_word' id='word_1_256' title='bbox 1179 3660 1264 3734; x_wconf 85' lang='lat' dir='ltr'><strong>caput</strong></span> <span class='ocrx_word' id='word_1_257' title='bbox 1282 3651 1447 3733; x_wconf 86' lang='lat' dir='ltr'><strong>significat:</strong></span> <span class='ocrx_word' id='word_1_258' title='bbox 1475 3668 1510 3713; x_wconf 91' lang='lat' dir='ltr'><strong>ac</strong></span> <span class='ocrx_word' id='word_1_259' title='bbox 1527 3646 1563 3707; x_wconf 83' lang='lat' dir='ltr'><strong>sto</strong></span> 
     </span>
     <span class='ocr_line' id='line_1_27' title="bbox 191 3756 1562 3843; baseline 0 -23"><span class='ocrx_word' id='word_1_260' title='bbox 191 3760 287 3821; x_wconf 83' lang='lat' dir='ltr'><strong>divina</strong></span> <span class='ocrx_word' id='word_1_261' title='bbox 315 3760 439 3841; x_wconf 67' lang='lat' dir='ltr'><strong>medam</strong></span> <span class='ocrx_word' id='word_1_262' title='bbox 470 3762 686 3843; x_wconf 81' lang='lat' dir='ltr'><strong>dispensatione</strong></span> <span class='ocrx_word' id='word_1_263' title='bbox 712 3763 819 3827; x_wconf 84' lang='lat' dir='ltr'><strong>iactum</strong></span> <span class='ocrx_word' id='word_1_264' title='bbox 846 3760 976 3841; x_wconf 85' lang='lat' dir='ltr'><strong>videtur,</strong></span> <span class='ocrx_word' id='word_1_265' title='bbox 1005 3769 1035 3823; x_wconf 91' lang='lat' dir='ltr'><strong>ut</strong></span> <span class='ocrx_word' id='word_1_266' title='bbox 1063 3780 1120 3824; x_wconf 90' lang='lat' dir='ltr'><strong>una</strong></span> <span class='ocrx_word' id='word_1_267' title='bbox 1149 3761 1313 3843; x_wconf 88' lang='lat' dir='ltr'><strong>eademque</strong></span> <span class='ocrx_word' id='word_1_268' title='bbox 1341 3779 1431 3841; x_wconf 87' lang='lat' dir='ltr'><strong>voce,</strong></span> <span class='ocrx_word' id='word_1_269' title='bbox 1462 3756 1562 3825; x_wconf 77' lang='lat' dir='ltr'><strong>dudm</strong></span> 
     </span>
     <span class='ocr_line' id='line_1_28' title="bbox 192 3869 883 3955; baseline 0.004 -24"><span class='ocrx_word' id='word_1_270' title='bbox 192 3869 314 3951; x_wconf 87' lang='lat' dir='ltr'><strong>linguis,</strong></span> <span class='ocrx_word' id='word_1_271' title='bbox 343 3869 420 3934; x_wconf 88' lang='lat' dir='ltr'><strong>Petri</strong></span> <span class='ocrx_word' id='word_1_272' title='bbox 440 3872 616 3953; x_wconf 89' lang='lat' dir='ltr'><strong>principatus</strong></span> <span class='ocrx_word' id='word_1_273' title='bbox 639 3871 883 3955; x_wconf 84' lang='lat' dir='ltr'><strong>exprimeretur.“</strong></span> 
     </span>
    </p>

    <p class='ocr_par' dir='ltr' id='par_1_4' title="bbox 193 3970 1625 4500">
     <span class='ocr_line' id='line_1_29' title="bbox 298 3970 1563 4064; baseline -0.01 -19"><span class='ocrx_word' id='word_1_274' title='bbox 298 3984 348 4040; x_wconf 81' lang='lat'><strong>39.</strong></span> <span class='ocrx_word' id='word_1_275' title='bbox 392 3979 452 4044; x_wconf 88' lang='lat' dir='ltr'><strong>Sed</strong></span> <span class='ocrx_word' id='word_1_276' title='bbox 479 3981 557 4063; x_wconf 84' lang='lat' dir='ltr'><strong>quod</strong></span> <span class='ocrx_word' id='word_1_277' title='bbox 583 3981 815 4064; x_wconf 89' lang='lat' dir='ltr'><strong>reprehensione</strong></span> <span class='ocrx_word' id='word_1_278' title='bbox 850 3996 957 4042; x_wconf 85' lang='lat' dir='ltr'><strong>vacare</strong></span> <span class='ocrx_word' id='word_1_279' title='bbox 983 3979 1125 4043; x_wconf 88' lang='lat' dir='ltr'><strong>BaronIus</strong></span> <span class='ocrx_word' id='word_1_280' title='bbox 1163 3982 1290 4061; x_wconf 87' lang='lat' dir='ltr'><strong>censuit,</strong></span> <span class='ocrx_word' id='word_1_281' title='bbox 1323 3979 1460 4062; x_wconf 86' lang='lat' dir='ltr'><strong>quodque</strong></span> <span class='ocrx_word' id='word_1_282' title='bbox 1487 3970 1563 4039; x_wconf 81' lang='lat' dir='ltr'><strong>laute</strong></span> 
     </span>
     <span class='ocr_line' id='line_1_30' title="bbox 193 4084 1565 4172; baseline -0.001 -21"><span class='ocrx_word' id='word_1_283' title='bbox 193 4087 314 4169; x_wconf 91' lang='lat' dir='ltr'><strong>dignum</strong></span> <span class='ocrx_word' id='word_1_284' title='bbox 341 4090 531 4172; x_wconf 85' lang='lat' dir='ltr'><strong>existimavit,</strong></span> <span class='ocrx_word' id='word_1_285' title='bbox 559 4090 742 4154; x_wconf 89' lang='lat' dir='ltr'><strong>stomachum</strong></span> <span class='ocrx_word' id='word_1_286' title='bbox 770 4089 839 4153; x_wconf 87' lang='lat' dir='ltr'><strong>iecit</strong></span> <span class='ocrx_word' id='word_1_287' title='bbox 858 4088 1101 4172; x_wconf 80' lang='lat' dir='ltr'><strong>protestantibus,</strong></span> <span class='ocrx_word' id='word_1_288' title='bbox 1133 4096 1163 4151; x_wconf 95' lang='lat' dir='ltr'><strong>et</strong></span> <span class='ocrx_word' id='word_1_289' title='bbox 1184 4090 1335 4154; x_wconf 87' lang='lat' dir='ltr'><strong>catholicis</strong></span> <span class='ocrx_word' id='word_1_290' title='bbox 1356 4090 1443 4153; x_wconf 88' lang='lat' dir='ltr'><strong>etiam</strong></span> <span class='ocrx_word' id='word_1_291' title='bbox 1465 4084 1565 4166; x_wconf 74' lang='lat' dir='ltr'><strong>miquo</strong></span> 
     </span>
     <span class='ocr_line' id='line_1_31' title="bbox 193 4197 1562 4282; baseline 0.002 -22"><span class='ocrx_word' id='word_1_292' title='bbox 193 4215 252 4260; x_wconf 88' lang='lat' dir='ltr'><strong>nou</strong></span> <span class='ocrx_word' id='word_1_293' title='bbox 282 4198 470 4262; x_wconf 89' lang='lat' dir='ltr'><strong>mediocriter</strong></span> <span class='ocrx_word' id='word_1_294' title='bbox 498 4199 649 4282; x_wconf 89' lang='lat' dir='ltr'><strong>dispticuit</strong></span> <span class='ocrx_word' id='word_1_295' title='bbox 681 4200 750 4281; x_wconf 79' lang='lat' dir='ltr'><strong>,Ipsi</strong></span> <span class='ocrx_word' id='word_1_296' title='bbox 782 4201 913 4281; x_wconf 89' lang='lat' dir='ltr'><strong>inprimis</strong></span> <span class='ocrx_word' id='word_1_297' title='bbox 941 4198 1215 4282; x_wconf 87' lang='lat' dir='ltr'><strong>IIagdoburgenses</strong></span> <span class='ocrx_word' id='word_1_298' title='bbox 1243 4197 1562 4263; x_wconf 72' lang='lat' dir='ltr'><strong>Pseudo-marterum</strong></span> 
     </span>
     <span class='ocr_line' id='line_1_32' title="bbox 195 4298 1625 4391; baseline -0.003 -22"><span class='ocrx_word' id='word_1_299' title='bbox 195 4309 244 4388; x_wconf 84' lang='lat' dir='ltr'><strong>(pri</strong></span> <span class='ocrx_word' id='word_1_300' title='bbox 272 4308 302 4369; x_wconf 91' lang='lat' dir='ltr'><strong>in</strong></span> <span class='ocrx_word' id='word_1_301' title='bbox 323 4310 407 4371; x_wconf 88' lang='lat' dir='ltr'><strong>tertia</strong></span> <span class='ocrx_word' id='word_1_302' title='bbox 429 4329 468 4371; x_wconf 84' lang='lat' dir='ltr'><strong>ex</strong></span> <span class='ocrx_word' id='word_1_303' title='bbox 488 4310 618 4391; x_wconf 87' lang='lat' dir='ltr'><strong>epistolIs</strong></span> <span class='ocrx_word' id='word_1_304' title='bbox 647 4329 682 4372; x_wconf 90' lang='lat' dir='ltr'><strong>ea</strong></span> <span class='ocrx_word' id='word_1_305' title='bbox 704 4311 786 4371; x_wconf 86' lang='lat' dir='ltr'><strong>vocis</strong></span> <span class='ocrx_word' id='word_1_306' title='bbox 807 4308 987 4372; x_wconf 87' lang='lat' dir='ltr'><strong>derivatione</strong></span> <span class='ocrx_word' id='word_1_307' title='bbox 1013 4327 1084 4371; x_wconf 89' lang='lat' dir='ltr'><strong>usus</strong></span> <span class='ocrx_word' id='word_1_308' title='bbox 1105 4316 1181 4389; x_wconf 88' lang='lat' dir='ltr'><strong>erat,</strong></span> <span class='ocrx_word' id='word_1_309' title='bbox 1210 4310 1301 4390; x_wconf 87' lang='lat' dir='ltr'><strong>turpis</strong></span> <span class='ocrx_word' id='word_1_310' title='bbox 1323 4309 1453 4372; x_wconf 89' lang='lat' dir='ltr'><strong>inscitiae</strong></span> <span class='ocrx_word' id='word_1_311' title='bbox 1473 4298 1562 4368; x_wconf 69' lang='lat' dir='ltr'><strong>scibit</strong></span> <span class='ocrx_word' id='word_1_312' title='bbox 1624 4318 1625 4335; x_wconf 63' lang='lat'>¹</span> 
     </span>
     <span class='ocr_line' id='line_1_33' title="bbox 195 4410 1562 4500; baseline -0.003 -21"><span class='ocrx_word' id='word_1_313' title='bbox 195 4416 391 4480; x_wconf 85' lang='lat' dir='ltr'><strong>acerbissimis</strong></span> <span class='ocrx_word' id='word_1_314' title='bbox 423 4427 613 4499; x_wconf 88' lang='lat' dir='ltr'><strong>accusarunt,</strong></span> <span class='ocrx_word' id='word_1_315' title='bbox 643 4436 741 4500; x_wconf 87' lang='lat' dir='ltr'><strong>neque</strong></span> <span class='ocrx_word' id='word_1_316' title='bbox 770 4418 924 4481; x_wconf 71' lang='lat' dir='ltr'><strong>Tantani&#39;</strong></span> <span class='ocrx_word' id='word_1_317' title='bbox 959 4410 1092 4481; x_wconf 80' lang='lat' dir='ltr'><strong>defensio</strong></span> <span class='ocrx_word' id='word_1_318' title='bbox 1117 4420 1187 4481; x_wconf 88' lang='lat' dir='ltr'><strong>tanti</strong></span> <span class='ocrx_word' id='word_1_319' title='bbox 1208 4417 1305 4481; x_wconf 85' lang='lat' dir='ltr'><strong>habito</strong></span> <span class='ocrx_word' id='word_1_320' title='bbox 1327 4426 1387 4497; x_wconf 91' lang='lat' dir='ltr'><strong>est,</strong></span> <span class='ocrx_word' id='word_1_321' title='bbox 1416 4425 1447 4480; x_wconf 92' lang='lat' dir='ltr'><strong>ut</strong></span> <span class='ocrx_word' id='word_1_322' title='bbox 1468 4424 1562 4479; x_wconf 69' lang='lat' dir='ltr'><strong>consa</strong></span> 
     </span>
    </p>
   </div>
   <div class='ocr_carea' id='block_1_4' title="bbox 1018 4663 1315 4844">
    <p class='ocr_par' dir='ltr' id='par_1_5' title="bbox 1018 4663 1315 4844">
     <span class='ocr_line' id='line_1_34' title="bbox 1019 4663 1277 4722; baseline -0.016 0"><span class='ocrx_word' id='word_1_323' title='bbox 1019 4664 1093 4722; x_wconf 80' lang='lat' dir='ltr'><strong>Orat</strong></span> <span class='ocrx_word' id='word_1_324' title='bbox 1115 4665 1149 4721; x_wconf 88' lang='lat' dir='ltr'><strong>ad</strong></span> <span class='ocrx_word' id='word_1_325' title='bbox 1171 4663 1277 4721; x_wconf 85' lang='lat' dir='ltr'><strong>Gentes.</strong></span> 
     </span>
     <span class='ocr_line' id='line_1_35' title="bbox 1018 4769 1315 4844; baseline -0.007 -17"><span class='ocrx_word' id='word_1_326' title='bbox 1018 4770 1081 4827; x_wconf 85' lang='lat' dir='ltr'><strong>tob.</strong></span> <span class='ocrx_word' id='word_1_327' title='bbox 1102 4769 1152 4844; x_wconf 83' lang='lat' dir='ltr'><strong>IX,</strong></span> <span class='ocrx_word' id='word_1_328' title='bbox 1176 4770 1261 4826; x_wconf 78' lang='lat' dir='ltr'><strong>Amos</strong></span> <span class='ocrx_word' id='word_1_329' title='bbox 1282 4770 1315 4826; x_wconf 82' lang='lat' dir='ltr'><strong>V.</strong></span> 
     </span>
    </p>
   </div>
   <div class='ocr_carea' id='block_1_5' title="bbox 259 4256 1625 5215">
    <p class='ocr_par' dir='ltr' id='par_1_6' title="bbox 1624 4256 1625 4503">
     <span class='ocr_line' id='line_1_36' title="bbox 1624 4256 1625 4295; baseline 0 0"><span class='ocrx_word' id='word_1_330' title='bbox 1624 4256 1625 4295; x_wconf 80' lang='lat' dir='ltr'><strong>t</strong></span> 
     </span>
     <span class='ocr_line' id='line_1_37' title="bbox 1624 4470 1625 4503; baseline 0 0"><span class='ocrx_word' id='word_1_331' title='bbox 1624 4470 1625 4503; x_wconf 85' lang='lat' dir='ltr'><strong>t</strong></span> 
     </span>
    </p>

    <p class='ocr_par' dir='ltr' id='par_1_7' title="bbox 259 4554 1625 4953">
     <span class='ocr_line' id='line_1_38' title="bbox 259 4665 998 4741; baseline 0.002 -19"><span class='ocrx_word' id='word_1_332' title='bbox 259 4667 283 4741; x_wconf 88' lang='lat'><strong>¹)</strong></span> <span class='ocrx_word' id='word_1_333' title='bbox 304 4665 347 4722; x_wconf 80' lang='lat' dir='ltr'><strong>tu</strong></span> <span class='ocrx_word' id='word_1_334' title='bbox 367 4683 462 4722; x_wconf 85' lang='lat' dir='ltr'><strong>anuum</strong></span> <span class='ocrx_word' id='word_1_335' title='bbox 483 4666 577 4724; x_wconf 91' lang='lat' dir='ltr'>XXXI.</span> <span class='ocrx_word' id='word_1_336' title='bbox 603 4684 629 4722; x_wconf 90' lang='lat' dir='ltr'><strong>n.</strong></span> <span class='ocrx_word' id='word_1_337' title='bbox 650 4666 757 4723; x_wconf 82' lang='lat' dir='ltr'>XXVII.</span> <span class='ocrx_word' id='word_1_338' title='bbox 984 4666 998 4740; x_wconf 94' lang='lat'>)</span> 
     </span>
     <span class='ocr_line' id='line_1_39' title="bbox 971 4771 1417 4953; baseline 0.002 -21"><span class='ocrx_word' id='word_1_339' title='bbox 971 4771 1000 4953; x_wconf 48' lang='grc' dir='ltr'><strong>’ἰ</strong></span> <span class='ocrx_word' id='word_1_340' title='bbox 1018 4876 1119 4932; x_wconf 80' lang='lat' dir='ltr'><strong>Adver.</strong></span> <span class='ocrx_word' id='word_1_341' title='bbox 1139 4875 1313 4948; x_wconf 86' lang='lat' dir='ltr'><strong>IIagdeburg.</strong></span> <span class='ocrx_word' id='word_1_342' title='bbox 1335 4893 1358 4931; x_wconf 91' lang='lat' dir='ltr'><strong>c.</strong></span> <span class='ocrx_word' id='word_1_343' title='bbox 1373 4876 1417 4933; x_wconf 91' lang='lat' dir='ltr'>III.</span> 
     </span>
    </p>

    <p class='ocr_par' dir='ltr' id='par_1_8' title="bbox 984 4930 1625 5061">
     <span class='ocr_line' id='line_1_40' title="bbox 984 4980 1000 5058; baseline 0.005 0"><span class='ocrx_word' id='word_1_344' title='bbox 984 4980 1000 5058; x_wconf 84' lang='lat'>&gt;</span> 
     </span>
    </p>

    <p class='ocr_par' dir='ltr' id='par_1_9' title="bbox 1624 5164 1625 5215">
     <span class='ocr_line' id='line_1_41' title="bbox 1624 5164 1625 5215; baseline 0 0"><span class='ocrx_word' id='word_1_345' title='bbox 1624 5164 1625 5215; x_wconf 85' lang='lat' dir='ltr'><strong>t</strong></span> 
     </span>
    </p>
   </div>
   <div class='ocr_carea' id='block_1_6' title="bbox 971 4668 981 4802">
    <p class='ocr_par' dir='ltr' id='par_1_10' title="bbox 971 4668 981 4802">
     <span class='ocr_line' id='line_1_42' title="bbox 971 4668 980 4697; baseline 0 0"><span class='ocrx_word' id='word_1_346' title='bbox 971 4668 980 4697; x_wconf 79' lang='lat' dir='ltr'><strong>i</strong></span> 
     </span>
     <span class='ocr_line' id='line_1_43' title="bbox 971 4773 981 4802; baseline 0 0"><span class='ocrx_word' id='word_1_347' title='bbox 971 4773 981 4802; x_wconf 78' lang='lat' dir='ltr'><strong>b</strong></span> 
     </span>
    </p>
   </div>
   <div class='ocr_carea' id='block_1_7' title="bbox 255 4822 1371 5061">
    <p class='ocr_par' dir='ltr' id='par_1_11' title="bbox 255 4822 1371 5061">
     <span class='ocr_line' id='line_1_44' title="bbox 255 4822 754 4901; baseline 0.002 -20"><span class='ocrx_word' id='word_1_348' title='bbox 255 4824 284 4901; x_wconf 87' lang='lat'><strong>²)</strong></span> <span class='ocrx_word' id='word_1_349' title='bbox 306 4822 372 4881; x_wconf 81' lang='lat' dir='ltr'><strong>Coa.</strong></span> <span class='ocrx_word' id='word_1_350' title='bbox 393 4824 511 4883; x_wconf 78' lang='lat' dir='ltr'><strong>Immoa.</strong></span> <span class='ocrx_word' id='word_1_351' title='bbox 531 4825 578 4883; x_wconf 81' lang='lat' dir='ltr'><strong>tio.</strong></span> <span class='ocrx_word' id='word_1_352' title='bbox 592 4825 627 4883; x_wconf 88' lang='lat'><strong>11.</strong></span> <span class='ocrx_word' id='word_1_353' title='bbox 647 4841 706 4901; x_wconf 88' lang='lat' dir='ltr'><strong>cap.</strong></span> <span class='ocrx_word' id='word_1_354' title='bbox 723 4827 754 4883; x_wconf 88' lang='lat'><strong>11.</strong></span> 
     </span>
     <span class='ocr_line' id='line_1_45' title="bbox 259 4980 1371 5061; baseline -0.004 -18"><span class='ocrx_word' id='word_1_355' title='bbox 259 4981 287 5061; x_wconf 82' lang='lat'><strong>⁸)</strong></span> <span class='ocrx_word' id='word_1_356' title='bbox 306 4982 346 5043; x_wconf 81' lang='lat' dir='ltr'><strong>ue</strong></span> <span class='ocrx_word' id='word_1_357' title='bbox 365 4982 510 5061; x_wconf 75' lang='lat' dir='ltr'><strong>Praebete,</strong></span> <span class='ocrx_word' id='word_1_358' title='bbox 530 4984 603 5043; x_wconf 80' lang='lat' dir='ltr'><strong>Orat</strong></span> <span class='ocrx_word' id='word_1_359' title='bbox 624 4984 657 5043; x_wconf 87' lang='lat' dir='ltr'><strong>II.</strong></span> <span class='ocrx_word' id='word_1_360' title='bbox 971 4984 982 5014; x_wconf 68' lang='lat' dir='ltr'><strong>r</strong></span> <span class='ocrx_word' id='word_1_361' title='bbox 1020 4980 1092 5040; x_wconf 80' lang='lat' dir='ltr'><strong>Ioco</strong></span> <span class='ocrx_word' id='word_1_362' title='bbox 1111 4982 1233 5055; x_wconf 80' lang='lat' dir='ltr'><strong>superius</strong></span> <span class='ocrx_word' id='word_1_363' title='bbox 1252 4981 1371 5039; x_wconf 86' lang='lat' dir='ltr'><strong>laudato.</strong></span> 
     </span>
    </p>
   </div>
   <div class='ocr_carea' id='block_1_8' title="bbox 0 0 1638 5412">
    <p class='ocr_par' dir='ltr' id='par_1_12' title="bbox 0 0 1638 5412">
     <span class='ocr_line' id='line_1_46' title="bbox 0 0 1638 5412; baseline 0 0"><span class='ocrx_word' id='word_1_364' title='bbox 0 0 1638 5412; x_wconf 95' lang='lat' dir='ltr'><strong> </strong></span> 
     </span>
    </p>
   </div>
  </div>
 </body>
</html>
