3300 5402
216 278 278 338 ooo
704 274 836 371 amna
875 274 1107 341 sacuuuus

217 440 372 506 commode
392 441 613 521 concluduntur,
631 439 834 520 probabilium
854 452 885 507 et
906 452 1070 522 emtarum,
1097 461 1170 525 quos
1188 441 1298 523 plenos
1319 445 1580 524 decretorioaque‘

217 551 387 632 iurisperiti,
409 550 595 633 philosophi⁷
629 548 876 631 ἀποδείξεις
897 553 1048 635 appellunt.
1166 582 1172 591 ·

323 667 351 723 2.
394 660 532 723 iamvero
560 662 585 722 si
614 660 651 731 de
678 663 741 724 eius
767 661 944 744 probationis
969 663 1082 725 ratione
1103 669 1275 743 quaeratur,
1303 680 1359 743 qua
1387 664 1433 725 usi
1453 661 1585 724 hactenus

217 788 333 850 sumus,
355 788 500 852 quamque
522 787 575 852 pro
598 769 734 833 facultate
755 771 962 853 expolivimus,
985 772 1179 834 distinctione
1199 788 1273 851 opus
1295 773 1365 833 erit:
1388 770 1436 833 vel
1457 772 1533 833 enim
1553 770 1585 832 de

214 876 392 960 probatione
412 881 561 961 quaeritur
580 886 725 960 principe,
748 898 882 962 quaeque
897 898 954 942 una
968 878 1149 959 dominatur3
1169 886 1199 942 et
1217 879 1289 942 nihil
1309 899 1382 942 sane
1405 878 1585 959 manifestius,

217 1008 303 1072 quarn
325 987 578 1070 inartificialium⁸
607 1008 672 1051 eam
695 1008 778 1069 esse,
808 987 1019 1074 tbeolopionm,
1049 1008 1084 1053 ac
1105 1012 1122 1053 e
1143 989 1266 1053 divirto⁹
1295 986 1529 1069 seripturarum
1548 996 1583 1050 in

216 1107 389 1163 strumento
410 1098 580 1162 deductam:
609 1099 656 1162 vel
684 1116 783 1162 sermo
812 1098 850 1162 de
877 1100 912 1161 iis
940 1107 986 1162 est
1007 1117 1083 1180 quae
1104 1099 1268 1162 identidem
1288 1106 1537 1173 interamniam,
1562 1106 1587 1159 et

217 1209 321 1292 quibus
342 1208 542 1291 probationem
563 1209 724 1290 principem
745 1208 996 1290 confirmavimus3
1025 1216 1055 1271 et
1075 1207 1167 1271 latere
1188 1209 1336 1270 neminem
1354 1215 1467 1289 potest,
1489 1227 1527 1270 ex
1547 1206 1585 1269 bit

214 1319 269 1382 alia
290 1316 474 1400 artifieiolin
489 1321 515 1350 ¹⁰
540 1336 608 1380 csse
629 1336 665 1380 ac
685 1323 787 1394 uuita
810 1317 865 1380 alia
880 1336 952 1381 uero
974 1337 992 1381 e
1013 1325 1138 1380 tentiam
1153 1320 1176 1350 ¹¹
1203 1319 1374 1379 auctoritate
1394 1316 1586 1400 suffragioque

216 1429 357 1510 profecta.
399 1429 496 1503 Quare
517 1429 542 1491 si
564 1446 620 1508 qua
641 1424 792 1489 lottariore
814 1434 907 1508 patet,
936 1427 1068 1510 probatio
1089 1434 1251 1509 spectetur,
1273 1424 1400 1509 sornrnr
1423 1445 1460 1488 ea
1482 1442 1585 1504 omnes,

215 1539 378 1619 moriorque
402 1538 604 1618 probationum
632 1535 722 1598 induit
749 1555 784 1598 ac
809 1535 954 1618 praefert,
982 1544 1012 1600 et
1033 1545 1091 1601 tam
1113 1534 1268 1599 artificialis
1291 1553 1377 1616 quam
1399 1533 1586 1611 inartificialis,

216 1656 272 1711 tam
294 1667 333 1710 ex
351 1648 548 1710 instrumentis
569 1663 655 1727 mam
677 1663 695 1706 e
716 1643 838 1707 testibus
859 1645 961 1708 hausta
983 1645 1076 1709 videri
1097 1646 1194 1711 debet.
1236 1644 1261 1707 E
1284 1663 1340 1727 qua
1368 1647 1465 1723 varia,
1494 1646 1586 1706 mixta·

215 1776 272 1839 que
294 1757 387 1819 forma
408 1755 466 1818 duo
488 1761 715 1835 consequuntur,
736 1772 811 1834 quae
833 1773 921 1835 quum
942 1755 1063 1818 alicuius
1078 1756 1216 1818 momenti
1234 1772 1303 1817 esse
1325 1754 1488 1833 ddeonun,
1510 1771 1586 1833 prae·

214 1868 296 1930 teriri
316 1866 432 1929 silentio
453 1882 512 1927 non
533 1871 664 1946 possunt

321 1981 351 2037 3.
394 1974 445 2037 Est
465 1980 562 2037 autem
583 1973 723 2055 primum,
745 1991 885 2035 nmmum
906 1971 974 2034 inde
995 1980 1211 2052 erderiunque
1231 1971 1333 2036 haberi
1355 1973 1391 2036 ab
1417 1974 1454 2035 iia
1477 1975 1586 2035 minime

215 2083 436 2167 negligendum,
459 2083 508 2163 qui
530 2101 595 2145 eam
617 2081 693 2143 forte
713 2080 914 2163 probationem
929 2082 1053 2163 aggredi
1073 2102 1108 2146 ac
1129 2086 1271 2164 impetere
1293 2082 1457 2145 moliantur.
1501 2082 1586 2154 mun

216 2195 295 2257 enim
309 2196 335 2226 ¹²
359 2199 402 2254 tot
422 2209 458 2255 ea
479 2198 595 2253 constet
616 2189 783 2270 elementis,
812 2209 848 2254 ac
866 2208 994 2269 summa,
1014 2193 1196 2273 partiumque
1218 2192 1447 2272 conspirantium
1469 2209 1586 2253 consen·

214 2303 299 2366 sione
320 2301 466 2382 firmetur3
488 2319 525 2364 ea
545 2299 639 2364 solum
661 2300 777 2380 probari
798 2302 974 2381 oppugnatio
995 2303 1116 2381 poterit,
1143 2320 1218 2383 quae
1237 2299 1369 2384 seopulis
1390 2302 1429 2363 ita
1451 2307 1586 2377 occurrat,

215 2419 247 2474 ut
267 2408 407 2473 omnibus
429 2409 593 2473 satisfaciat
635 2407 713 2471 Nihil
735 2410 812 2471 enim
835 2408 1026 2490 proficerent,
1048 2412 1097 2492 qui
1119 2428 1206 2473 unum
1229 2409 1303 2473 forte
1326 2410 1490 2472 alterumve
1510 2415 1587 2488 caput

215 2537 274 2582 non
301 2520 366 2581 sine
394 2517 490 2599 aliqua
516 2519 578 2579 ueri
605 2519 704 2598 specie
724 2519 755 2579 in
775 2516 902 2580 alienum
923 2518 1101 2599 detorquere
1126 2537 1246 2582 sensum
1266 2526 1407 2600 possent3
1437 2521 1464 2582 si
1485 2535 1585 2580 rerum

213 2635 511 2710 argumentorumque
540 2644 653 2690 summa
681 2633 818 2691 cominus
848 2627 1025 2707 immotaque
1053 2636 1246 2708 permaneret.
1288 2627 1329 2689 Ea
1364 2634 1476 2691 tantum
1503 2644 1585 2711 oppu-

215 2737 325 2821 gnandi
345 2738 419 2800 ratio
441 2754 499 2799 non
521 2737 665 2798 immerito
686 2742 846 2818 opportuna
869 2744 1056 2818 censeretur,
1086 2755 1181 2819 equa
1203 2739 1357 2799 existeret:
1385 2745 1496 2820 neqoto
1516 2742 1584 2797 reie-

215 2857 322 2928 etoque
341 2867 504 2926 supremae
524 2852 719 2908 auctoritatis
738 2851 889 2925 primatu,
913 2846 1050 2907 aennon
1073 2867 1178 2908 eorum
1199 2854 1329 2909 munium
1352 2867 1502 2909 cunerono
1520 2867 1584 2924 aup-

213 2965 330 3038 petrre‚
352 2953 461 3035 quibua
480 2953 621 3034 probatio
643 2953 797 3017 coalescit.
839 2955 982 3029 Quamdiu
1005 2957 1083 3017 enim
1105 2958 1242 3037 primatus
1263 2957 1401 3017 institutio
1425 2956 1586 3018 necessaria

216 3076 270 3147 est,
294 3088 333 3129 oe
353 3063 461 3129 borum
480 3063 645 3148 sufficiens
667 3056 782 3127 conano
803 3066 900 3139 deoit‚·
922 3065 1030 3127 tamdiu
1053 3074 1083 3128 et
1098 3067 1141 3126 vis
1159 3064 1336 3146 probotionis
1358 3066 1467 3127 invicta
1488 3071 1587 3137 manet,

216 3184 247 3239 et
267 3175 345 3238 illius
365 3175 504 3237 institutio
526 3172 690 3236 indubitata.
734 3174 815 3235 blanc
835 3174 923 3255 iqittrr
944 3176 993 3245 iis,
1021 3176 1070 3254 qui
1092 3193 1108 3236 a
1129 3174 1214 3236 nobis
1236 3174 1420 3256 professione
1441 3174 1586 3239 dissideat

215 3285 371 3367 praefinire
391 3284 490 3365 legem
511 3299 681 3362 possumus:
704 3281 751 3345 vel
772 3289 804 3344 ut
824 3282 987 3362 probationi
1007 3283 1211 3362 adquiescant,
1234 3282 1280 3345 vel
1303 3291 1333 3345 ut
1355 3280 1522 3357 duodeno,
1543 3300 1585 3343 se·

274 3512 303 3584 ⁶)
323 3508 508 3593 Clodleiatum
523 3509 556 3564 de
571 3509 731 3582 Praesumpt.
753 3510 822 3565 Part.
834 3510 877 3565 tit
993 3510 1035 3577 ¹⁰)
1064 3509 1202 3567 Eiusmodi
1229 3518 1290 3566 sant
1314 3528 1382 3584 quae
1402 3528 1435 3566 ex
1458 3512 1585 3584 minoio

275 3618 303 3689 ⁷)
324 3614 465 3671 Aristoteli
481 3615 508 3669 in
523 3614 543 3669 t
556 3614 627 3670 Post.
642 3614 719 3670 daal.
741 3606 879 3684 ἀπόδειξις
928 3622 956 3670 et
974 3616 1122 3672 doemonio
1142 3618 1296 3690 doponntoru
1316 3617 1490 3690 deduximus,
1511 3632 1586 3689 qaee-

215 3729 257 3779 eat
283 3710 461 3795 oofbopmpbe
487 3712 712 3793 interponentis,
745 3723 879 3777 reienboe
928 3737 978 3792 que
1005 3738 1040 3776 ex
1067 3724 1173 3778 unitate
1192 3730 1221 3777 et
1240 3723 1426 3779 ratbolicitute
1452 3724 1585 3779 ecclesian

215 3830 359 3902 efficimus,
380 3832 434 3881 turn
455 3819 535 3881 nino
554 3820 635 3893 δεῖξις
654 3818 767 3898 ἀληθής
786 3825 832 3882 καὶ
850 3820 879 3894 ἐξ
928 3829 1185 3902 episcoporumque,
1216 3831 1264 3901 qui
1289 3830 1405 3902 nopotis
1431 3834 1585 3902 praem

215 3926 334 4009 ἀληθῶν
353 3924 522 4007 προτάσεων.
567 3932 654 3989 Semel
675 3932 726 3988 troc
746 3932 877 3989 vocabulo
927 3934 1063 4008 preqiboa,
1083 3937 1254 3991 institutione
1274 3935 1463 3991 denuntiatus.

94 4080 98 4087 -
216 4042 298 4096 utitur
319 4038 412 4095 Paulus
433 4037 529 4093 ibor.
549 4036 579 4092 ll.
594 4038 627 4091 4:
662 4027 738 4093 Ἀλλ’
759 4037 787 4093 io
807 4028 878 4093 rino

992 4093 1034 4163 ΙΙ)
1058 4091 1174 4148 'lentium
1196 4095 1302 4148 nomine
1323 4099 1444 4148 vetustos
1465 4092 1583 4164 significo

215 4139 293 4214 0³¹3&
313 4160 467 4217 mimi
485 4160 532 4197 κω
551 4140 698 4215 amm·
927 4198 1056 4253 eeclesiae
1077 4186 1197 4271 patres,
1212 4215 1321 4270 quorum
1349 4201 1495 4255 sententias
1516 4213 1582 4252 eom

276 4252 302 4326 ⁸)
323 4249 462 4306 Vocabufa
484 4251 534 4303 iota
555 4254 629 4317 aunt,
653 4246 722 4318 quae
741 4249 878 4321 probatio·

214 4361 255 4415 aia
273 4359 393 4429 [ormam
413 4356 563 4426 designant.
622 4410 628 4421 ,

274 4464 301 4536 ⁹)
332 4464 373 4519 Ac
400 4462 578 4517 necessarium
605 4476 670 4514 eane
702 4460 766 4533 fuit,
797 4478 876 4533 quum
1098 4518 1103 4529 ,
1144 4518 1149 4529 ,

217 4568 248 4642 1)
269 4569 351 4624 daeo
370 4567 507 4623 doctrinae
528 4567 615 4640 capite
635 4581 784 4641 mmmm,
806 4568 877 4639 qaod
926 4516 1040 4588 prum
1061 4516 1203 4572 'bmdwe‘'

214 4675 333 4730 ediuiaa
347 4673 434 4729 solum
448 4674 611 4729 revelatione
625 4672 793 4729 innotescere
803 4680 877 4730 certo
992 4675 1034 4747 Η)
1062 4673 1198 4728 Praeclare
1224 4672 1274 4729 bac
1299 4672 1332 4728 de
1352 4690 1382 4729 ro
1401 4675 1539 4730 disseritur
1556 4670 1579 4724 ia

213 4786 335 4855 poterat:
356 4795 487 4853 quumque
506 4779 540 4854 2)
561 4779 722 4837 destinatum
743 4778 822 4835 nobie
835 4794 878 4835 es·
927 4794 1018 4852 opere,
1039 4777 1075 4834 La
1089 4779 1239 4851 Perpetultd
1258 4778 1292 4834 de
1312 4779 1338 4834 la
1355 4778 1403 4834 boi
1423 4780 1458 4835 dc
1476 4774 1578 4848 l’Egliw

927 4409 1020 4481 quibus
1051 4411 1105 4465 vim
1137 4409 1342 4483 dignitatemque
1373 4414 1478 4467 testium
1510 4420 1580 4464 nemo

1630 3098 1632 3195 t

1630 3198 1632 3333 l

928 4305 1122 4377 menteriosque
1142 4320 1193 4360 non
1222 4306 1399 4377 infrequenter
1423 4305 1534 4375 adduxi,
1559 4306 1582 4355 et
1628 4292 1629 4301 ¹

213 4893 264 4962 aet,
286 4886 354 4943 Petri
375 4887 576 4958 praerogatiuae
597 4884 738 4940 bibliorum
752 4886 876 4941 testimo·
926 4884 1077 4955 oatbofique
1108 4885 1232 4941 touchant
1261 4879 1462 4957 f'liucloariotie,
1496 4884 1524 4939 l.
1550 4879 1576 4936 ll.

213 4993 266 5052 niis
285 4986 476 5050 demonstrare.
926 4988 981 5045 liv.
998 4987 1055 5046 vit.
1077 4989 1153 5063 clrap.
1170 4989 1202 5045 ll.
1318 5044 1326 5057 ,
