3258 5400
616 316 761 386 CAPUT
796 321 854 386 lx.
1386 325 1426 386 93

52 434 140 565 lolii,
157 502 228 567 quae
245 491 399 564 prioratm
415 484 501 567 fidet,
523 494 553 549 et
571 492 764 568 praesumtae
779 493 812 551 tu
831 493 1006 568 episcopatu
1015 485 1094 569 fidet
1114 487 1219 551 merito
1239 498 1428 575 nuncupatur,

68 612 185 675 supremo
204 594 331 675 quodam
352 596 415 658 iure
436 596 645 679 postulandae,
673 599 899 682 exigendaeque
919 596 986 660 lldei
1017 600 1221 662 consensionis
1246 600 1427 681 potissimum

67 707 216 769 continetur.

566 1074 799 1170 uultu
849 1074 909 1171 ll.

262 1260 269 1268 ¹
363 1267 412 1332 De
432 1275 473 1331 iis
495 1290 574 1348 quae
593 1266 737 1333 Christus
756 1279 865 1335 mortis
879 1279 942 1335 ium
957 1278 1055 1336 victor
1074 1292 1149 1358 erpa
1165 1270 1295 1336 Petmru
1313 1282 1426 1359 pessit.-

256 1416 296 1428 —
329 1391 366 1443 cc
397 1381 435 1444 de
466 1386 505 1442 iis
532 1388 724 1454 nominatim,
759 1404 837 1463 quae
863 1379 1015 1446 debentur
1042 1379 1144 1445 Mure.
1180 1378 1278 1445 XVI.
1306 1385 1425 1461 6-7,
1550 1418 1558 1437 ·

256 1486 333 1553 Iure.
358 1482 495 1552 XXlV.
519 1488 726 1569 33-35,1.
750 1489 821 1555 Cor.
847 1488 922 1556 XV.
946 1495 1066 1555 3-9:
1088 1530 1129 1540 —
1152 1503 1363 1573 suspectant,
1391 1503 1426 1558 ul

254 1598 385 1663 Petrum
413 1599 552 1663 omnibus
571 1608 779 1681 praepositum
800 1602 1028 1669 demonstrent:
1047 1640 1090 1654 -
1111 1625 1147 1666 eu
1170 1624 1242 1666 sevo
1268 1626 1349 1667 curu
1370 1603 1423 1669 lra-

255 1708 364 1789 ba‘tum,
387 1731 468 1791 quae
488 1709 693 1774 universatem
713 1718 910 1798 magristrum,
937 1721 967 1778 et
987 1720 1133 1798 μεγιστου
1153 1714 1217 1777 miv
1238 1711 1426 1780 ἀποστόλων

256 1820 384 1884 deceret.

147 2107 195 2164 92.
243 2043 290 2163 Si
312 2118 387 2181 quiae
406 2099 535 2163 Christus
557 2099 710 2162 mortalem
732 2099 828 2164 adhuc
849 2103 937 2164 vitam
959 2102 1061 2165 vivens
1084 2120 1157 2184 erga
1175 2103 1332 2183 institutam
1352 2123 1369 2166 a
1391 2123 1425 2169 sc

54 2207 194 2294 ecclesiam
216 2211 359 2291 adhibuit,
380 2209 478 2292 paullo
500 2207 624 2272 velimus
644 2207 810 2291 diligentius
830 2210 1028 2292 considerare,
1051 2210 1138 2274 iaclle
1161 2211 1424 2293 deprehendemus,

53 2315 91 2379 lis
109 2338 142 2383 ou
162 2320 309 2402 capitibus
330 2322 456 2383 maxime
479 2319 630 2381 contineri
674 2318 792 2383 Scilicet
812 2320 832 2383 l.
852 2328 977 2401 coetum,
996 2338 1084 2402 quem
1104 2330 1255 2403 coegerat,
1278 2341 1424 2404 quemque

51 2428 182 2493 ecclesiae
204 2431 348 2493 nomine¹
384 2434 558 2509 ornaverat,
587 2430 711 2509 ipsemet
733 2431 822 2511 rexit,
854 2449 890 2494 ac
911 2433 950 2494 uti
971 2429 1086 2495 visibile
1108 2436 1195 2512 ceput
1214 2449 1351 2513 suprema
1373 2450 1424 2495 uu-

51 2539 193 2601 ctoritale²
236 2539 422 2621 gubernavit.
467 2538 540 2602 'lum
569 2538 602 2601 ll.
626 2557 665 2602 ex
690 2541 829 2604 universo
858 2539 1063 2623 discipulorum
1093 2557 1215 2602 numero
1245 2541 1421 2605 duodecim³

50 2650 181 2730 secrevit,
211 2648 320 2731 quibus
350 2656 379 2712 et
408 2648 540 2729 apostoli
569 2633 811 2731 appellationem,
842 2658 872 2713 et
892 2651 1117 2732 promissionem
1139 2649 1229 2712 lecit*
1262 2653 1422 2733 potestatis,

49 2772 97 2835 qus
116 2776 323 2840 quaecumque
343 2758 494 2822 solverent
515 2766 563 2822 aut
582 2758 709 2841 ligarent
727 2761 757 2822 in
776 2763 872 2841 terris,
894 2762 924 2823 iu
945 2759 1037 2824 coelis
1058 2760 1128 2822 ilem
1145 2759 1248 2839 soluts,
1275 2760 1423 2844 ligataque

50 2860 241 2932 censerentur.
287 2867 537 2942 Quemadmodum
559 2885 632 2931 vero
653 2868 699 2930 lll.
723 2888 762 2932 ex
783 2870 917 2934 omnibus
932 2868 1079 2951 discipulis
1101 2887 1236 2933 seorsum
1257 2870 1422 2953 duodecim,

48 2974 80 3037 its
108 2976 161 3041 bos
189 2980 271 3042 inter
300 2982 412 3044 unum?
451 2978 561 3061 delegit
581 2978 746 3059 Simonem,
775 2981 822 3043 cui
850 2979 1051 3062 propheticum
1072 2979 1149 3042 Petri
1176 2996 1285 3042 nomen
1311 2964 1421 3063 indidit,

48 3101 182 3168 memque
212 3089 318 3171 lactis,
349 3088 491 3170 dictisque
513 3086 686 3169 significavit
708 3087 834 3151 futurum
856 3090 985 3152 omnium
1012 3090 1138 3172 πρῶτον
1157 3090 1210 3154 καὶ
1231 3086 1417 3173 ἡγούμενον,

47 3199 207 3261 comunitate
233 3202 492 3281 praestantiorem,
521 3198 644 3279 primatu
670 3196 739 3261 lldei
760 3200 923 3280 insignem,
953 3216 1050 3280 eoque
1070 3198 1135 3261 iure
1157 3198 1331 3282 pollentem,
1360 3219 1418 3283 quo

46 3305 260 3371 universitatem
281 3308 408 3372 fidelium
430 3310 460 3371 in
480 3326 538 3371 unu
560 3306 724 3389 eodemque
743 3307 811 3371 fidei
831 3307 1016 3389 professione
1039 3309 1211 3398 contineret.
1381 3396 1384 3401 1

142 3423 191 3480 93.
238 3417 330 3482 Porro
351 3437 440 3500 quum
461 3419 584 3501 peccati,
606 3416 721 3496 inserui,
744 3419 905 3498 mortisque
926 3418 983 3480 iam
1006 3419 1099 3480 victor
1113 3437 1150 3481 eo
1169 3425 1250 3482 esset
1264 3417 1415 3483 Christus‘

45 3522 190 3605 rediturus,
213 3526 293 3590 unde
308 3528 438 3592 inlinita⁷
474 3529 564 3592 Patris
585 3527 791 3592 benevolentia
806 3526 842 3590 sd
856 3526 1069 3610 redimendum,
1090 3528 1310 3611 sanandumque
1324 3529 1418 3594 bomi-

45 3647 105 3695 uum
129 3653 227 3717 genus
249 3636 452 3720 descenderet,
478 3639 688 3720 promissiones
708 3636 862 3701 duodecim
887 3635 977 3700 luctas
999 3637 1134 3719 exsolvit,
1155 3645 1415 3722 potestatemque·

99 3884 125 3960 ¹)
145 3886 174 3943 ld
195 3889 311 3961 primum
328 3890 577 3950 lecitllattln.llVl.
590 3891 635 3961 18,
656 3890 701 3947 ubi
753 3887 798 3945 14.
825 3904 900 3961 seqq.
951 3889 1002 3946 Ubi
1034 3891 1121 3947 ueteri
1156 3891 1300 3964 petulantis
1337 3891 1418 3951 debet

47 3987 115 4046 sinn
140 3993 303 4068 declaravit,
331 3998 435 4069 quinam
463 4001 538 4055 vices
565 3996 702 4070 conspicui
752 3995 833 4050 llarci
861 3993 972 4050 Antonii
999 3995 1033 4051 de
1058 3995 1180 4053 Dominis
1210 3999 1236 4053 iu
1266 3999 1357 4070 priore
1384 3999 1418 4055 de

47 4091 199 4156 lundomenti
221 4108 295 4157 esset
314 4101 444 4160 obiturus.
753 4098 896 4173 Republica
911 4100 1092 4158 ecclesiastica
1106 4086 1192 4176 libro',
1214 4117 1272 4175 cop.
1283 4102 1315 4159 ll.
1331 4121 1357 4159 n.
1369 4102 1416 4160 20.

98 4219 125 4294 ι)
145 4239 171 4277 n,
193 4223 243 4279 74,
751 4207 907 4263 scribentis:
936 4205 1089 4281 „llab'emus
1109 4209 1198 4280 iraque
1219 4209 1348 4282 apostolis
1368 4211 1416 4266 ni-

99 4342 126 4417 3)
145 4345 208 4401 uuo.
229 4345 276 4402 v1.
301 4344 346 4401 va.
371 4346 431 4404 0011.
458 4346 478 4402 1.
493 4312 555 4402 cin.
575 4345 632 4403 xlv.
653 4344 701 4422 os,
753 4312 1040 4475 &ulamma
1061 4313 1123 4476 ἓξὲξ
1143 4316 1333 4476 masmar,
1364 4317 1416 4478 :¹⁸³

1195 4438 1203 4477 ι
1231 4438 1240 4476 r
1335 4439 1369 4479 ev
1387 4440 1417 4478 n-

47 4443 134 4601 m?
153 4450 200 4506 lv·
223 4451 251 4508 2⁹
752 4434 816 4594 {elii
830 4524 1065 4598 pruedlcstlonem,
1087 4437 1343 4583 ninismrinllulieet
1360 4545 1417 4586 oon

112 4573 240 4646 mmm
261 4572 357 4629 XVHL
381 4571 426 4628 ω’
656 4696 661 4701 ,
752 4631 916 4703 potestative
940 4630 1143 4706 propagandae,
1171 4639 1199 4689 et
1218 4649 1266 4706 per
1290 4633 1416 4706 baptismi

100 4692 126 4767 ὅ)
144 4710 188 4757 ⁰¹·
212 4694 258 4752 13·
278 4711 353 4768 ‘eqq'
752 4752 827 4792 usum
848 4734 1019 4792 smannens
1059 4735 1097 4793 lta
1117 4755 1151 4793 ne
1173 4728 1262 4795 verul
1281 4739 1332 4796 lmc
1348 4756 1415 4815 ergo

74 4812 624 4887 '‘l5011·XV¹·5-¹⁰··¹⁶··²⁸·
750 4842 821 4899 redit
850 4841 1033 4915 spostolorum
1063 4836 1195 4913 dissolui
1231 4863 1309 4920 qaam
1340 4847 1416 4904 aliter

101 4934 127 5009 ¹)
146 4939 208 4995 lob.
229 4939 272 4996 lu.
296 4940 342 4997 16.
751 4947 973 5022 chrysostomus,
1007 4947 1050 5018 qul
1082 4949 1116 5005 de
1145 4950 1217 5005 Pauli
1247 4953 1415 5006 ordinatlom

103 5040 129 5116 ⁸)
147 5044 237 5103 muln
250 5045 371 5107 xxvltt
388 5045 433 5105 18.
454 5047 515 5107 coll.
534 5049 613 5109 llum.
628 5050 698 5109 xvl.
749 5050 810 5109 Act.
825 5052 894 5110 xltl.
909 5051 937 5110 2.
958 5050 1084 5125 loquens,
1113 5049 1412 5109 utnon.xxvl1.in
