3266 5416
219 336 260 394 m
543 316 546 321 ’
740 330 1072 400 enonneonnux

220 508 303 566 terea
331 516 414 581 esse,
441 520 527 582 quam
549 501 694 566 sinceram
717 500 928 585 Scripturarum
950 500 1205 586 explanationem?
1235 522 1294 568 oon
1314 522 1372 569 una
1393 521 1468 587 ergo
1488 522 1581 568 necas
1629 559 1630 588 ,

221 614 310 693 sitas,
339 609 394 674 sed
420 611 526 674 eximia
556 630 622 675 curn
649 615 823 677 necessitate
851 615 1005 678 eonivmcta
1025 614 1131 677 utilitas
1152 613 1221 681 mdvi
1241 615 1373 678 stimulos
1394 614 1533 694 subiecit,
1560 622 1582 675 nt

221 722 441 804 praerogativas
462 720 556 802 Petri,
584 724 759 806 propriaque
783 723 859 787 illius
880 724 942 787 iura
962 725 1123 806 patrocinio
1144 732 1174 786 et
1195 724 1406 806 scripturarum
1427 724 1583 787 auctoritate

222 831 439 914 comprobando
460 832 650 914 susciperem.
1551 843 1558 850 ’

733 1286 1071 1382 cttttll.

541 1476 594 1542 De
618 1487 799 1545 testimoniis
823 1490 942 1567 agitur,
973 1504 1054 1563 quoe
1080 1483 1124 1547 od
1145 1493 1339 1564 praesentem
1369 1506 1516 1549 caussam
1541 1492 1587 1547 rto

437 1590 690 1670 cognoscendam,
719 1592 976 1672 dirimendomque
996 1591 1194 1676 referuntur:
1213 1629 1253 1640 —
1278 1595 1451 1658 emmmoott
1471 1616 1509 1657 eo
1529 1600 1587 1669 citt,

438 1706 468 1762 et
488 1719 548 1779 gato
566 1700 654 1763 mmo
674 1722 710 1764 ae
730 1702 774 1765 od
784 1709 911 1766 invicem
928 1700 1082 1767 babeant:
1103 1738 1145 1750 —
1165 1701 1231 1766 olto
1242 1709 1361 1783 potiora
1382 1712 1470 1779 aunt,
1488 1711 1519 1767 et
1537 1702 1589 1766 dn

436 1813 477 1870 tis
499 1805 646 1887 obnoxio,
669 1818 763 1891 utque
782 1820 828 1875 tto
850 1820 1042 1893 comparato,
1069 1821 1104 1877 ut
1124 1812 1222 1876 lucem
1242 1834 1285 1876 ee
1305 1811 1385 1889 uta,
1405 1811 1587 1894 firmitatem

437 1939 496 1998 que
516 1927 709 1983 mutuentur:
732 1954 771 1968 -
798 1919 936 2001 Damnst,
958 1920 1150 2003 altorumque
1171 1942 1260 1985 error
1280 1930 1414 1986 notatur.

295 2255 298 2260 ,
332 2176 381 2250 tt.
419 2133 574 2255 videmur
591 2192 686 2276 nobb,
709 2200 845 2275 quantum
860 2194 930 2257 satis
945 2200 999 2272 est,
1021 2191 1226 2256 necessitatem
1243 2191 1407 2273 explicasse
1422 2193 1589 2271 conterendi,

229 2297 473 2381 expendendiquc
495 2320 531 2364 ea
549 2301 704 2365 bibliorum
725 2304 898 2384 testimonia,
922 2323 997 2385 quae
1020 2302 1057 2366 ad
1077 2302 1153 2366 Petri
1173 2303 1402 2383 praerogativas,
1425 2304 1591 2387 singulares

227 2427 285 2490 que
315 2407 411 2472 dotes·
431 2411 623 2493 asserendas,
659 2412 841 2493 tuendasque
872 2413 1032 2493 pertinent:
1070 2430 1167 2492 neque
1182 2407 1185 2412 ’
1199 2412 1404 2474 necessitatem
1440 2389 1590 2496 explicasse

226 2517 336 2601 solum,
358 2537 462 2582 verum
484 2522 572 2587 etiam
593 2522 703 2585 intento
725 2521 818 2584 terme
840 2521 931 2604 digito
953 2521 1061 2584 iontem
1085 2522 1244 2603 aperuisse,
1258 2539 1285 2584 e
1307 2539 1364 2602 quo
1387 2540 1431 2585 ea'
1444 2523 1590 2604 proticisci·

226 2635 274 2691 tur
294 2648 330 2692 ac
351 2630 486 2693 dImanat.
530 2631 626 2707 Quare
654 2632 724 2695 illud
749 2632 807 2695 iam
833 2633 977 2713 sequitur,
1006 2638 1038 2693 ut
1063 2649 1138 2713 quae
1163 2631 1220 2694 sint
1243 2630 1407 2694 huiusmodi
1428 2634 1591 2707 testimonie,

227 2738 266 2801 ad
293 2756 368 2819 quae
392 2743 517 2803 'caussae
541 2740 678 2804 iudicium
703 2742 783 2823 exigi
812 2740 914 2820 debet,
948 2740 1133 2822 proferantur
1158 2741 1187 2802 in
1215 2740 1357 2819 medium,
1390 2741 1592 2824 diligenterque

226 2856 434 2911 memorentur.
477 2850 561 2923 Quod
583 2869 671 2932 quum
691 2849 754 2913 lieri
775 2849 926 2932 dupliciter
939 2850 1040 2931 possit,
1062 2849 1219 2913 universim
1242 2856 1329 2931 atque
1348 2851 1379 2913 in
1400 2860 1592 2934 summatum

227 2955 353 3033 εἰδικῶς
381 2965 469 3041 atque
497 2978 649 3043 seorsum3
676 2961 839 3023 accuratior
864 2959 1028 3023 disserendi
1052 2960 1126 3021 ratio
1149 2960 1297 3040 postulare
1324 2960 1454 3041 videtur,
1487 2970 1520 3025 ut
1543 2969 1592 3023 am

227 3067 308 3159 natal
327 3073 422 3151 μέρος
444 3077 474 3131 et
493 3071 646 3133 enucleate
666 3078 892 3151 recenseantur,
920 3089 1009 3152 quum
1034 3070 1071 3132 de
1099 3069 1222 3151 singulis
1243 3069 1428 3152 enarrandis,
1457 3073 1593 3135 vindican·

228 3177 331 3258 disque
352 3196 451 3241 sermo
473 3177 643 3270 habebitur,
674 3182 703 3243 in
726 3188 911 3243 antecessum
931 3198 1004 3242 vcro
1026 3197 1080 3260 per
1100 3196 1228 3260 summa,
1256 3186 1289 3243 ut
1314 3180 1406 3260 aiunt,
1439 3184 1547 3264 capita,
1572 3186 1595 3241 et

228 3287 354 3369 quodam
375 3287 464 3351 veluti
485 3290 658 3371 compendio
680 3297 948 3373 repraesententur.

335 3437 384 3495 28.
426 3433 526 3514 ltaque
554 3435 579 3497 si
608 3432 763 3516 Stagirites
790 3434 980 3516 obsequimur
1004 3434 1035 3496 in
1063 3432 1158 3514 primo
1184 3432 1429 3498 Nicomacborum
1463 3435 1593 3516 edicenti:

230 3536 361 3615 ἕκαστος
382 3542 479 3622 κρίνει
500 3543 623 3620 καλῶς,
645 3538 669 3608 o‘c'
688 3543 850 3627 γινώσκει,
873 3544 926 3608 καὶ
946 3540 1065 3607 τούτων
1085 3543 1167 3606 ἐστὶν
1186 3537 1319 3624 ἀγαθὸς
1340 3536 1465 3624 zermig:
1490 3544 1595 3628 putabi-

231 3666 310 3729 mus,
337 3648 548 3731 Scripturarum
574 3652 676 3736 ellata,
706 3672 781 3735 quae
810 3653 847 3717 ad
869 3659 1055 3734 praesentem
1078 3651 1317 3734 disceptationem
1338 3654 1520 3736 referuntur,
1545 3670 1595 3721 non

230 3760 267 3822 iis
288 3758 400 3822 absolvi
421 3779 496 3841 quae
517 3762 781 3843 apud-Matthaeum
804 3767 825 3843 ¹,
846 3764 954 3827 Lucam
975 3767 986 3796 ²
1011 3771 1041 3826 et
1054 3763 1218 3827 iohannem
1238 3766 1249 3796 ⁸
1272 3763 1419 3845 leguntur,
1441 3765 1498 3828 sed
1518 3763 1596 3827 multo

230 3869 454 3953 paterclatius,
480 3889 574 3954 eaque
594 3868 691 3937 omni‘a
712 3873 883 3954 complecti,
913 3891 988 3954 quae
1009 3874 1073 3936 sive
1094 3875 1125 3936 in
1147 3873 1326 3955 evangeliis,
1353 3874 1468 3936 sivein
1491 3880 1597 3956 aposto

231 3979 327 4045 torum
348 3983 419 4045 actis
438 3990 525 4063 atque
547 3981 675 4065 epistolis
689 3984 861 4064 consignata
880 3989 1019 4063 prostant
1060 3982 1175 4047 Etenim
1196 3983 1416 4064 sapientissimis
1436 3982 1495 4046 bac
1515 3983 1552 4046 de
1571 3998 1598 4042 rc

233 4091 362 4173 arbitris,
391 4091 574 4173 eximiaeque
598 4091 692 4156 lamae
713 4092 878 4175 theologis,
906 4090 1050 4155 Cardinali
1071 4091 1211 4155 Perronio
1232 4093 1262 4154 in
1284 4109 1390 4173 opere,
1417 4111 1476 4173 quo
1497 4090 1599 4157 lacobo

232 4199 358 4283 Angliae
378 4201 445 4283 regi
465 4201 624 4285 respondit,
646 4202 821 4266 Bellormino
842 4203 872 4264 in
893 4202 1095 4264 controversia
1115 4200 1152 4263 do
1172 4202 1297 4282 primatu
1309 4201 1395 4282 Petri,
1417 4201 1560 4266 Bossueto
1579 4202 1597 4277 ⁴,
1630 4284 1631 4297 ἵ

297 4429 324 4506 ¹)
343 4429 433 4487 llattb.
453 4430 524 4487 xvi.
548 4429 686 4487 15—20.
943 4423 1071 4504 l'amoor3
1099 4427 1124 4484 le
1147 4428 1263 4500 premier
1286 4427 1320 4484 do
1344 4433 1405 4485 tons
1425 4429 1464 4485 les
1488 4428 1598 4503 apdtrct,

296 4537 324 4613 ²)
345 4536 406 4593 buc.
426 4535 508 4594 xxii.
529 4536 668 4592 31-33.
944 4535 989 4606 qui
1013 4535 1053 4589 rit
1078 4532 1103 4588 lc
1124 4533 1245 4589 Sauveur
1269 4535 1415 4591 ressuscitat
1442 4535 1489 4592 des
1515 4538 1598 4601 morts,

297 4641 326 4718 Ι)
346 4643 406 4699 Job.
426 4641 496 4699 xxi
520 4641 658 4698 15-18.
945 4655 1049 4696 mmme
1069 4639 1088 4696 il
1108 4656 1142 4695 eu
1162 4641 1237 4696 avait
1256 4606 1346 4696 ete'te
1366 4642 1481 4713 premier
1507 4638 1598 4694 te'moin

299 4748 327 4822 ⁴)
347 4747 426 4805 Cuius
446 4750 497 4805 ista
517 4755 579 4805 sunt
597 4749 625 4804 in
645 4765 724 4805 serm.
737 4764 784 4804 sur
796 4743 896 4822 l'uuitt,
945 4746 1044 4802 devant
1068 4751 1126 4801 tout
1148 4744 1173 4801 le
1198 4745 1309 4820 peuple3
1332 4744 1358 4800 lo
1383 4746 1498 4818 premier
1522 4739 1599 4816 quand

238 4853 280 4912 1η
293 4856 398 4929 partie:
428 4856 536 4930 „Pierre
561 4854 651 4928 paruit
674 4855 698 4911 le
725 4856 839 4927 premier
864 4870 897 4910 en
946 4852 965 4908 il
990 4851 1064 4908 labat
1088 4851 1197 4924 remplir
1221 4851 1247 4907 lo
1273 4850 1383 4906 nombre
1410 4851 1458 4906 dos
1485 4850 1599 4923 apoteca,

237 4968 328 5020 toules
354 4963 501 5039 metatores,
529 4962 555 5019 le
580 4962 695 5035 premier
721 4978 736 5017 a
761 4960 899 5016 confessor
946 4959 973 5015 le
988 4958 1103 5032 premier
1122 4960 1167 5028 qui
1187 4956 1311 5012 monens
1331 4956 1358 5012 la
1377 4958 1415 5012 toi
1435 4973 1484 5030 par
1503 4973 1537 5011 un
1557 4952 1599 5008 mi-

238 5069 265 5128 la
280 5071 334 5148 toi,
345 5070 371 5127 la
383 5071 498 5143 premier
510 5062 900 5142 dousl’obligatioud'cxeroer
947 5064 1036 5140 recle,
1054 5063 1081 5120 le
1101 5062 1215 5136 premier
1235 5061 1251 5117 b
1270 5062 1404 5118 convertir
1422 5061 1461 5119 leo
1480 5061 1563 5136 tuiis,
1579 5056 1601 5114 lo
