3300 5402
635 332 780 402 CAPUT
821 334 846 397 1.
1370 338 1433 397 too

75 508 193 590 abusque
211 509 347 571 maiorum
368 505 501 589 gentium
523 504 697 588 angiieanos
717 503 875 586 beatoque
895 501 1086 585 respondere,
1108 501 1176 566 inde
1197 500 1435 565 manifestissime

74 617 161 698 educi,
185 617 257 698 quod
285 624 401 681 constet
428 615 571 679 Christum
598 615 636 677 de
662 621 783 679 aattete
803 611 998 698 stapaiestrm
1019 610 1222 675 eeeiestaraar
1243 609 1435 675 aebmeater

65 724 161 809 siesse
178 725 346 803 adlatam,
368 744 435 789 eam
456 741 528 788 tero
549 723 637 786 talem
658 742 736 803 esse,
759 741 845 806 quae,
867 729 975 806 negata
999 721 1183 815 distinctione
1200 723 1434 804 praestantiaque

68 837 271 918 episcoporum,
299 820 465 898 nuiiatenus
494 831 619 896 obtineri
646 850 736 914 posse
763 834 904 897 mdeatur.
948 831 1124 912 Prudenter,
1153 832 1207 895 sad
1229 833 1374 896 minorem
1395 851 1434 895 ne

68 945 101 1008 te
118 953 229 1009 aetate
248 952 341 1009 totius
355 943 511 1020 ecciesiae,
533 960 620 1024 quam
640 941 842 1006 eeclesiarum
862 939 1057 1025 stapaiaram
1079 958 1178 1004 curam
1194 940 1434 1005 sollicitudinem·

67 1071 119 1135 que
138 1054 261 1118 Christus
282 1050 430 1117 ostendit?
457 1054 638 1135 persuadere
658 1053 730 1117 mibi
755 1070 816 1116 non
837 1070 957 1134 possum
980 1049 1045 1113 iora
1067 1050 1196 1132 aliquos,
1228 1052 1278 1133 qui
1305 1052 1335 1114 id
1355 1053 1435 1115 serio

64 1161 195 1226 maana
220 1171 307 1246 atque
336 1163 520 1226 mntendant
563 1162 683 1245 Ecquae
708 1164 786 1226 enim
813 1164 908 1225 unitas
934 1161 989 1224 nisi
1017 1158 1166 1224 ecelesiae
1188 1168 1281 1223 tottaes
1310 1161 1358 1224 illa
1380 1168 1434 1243 est,

65 1288 144 1353 pam
157 1272 285 1336 Cbrbtua
308 1270 493 1335 commendat
506 1274 535 1307 ⁸⁰
559 1280 590 1335 et
609 1273 757 1354 praecipit,
780 1289 926 1354 quamque
948 1270 1072 1353 apostoli
1093 1278 1246 1353 tantopere
1267 1268 1434 1334 inculcant?

65 1388 92 1443 et
110 1381 174 1445 dum
194 1384 224 1445 in
244 1380 379 1465 symbolo
399 1402 493 1444 anem
513 1380 682 1463 mobtemur
703 1381 874 1459 ecetesiam,
896 1378 1118 1460 pertteaierem
1139 1398 1177 1443 aa
1199 1380 1373 1459 ecclesiam,
1397 1399 1434 1443 an

62 1489 163 1571 abique
177 1489 330 1576 diffiteare
350 1487 572 1573 significamusi
594 1491 672 1555 iiiam
687 1493 779 1573 ipsam
793 1488 1002 1572 significamus,
1024 1508 1111 1571 quana
1125 1489 1230 1563 eadem
1247 1490 1433 1571 professione

62 1606 193 1663 tmumur
213 1619 283 1665 asse
304 1597 498 1675 amaeam,
527 1609 614 1682 atque
635 1606 785 1663 aetatem
806 1599 874 1661 ideo
896 1596 1044 1662 ecciesiae
1065 1598 1234 1663 eetbdtcae
1254 1600 1432 1681 profitemur.

61 1707 118 1771 Fuit
140 1710 225 1792 igituir
253 1709 422 1790 consilium,
449 1709 502 1772 tuit
528 1716 608 1772 certo
637 1707 742 1773 Christi
768 1707 917 1787 aetantes,
947 1715 979 1770 ut
1005 1714 1136 1771 aetatis
1163 1709 1233 1772 dote
1253 1731 1291 1772 aa
1313 1717 1435 1772 tessera

61 1824 117 1881 tem
135 1818 250 1904 stirpata·
269 1826 376 1883 coctas
396 1840 488 1899 quam
508 1826 689 1883 arduam
708 1817 861 1882 ecelesiae
881 1839 993 1899 empus
1012 1816 1259 1902 praesaiqererrt.

159 1935 206 1992 19.
250 1929 341 1993 Porro
365 1931 390 1992 si
411 1929 449 1992 ad
470 1928 654 1993 efficiendam
673 1927 871 2010 tuendamque
897 1936 929 1991 ia
950 1926 1083 2013 singuiis
1102 1924 1280 1991 circinata
1300 1926 1435 1991 coetibus

62 2038 190 2103 unitatem
211 2040 414 2103 necessarium
435 2028 502 2120 fuit,
528 2045 561 2101 ut
588 2037 645 2101 iilis
672 2037 780 2120 singuli
806 2036 1035 2119 praeficerentur
1053 2039 1196 2103 antistites
1220 2037 1436 2121 apresoperis
1467 2028 1470 2031 ’

62 2145 191 2229 disdncti,
213 2167 251 2212 ac
271 2148 450 2231 presbyteris
465 2148 637 2211 auctoritate
650 2148 797 2228 potiores:
820 2150 845 2210 si
866 2150 941 2211 ratio
961 2147 1080 2231 flagitat,
1100 2156 1133 2211 ut
1154 2147 1284 2212 Christus
1305 2150 1355 2231 qui
1377 2150 1436 2211 sin·

60 2256 170 2338 galeros
196 2258 373 2321 obsistamus
398 2266 501 2321 coetus
526 2257 617 2320 voluit
636 2259 747 2321 unitate
774 2256 986 2336 cohaerentes,
1014 2258 1093 2322 idem
1111 2264 1214 2321 auctor
1233 2259 1436 2340 institutorque

60 2364 223 2430 mummius
247 2369 499 2449 praestantiaeque
521 2368 724 2450 episcoporum
746 2367 904 2448 habeatur3
931 2366 1136 2431 arbitrabimur
1156 2386 1195 2430 ne
1215 2366 1264 2461 yet
1286 2367 1323 2430 ad
1346 2367 1437 2430 effici·

60 2475 157 2540 andam
183 2476 466 2559 custodiendamque
493 2484 643 2541 aetatem
663 2475 828 2542 eetioiieae
848 2475 996 2541 ecelesiae
1023 2494 1084 2541 non
1104 2477 1197 2541 fuisse
1224 2479 1436 2559 necessarium,
1556 2512 1560 2521 ·

60 2592 88 2647 ut
105 2585 177 2652 iliius
197 2589 335 2670 regimen
356 2585 528 2650 antemittit
543 2594 726 2668 mamardo,
748 2589 795 2650 cui
810 2606 914 2651 omnes
933 2586 1100 2668 subessent,
1122 2588 1366 2651 committeretur:
1388 2585 1437 2649 vei

60 2697 193 2767 mtionem
213 2719 276 2762 aaa
297 2719 339 2760 ec
358 2717 457 2777 eeqrro
477 2696 635 2779 postulare,
657 2704 689 2759 ut
702 2697 833 2760 Christus
854 2697 904 2779 qui
925 2704 1074 2760 unitatem
1096 2698 1247 2777 praecepit
1267 2694 1437 2760 eetieiieae

57 2803 216 2886 ecciesiae,
250 2814 353 2870 auctor
379 2808 584 2888 institutorque
609 2815 747 2888 pesteris
773 2804 963 2871 antrerreiis
989 2802 1193 2869 existimaturi
1236 2805 1326 2870 Sicuti
1356 2807 1435 2868 eninr

58 2924 219 2981 raamias
235 2934 296 2997 non
309 2918 446 2998 utrinque
462 2917 550 2979 modo
568 2937 629 2997 par
650 2925 704 2995 est,
728 2918 782 2980 sed
804 2934 842 2980 ao
862 2923 1038 2996 eoraperate
1051 2914 1094 2979 ed
1106 2921 1253 2977 aattetem
1267 2913 1436 2978 embeiteee

61 3024 206 3090 eeclesiae
228 3026 369 3106 validior,
398 3044 457 3107 quo
482 3024 626 3090 difficilius
647 3034 693 3089 est
713 3033 889 3089 tanumeros
911 3044 997 3108 quam
1015 3045 1144 3105 maces,
1174 3021 1285 3104 ubique
1304 3021 1438 3108 diffusos

11 3220 13 3227 y
58 3149 138 3212 mam
158 3132 302 3199 brevibus
323 3136 489 3198 adstrictos
505 3133 638 3218 pinibus,
669 3144 699 3199 et
719 3136 844 3201 &sites
865 3142 1000 3220 arpenta,
1029 3131 1181 3212 mombar,
1210 3132 1329 3218 lepidas
1351 3153 1436 3217 mmm

57 3242 112 3306 ribi
131 3244 248 3309 mdes
272 3247 303 3308 in
322 3246 432 3309 unitate
453 3247 626 3326 continereq
648 3246 788 3309 iteratio
808 3263 885 3327 quae
904 3265 962 3326 pro
981 3240 1193 3329 stipatoribus
1216 3242 1355 3306 eeclesiis
1375 3250 1437 3306 sin-

54 3351 178 3436 puieres
197 3362 296 3435 posett
318 3361 481 3431 antistites,
501 3352 597 3418 malm
617 3362 719 3439 eetptt
737 3353 870 3419 calidiora
891 3361 1112 3420 institutionem
1129 3360 1297 3435 praepositi
1318 3361 1437 3416 antem-

56 3462 139 3541 seits,
159 3484 199 3528 ne
220 3465 287 3527 finis
307 3464 420 3546 absque
441 3465 546 3528 mediis
565 3467 701 3547 intentus,
724 3473 754 3528 et
774 3484 813 3528 ne
835 3466 962 3528 divinum
985 3465 1089 3529 Christi
1112 3482 1185 3547 opus
1207 3487 1227 3527 e
1245 3471 1438 3544 praescripto

54 3580 224 3653 retemtas
245 3574 380 3653 devium,
410 3574 596 3657 alienumque
625 3575 763 3638 videatur.
806 3573 882 3649 outo
904 3591 978 3657 ergo
1000 3573 1157 3637 moliuntur
1177 3573 1338 3657 anglicani,
1371 3575 1439 3637 dom

55 3689 210 3767 utrumque
232 3684 340 3766 dogma
361 3684 545 3765 disemum,
566 3703 603 3748 ac
624 3702 678 3765 pro
699 3685 877 3748 institutione
899 3686 1104 3767 episcoporum
1124 3685 1163 3748 ita
1181 3692 1303 3765 cenant,
1326 3692 1356 3747 ut
1374 3692 1437 3764 pri-

54 3800 156 3856 metar
185 3800 408 3857 institutionem
434 3796 607 3876 pugnaciter
633 3790 768 3875 negent?
798 3795 998 3857 auctoritatem
1027 3794 1182 3889 detrphunt
1212 3795 1326 3858 veritati
1352 3812 1438 3875 quarn

11 3896 13 3907 ’
55 3900 229 3982 detendunt,
252 3904 348 3984 iisque
369 3910 517 3967 aetarretis
539 3923 615 3988 quae
636 3910 786 3984 nequeunt
806 3909 869 3964 atat
885 3902 1028 3983 copulata
1050 3905 1227 3982 consistere,
1251 3922 1331 3966 arma
1352 3922 1438 3984 prae·

54 4008 121 4074 beni
141 4012 382 4095 presbyterianis,
405 4012 510 4094 quibus
530 4012 666 4094 placitum
687 4030 778 4094 aquo
799 4013 854 4093 ipsi
875 4011 1092 4093 episcopalium
1114 4030 1223 4075 nonren
1244 4012 1362 4093 habent,
1385 4008 1438 4075 inr-

54 4129 152 4201 petant
173 4122 313 4205 primum,
340 4129 402 4184 tuna
428 4140 501 4185 uero
530 4124 617 4187 etiam
645 4121 828 4185 labefactent
871 4121 968 4196 Quare
994 4121 1093 4186 recita
1114 4122 1268 4185 euidentia
1289 4121 1380 4185 multo
1401 4124 1438 4185 iis

55 4231 183 4295 textibus
198 4230 379 4312 splendidior
399 4232 485 4312 inest,
507 4235 556 4315 qui
577 4232 620 4296 ad
631 4229 848 4295 stabiliendam
861 4228 952 4294 Petri
971 4240 1138 4313 pronatum
1159 4231 1329 4313 afferuntur,
1351 4252 1438 4314 quana

57 4434 163 4503 agmine
184 4431 271 4507 iacto,
300 4433 464 4508 Salmasius,
490 4434 658 4508 blondellus,
679 4434 723 4490 tti-
835 4432 881 4508 “)
902 4433 960 4491 Lib.
977 4436 997 4492 1.
1019 4452 1063 4491 nu.
1084 4433 1151 4491 394.
1173 4449 1247 4506 seqq.
1288 4435 1351 4491 iiihi
1374 4451 1439 4492 sane

54 4544 141 4614 rans,
162 4539 287 4595 bottaeus
307 4546 336 4595 et
354 4539 409 4596 iiiia
429 4539 602 4615 obsisterent,
623 4547 651 4596 et
665 4541 723 4613 epi·
773 4539 972 4611 sngboouorum
986 4542 1089 4614 opimio,
1111 4541 1210 4613 quade
1230 4542 1350 4599 eeclesia
1369 4544 1438 4599 aoi-

55 4658 199 4717 soopurum
234 4634 375 4720 ὑπεροχήν
410 4645 538 4703 diuinitus
574 4647 722 4702 institutam
771 4647 877 4704 serrat
894 4644 1022 4722 “uegsnt,
1057 4647 1129 4719 quod
1159 4648 1193 4703 da
1219 4648 1440 4721 particularibus

53 4757 255 4825 oppugnarent,
282 4767 314 4806 oo
333 4766 368 4807 ao
388 4752 494 4823 quidam
515 4753 723 4809 eonsertationis
773 4753 898 4810 sorbais
918 4753 1065 4827 atumem,
1093 4754 1237 4825 imaginem
1265 4756 1370 4826 quidem
1398 4772 1441 4810 sa-

55 4858 138 4931 euitu,
159 4863 191 4913 ut
204 4856 257 4914 ibis
270 4857 422 4914 eruditione
437 4858 507 4914 torta
523 4874 578 4915 non
598 4861 721 4931 impares,
773 4860 879 4916 iunctae
900 4859 1058 4934 avulsaeque
1079 4860 1180 4916 insulae
1201 4859 1297 4934 reteri,
1325 4867 1353 4916 at
1374 4860 1440 4914 irne-

53 4964 104 5020 ted
130 4963 249 5020 sauiute
274 4962 380 5038 iuditii,
406 4978 439 5019 aa
457 4963 579 5021 bonitate
604 4966 724 5038 inprimis
775 4965 864 5037 gisem
884 4967 960 5037 regni
980 4966 1081 5022 Ciuirti
1101 4979 1154 5021 non
1175 4963 1266 5019 reiert

56 5085 174 5128 esuaaaa
193 5069 351 5143 longissime
371 5070 513 5127 madores
533 5072 694 5130 viderentur.

1140 5169 1225 5245 23*
