3258 5400
611 212 757 281 CAPUT
798 213 921 281 XVlll.
1404 213 1462 275 l'll

80 403 138 449 non
165 386 302 467 sequitur
330 385 514 468 superiorem
533 384 606 448 mitti
631 383 668 447 ab
689 383 836 462 interiori,
863 382 942 465 quod
962 389 1008 446 est
1031 381 1228 462 auctoritatis;
1256 381 1394 446 volsum
1415 381 1466 462 qui

81 496 209 575 mittitur,
232 512 324 577 posse
344 494 496 576 imperium
512 494 646 558 obtinere
667 496 697 556 in
716 510 770 557 eos
791 511 808 555 a
830 491 934 575 quibus
955 492 1105 555 mittitur.“
1147 491 1293 555 Hactenus
1314 490 1363 554 ille
1382 490 1465 572 plura

80 622 264 687 congerens,
286 603 390 687 quibus
411 602 483 666 nihil
503 604 567 666 suni
588 603 699 683 subest,
721 603 791 666 nihil
813 603 890 684 quod
912 603 1108 684 excogitatum
1133 601 1299 683 prudenter,
1322 601 1465 682 graviter·

79 732 135 796 quc
157 714 271 778 dictum
293 713 433 777 videatur.

184 829 260 887 212.
303 823 340 887 Ut
365 824 443 886 enim
469 822 583 905 reliqua
609 823 713 886 tucitus
738 829 938 905 praeteream,
968 840 985 883 a
1011 821 1176 884 Turrettino
1206 838 1360 902 quaerum,
1386 818 1465 881 unde

78 940 157 1014 putet
188 933 336 996 adversus
364 932 441 996 Petri
468 933 689 1014 praerogativas
717 939 837 1014 propter
866 932 1006 995 creditum
1039 930 1079 994 illi
1107 932 1277 994 missionem
1303 928 1466 1011 periculum

79 1045 183 1106 creari.
230 1043 258 1107 E
279 1041 380 1105 cerdis
401 1061 454 1121 ne,
477 1032 581 1124 qiibus
601 1042 696 1105 Lucas
718 1042 822 1121 utitur3
844 1060 881 1104 su
900 1062 918 1102 e
937 1061 972 1102 re
991 1047 1076 1120 ipsa,
1101 1046 1278 1124 nequitiisque
1299 1038 1378 1120 quod
1399 1056 1466 1100 nar·

77 1149 142 1215 rati
164 1172 184 1215 e
207 1152 310 1216 verbis
332 1170 391 1215 non
406 1153 582 1231 censuerim,
605 1169 693 1232 quum
714 1146 895 1214 ἀποστέλλω
916 1151 1025 1231 pariter
1046 1169 1083 1213 ac
1102 1158 1214 1230 nepam
1234 1156 1294 1212 tam
1316 1147 1353 1211 de
1375 1147 1466 1210 maio·

78 1261 157 1324 tiburs
178 1281 257 1345 prae
280 1261 456 1352 minoribus,
488 1278 575 1342 quam
597 1260 634 1323 de
656 1259 842 1346 aequalibus,
871 1278 907 1321 oc
933 1260 970 1322 dc
992 1258 1152 1322 minoribus
1174 1259 1261 1321 etiam
1281 1277 1352 1340 prae
1373 1259 1466 1319 maio·

78 1369 156 1434 ribus
180 1371 318 1435 adhiberi
332 1372 452 1453 possint,
474 1378 504 1434 et
524 1369 589 1451 plus
609 1368 703 1432 semel
717 1368 844 1432 adhibila
863 1370 1054 1450 reperiantur.
1097 1367 1158 1434 Sed
1178 1386 1276 1449 neque
1298 1387 1316 1431 e
1338 1386 1372 1430 re
1393 1368 1466 1449 ipsa,

78 1482 265 1563 negotioque
297 1480 375 1563 quod
406 1480 492 1543 Petro
524 1480 713 1542 commissum
744 1477 844 1541 fertur.
886 1476 986 1541 tttssto
1020 1479 1098 1542 enim
1129 1476 1251 1542 ellectus
1284 1483 1345 1556 est,
1378 1493 1466 1557 quem

79 1589 186 1653 Schola
209 1598 408 1670 ceqasicoeum
429 1587 551 1668 diceret,
572 1589 680 1670 quique
700 1605 760 1651 non
783 1587 819 1649 ab
838 1589 926 1651 unica
940 1605 1044 1652 caussa
1065 1589 1235 1651 necessario
1256 1586 1387 1669 produit,
1409 1583 1464 1649 sed

80 1699 332 1779 quemadmodum
353 1719 392 1763 ex
414 1698 553 1780 imperio,
575 1704 704 1777 nutuque
727 1699 859 1778 maioris,
882 1698 920 1761 itu
942 1718 981 1762 ex
1001 1697 1131 1780 aequalis
1153 1698 1311 1760 minorisve
1332 1695 1466 1775 consilio,

80 1809 231 1891 precibus,
254 1809 455 1873 adhortatione
469 1809 619 1872 dimanare
640 1813 744 1887 potest
788 1808 870 1882 Quae
892 1809 947 1870 nisi
963 1816 1063 1872 essent
1076 1806 1211 1870 omnibus
1225 1806 1466 1888 compertissima,

80 1919 137 1980 mei
159 1937 233 1983 esse
257 1920 386 1982 muneris
406 1918 581 1996 arbitrarer,
606 1915 694 1979 iidem
716 1916 785 1998 illis,
807 1917 1043 2000 evidentiamque
1062 1917 1229 1980 conciliare.
1270 1915 1355 1979 Nunc
1378 1930 1466 1996 quum

81 2027 136 2089 sint
157 2028 329 2110 explorata,
355 2027 542 2110 relinquitur,
573 2032 678 2088 neutro
706 2044 745 2090 ex
766 2028 861 2108 capite
881 2027 1025 2108 potiorem
1046 2027 1122 2091 Petri
1149 2027 1318 2109 dignitatem
1340 2026 1370 2087 ht
1389 2025 1466 2107 peri·

82 2135 178 2199 culum
201 2139 314 2202 vocari.

187 2252 262 2310 213.
304 2245 364 2311 Sed
384 2264 483 2310 nonne
504 2244 679 2326 contingere
701 2250 816 2323 poton,
842 2255 875 2310 ut
901 2247 1099 2329 apostolorum
1125 2247 1296 2311 auctoritate
1325 2263 1361 2308 ac
1381 2261 1467 2326 prae-

83 2360 166 2433 cepto
188 2354 294 2418 Petrus
316 2364 346 2418 et
363 2355 515 2418 lohannes
536 2354 697 2420 Samariam
726 2354 931 2419 mitterentur?
960 2359 1049 2421 satius
1078 2358 1165 2421 luerit
1191 2356 1372 2441 percontari,
1399 2374 1467 2433 pro

83 2456 181 2525 babile
209 2484 248 2527 ne
276 2465 370 2527 videri
398 2463 505 2528 debeat
532 2465 640 2528 iactum
661 2463 691 2526 id
717 2482 802 2545 esse,
833 2473 882 2528 aut
901 2466 965 2531 lieri
987 2469 1074 2531 etiam
1096 2469 1235 2549 putuisse.
1279 2467 1417 2530 Jamvcro
1439 2470 1469 2527 ct

82 2572 153 2635 ratio
175 2593 281 2637 eorum
304 2576 353 2656 qni
374 2576 503 2654 mittere,
533 2574 620 2656 quive
643 2574 714 2637 mitti
735 2575 942 2657 perhibentur,
970 2586 1000 2640 et
1020 2578 1232 2659 scripturarum
1259 2575 1408 2657 analogia,
1439 2581 1469 2636 et

83 2696 156 2760 quoe
178 2686 352 2747 missionem
374 2686 509 2747 comitata
530 2691 613 2765 sunt,
645 2701 763 2747 omnem
786 2685 929 2749 eiusmodi
950 2687 1078 2768 opinioni
1100 2688 1231 2769 speciem
1252 2687 1332 2764 reri,
1361 2682 1468 2766 probo-

83 2786 260 2875 bilitstisque
281 2794 444 2867 debebunt.

187 2902 245 2978 ou
275 2904 353 2967 enim
382 2906 509 2985 mittunt,
538 2911 605 2966 sunt
618 2907 648 2938 ⁶⁸
678 2904 816 2985 apostoli:
845 2902 1037 2978 ἀκούσαντες
1065 2904 1102 2970 δὲ
1127 2906 1156 2968 οἱ
1183 2909 1218 2968 ἐν
1236 2901 1469 2986 Ἰεροσολύμοις

85 3136 305 3214 significationis,
339 3142 408 3198 ratio
436 3141 556 3214 inprimis
582 3156 754 3214 persousrunr
866 3142 920 3200 Sed
941 3159 1067 3216 quosnam
1088 3144 1148 3199 viro
1162 3142 1300 3215 ceteroqui
1313 3141 1416 3197 erudito
1437 3157 1470 3197 ac

85 3238 207 3302 bobenda
222 3235 285 3302 est?
305 3247 342 3302 ita
357 3247 443 3320 plane.
484 3246 536 3303 Cur
549 3262 616 3320 ergo
629 3248 756 3304 enitendi
803 3248 927 3320 pmdenti
943 3249 1019 3304 huius
1033 3248 1187 3305 inierendcc
1200 3248 1379 3306 conclusionis
1400 3247 1469 3303 ratio

89 3348 198 3407 semum
219 3351 253 3407 de
272 3346 365 3427 Petro,
393 3353 450 3411 Sile
471 3359 500 3409 et
517 3352 586 3410 Juda
608 3352 753 3410 adhibitum
805 3344 906 3410 adluit?
943 3355 1051 3411 omnino
1078 3354 1187 3427 duplex,
1214 3354 1295 3410 ultera
1320 3371 1336 3409 c
1362 3355 1469 3409 nominc

87 3454 179 3513 Mem
213 3458 342 3531 accipitur
372 3474 465 3533 senso,
498 3475 577 3531 quum
602 3458 693 3515 Petrus
718 3460 752 3516 sb
802 3460 928 3516 mandati
948 3460 1097 3534 desumpta,
1118 3477 1149 3516 sc
1169 3460 1262 3533 ultera,
1283 3476 1366 3532 eaque
1386 3458 1468 3515 multo

86 3555 135 3615 illis
155 3563 275 3619 muium
296 3563 436 3621 intervallo
455 3554 661 3635 seiungersturi
803 3566 1001 3638 vehementior,
1026 3572 1053 3622 et
1076 3568 1134 3622 sine
1161 3583 1211 3639 qua
1237 3567 1310 3640 prior
1333 3565 1467 3622 hominem

144 3666 191 3744 ⁶⁸)
215 3668 275 3724 Act.
291 3669 359 3725 vlit.
381 3668 426 3725 14.
467 3670 525 3726 Hoc
538 3671 671 3743 pertinent
684 3688 753 3744 quse
803 3687 856 3727 non
882 3671 1088 3746 commovisset,
1115 3680 1254 3748 praecepta
1280 3674 1371 3745 opinio
1396 3669 1468 3744 quod

91 3766 118 3825 Τ.
132 3771 150 3826 1.
165 3775 317 3849 spicilegii,
338 3792 421 3849 pagg.
442 3775 620 3833 tet-283.
641 3776 752 3833 Grsbics
803 3776 895 3833 Petrus
917 3777 1048 3848 dignitate
1061 3780 1158 3853 capitis
1175 3781 1244 3836 inter
1256 3779 1395 3852 apostolos
1415 3793 1467 3833 non

90 3875 207 3936 adnotat.
248 3879 360 3937 collatis
380 3882 450 3939 euim
470 3898 538 3955 quoe
558 3881 689 3938 habentur
702 3882 753 3938 tte-
802 3883 954 3939 eminuerit.

91 3986 271 4054 cognitionum
286 3984 332 4042 lib.
347 3985 367 4042 l.
387 3985 414 4061 5.
425 3986 653 4060 xvh-lxxii,
674 3993 753 4060 atquc
863 3989 962 4045 Veram
982 4006 1059 4063 quem
1080 3992 1147 4048 latet
1163 3991 1331 4065 musso,
1346 3991 1467 4063 proeci-

91 4084 130 4143 his
149 4092 308 4164 descriptis:
348 4091 467 4151 Dicebat
477 4093 573 4152 Petne
592 4093 754 4151 maumam
800 4095 909 4167 piendi,
930 4102 958 4152 et
976 4096 1019 4153 bis
1038 4096 1319 4171 respondentiaverba
1335 4096 1467 4171 parendi,

90 4207 119 4249 te
130 4199 271 4272 παρίω
284 4196 333 4254 obs
347 4205 373 4256 te
386 4198 500 4273 locabo,
521 4207 552 4256 st
565 4217 619 4273 per
630 4200 753 4274 ricquius
804 4199 1009 4275 obtestpermi
1028 4184 1109 4259 modo
1129 4204 1256 4276 pressius,
1278 4203 1360 4259 modo
1380 4202 1467 4258 laxius

93 4306 550 4379 casos,rtqsaerrertarsdteta,
562 4307 754 4381 pesteque,od
786 4314 832 4365 ,et
855 4297 966 4384 α’κύρως
990 4299 1131 4382 usurpari?
1160 4311 1292 4365 neminem
1322 4308 1402 4381 latet,
1435 4323 1468 4362 ac

93 4410 299 4484 tetrmsscriptc
319 4413 529 4470 transmitteret:
548 4413 651 4486 pergit:
671 4412 754 4487 „Col-
803 4415 921 4471 omnium
954 4415 1062 4471 minimo
1092 4414 1216 4471 Grebium
1243 4414 1329 4471 lntuit.
1375 4414 1468 4471 Nonne

91 4508 137 4583 ligi
163 4517 224 4572 hinc
250 4522 356 4591 potest,
382 4519 526 4591 scriptores
553 4525 612 4574 tunc
637 4519 751 4595 lscobu,
803 4536 870 4590 ergo
898 4520 1079 4594 inquirendum
1105 4528 1177 4594 erat,
1204 4536 1257 4593 quo
1284 4537 1364 4577 sensu
1383 4537 1467 4578 mort·

92 4620 218 4678 ecclesiae
231 4623 495 4699 hierosolymitanae,
517 4628 635 4681 omnium
650 4628 751 4698 matris,
802 4627 891 4685 doadi
909 4643 1003 4683 rocem
1030 4596 1124 4701 auctor
1145 4626 1366 4696 decoquitionom
1390 4645 1469 4685 acce·

92 4725 230 4802 episcopo,
255 4731 405 4802 prirnotam
429 4740 511 4806 ntqoe
525 4735 752 4807 proeroqcts'ecm
801 4723 891 4805 periti
912 4734 1029 4789 omnino.
1064 4733 1119 4789 Sed
1140 4731 1273 4789 eiusmodi
1287 4733 1408 4788 institute
1428 4733 1468 4787 in-

88 4843 153 4899 prce
181 4836 241 4908 ipso
266 4835 363 4908 Petro,
393 4838 552 4911 reliquorum
582 4839 750 4915 coryphaeo,
802 4837 915 4911 dupino,
940 4838 999 4894 lucc
1019 4839 1118 4895 clurinr
1137 4837 1300 4911 improprio,
1326 4837 1466 4907 leniorque

95 4938 272 4997 sttribuisss.“
805 4944 926 5019 acceptio
946 4942 1105 5019 enituisset„
1135 4944 1165 5001 ln
1186 4940 1310 4998 omuibus
1322 4940 1394 4997 enim
1413 4944 1467 4999 lem
