3300 5402
221 230 284 293 sos
545 300 551 309 ,
741 230 872 297 maun
912 230 1140 319 antuus,

218 396 352 460 omnihus
373 395 475 461 Petrus
502 416 628 463 consors
651 394 748 479 fieret
774 405 906 479 qasrqrse
931 405 1053 464 ιιιιιιιιι
1077 404 1315 480 properamus,
1343 417 1417 481 quae
1447 415 1534 480 quum
1554 396 1588 461 ilii
1635 430 1636 439 ι

219 512 353 586 mum
371 523 408 569 ao
427 512 564 570 mamare
585 507 686 588 insint,
712 514 914 589 propinquam
940 511 1089 573 continent
1110 527 1259 590 caussam,
1288 508 1327 572 ob
1349 527 1436 591 quam
1456 506 1588 571 ecclesiae

219 615 369 697 princeps,
392 632 621 697 supremumque
642 622 730 698 caput
748 616 881 681 hahetur.
1517 618 1522 629 '

326 725 404 790 Sane
418 728 445 758 ²¹
470 724 585 790 dotibus
606 728 844 809 ornamentisque
859 726 1072 810 saadammtt,
1093 726 1253 813 ιΙιιιςιιι,
1273 731 1417 805 stamma,
1436 733 1587 806 pastorum

217 838 378 913 prinicipia,
407 833 578 915 murique
598 836 648 917 qui
669 846 786 900 omnem
804 856 827 901 ,a
846 836 930 901 Patre
955 839 1101 919 acceperit
1128 844 1318 919 potestatem,
1343 843 1487 916 promisse
1506 840 1588 898 mat·

221 949 377 1023 mttmqsac
397 943 536 1027 debetur,
562 952 595 1008 ut
615 945 741 1010 ecclesia
762 965 780 1009 a
801 945 915 1010 Christo
934 948 1050 1029 penitus
1069 946 1247 1029 dependeat,
1277 946 1404 1010 obnoxia
1425 945 1466 1008 illi
1487 946 1537 1024 sit,
1560 961 1590 1006 ac

221 1053 285 1134 ipse
312 1071 383 1134 prae
409 1053 537 1119 ecclesia
563 1057 627 1121 iure
653 1063 740 1138 atque
765 1053 894 1138 ἐξουσίᾳ
914 1058 1024 1131 ιιιιιιιιιιι
1041 1057 1167 1136 domini,
1196 1057 1385 1138 supremique
1405 1056 1528 1118 rectoris
1545 1068 1589 1135 po

220 1162 316 1225 tiatur.
360 1160 420 1227 Sed
441 1181 586 1245 quaeum
606 1183 646 1229 ex
665 1163 749 1227 hisce
771 1163 885 1228 dotibus
906 1173 966 1245 est,
989 1184 1062 1247 quas
1083 1165 1154 1246 sihi,
1176 1174 1261 1249 prout
1280 1182 1381 1229 rerum
1402 1172 1502 1229 namra
1521 1163 1589 1225 sine·

222 1270 279 1353 hat,
301 1270 429 1335 noluerit
447 1290 517 1337 esse
537 1292 595 1337 una
615 1292 683 1337 mum
702 1273 788 1338 Petro
810 1272 1001 1339 communest
1022 1294 1095 1358 quas
1115 1274 1156 1338 illi
1176 1275 1227 1337 uni
1246 1293 1318 1357 prae
1338 1276 1447 1338 ceteris
1469 1271 1589 1337 omnihus

222 1399 283 1444 uon
304 1378 461 1445 detuleriti
489 1383 621 1465 singudns
634 1388 663 1419 ²²
686 1385 837 1467 impertiit,
866 1401 1030 1465 omnesque
1050 1385 1090 1447 ita
1110 1383 1277 1465 adscripsit,
1306 1392 1338 1447 ut
1363 1379 1589 1465 appellationibus

224 1509 264 1555 ex
284 1492 320 1555 iis
341 1490 435 1555 ductis
456 1490 558 1557 Petrus
578 1509 697 1576 quoque
715 1490 970 1575 fundamentum,
998 1491 1147 1576 clanges,
1175 1490 1388 1573 confirmator,
1418 1487 1590 1555 autumatis

221 1608 344 1683 pastor,
372 1609 527 1682 totiusque
550 1601 700 1666 ecclesiae
719 1599 955 1687 ἡγούμενος
975 1610 1198 1686 nuncuparetur.
1242 1600 1405 1684 Singularis
1426 1602 1515 1683 igitur
1532 1614 1590 1681 pro

222 1713 345 1794 priaque
366 1710 472 1775 honum
493 1720 730 1776 ornamentorum
750 1698 929 1794 participatio
951 1720 1155 1795 argumentum
1177 1709 1300 1792 praehet
1319 1711 1452 1791 insigne,
1473 1726 1530 1791 qno
1547 1706 1591 1770 l’e·

223 1827 284 1885 trus
306 1839 324 1884 a
345 1821 453 1884 ceteris
474 1819 624 1886 distmctm
646 1820 799 1903 apostolis,
820 1820 935 1903 illisque
955 1812 1139 1904 praepositus
1160 1820 1344 1902 intelligatm.

331 1932 402 1993 381.
441 1928 506 2003 Ouo
531 1949 567 1994 ea
593 1948 709 1994 nusum
735 1931 769 1992 V.
790 1931 917 2012 pertinet
942 1930 1058 2005 dimum
1084 1930 1242 2011 sapientiae
1262 1928 1429 2010 dispositio,
1459 1946 1516 2010 qua
1534 1941 1590 2007 pro

224 2040 321 2103 uisura
342 2040 427 2128 est²⁸
451 2046 484 2101 ut
503 2037 606 2102 Petrus
626 2040 657 2102 in
678 2039 805 2102 ecclesia
826 2056 862 2103 aa
883 2040 960 2102 inter
975 2038 1124 2121 apostolos
1141 2038 1264 2121 gmdum
1286 2038 1434 2121 dignitatis
1456 2037 1498 2100 illi
1515 2031 1592 2100 simil

224 2147 326 2213 limum
351 2148 585 2229 nancisceretur,
616 2166 704 2231 quem
729 2146 876 2211 turmam
904 2149 980 2211 inter
1007 2148 1200 2231 patriarchas,
1230 2155 1261 2211 et
1280 2148 1370 2211 ludas
1398 2149 1476 2212 inter
1502 2146 1592 2209 mus

225 2254 361 2322 divinitus
381 2256 577 2321 obtinuerunt
620 2257 702 2320 llanc
728 2274 788 2338 ego
811 2260 917 2334 σχέσιν
938 2259 999 2321 suis
1021 2265 1182 2341 opportune
1204 2257 1278 2320 locis
1291 2260 1318 2291 ²⁴
1343 2257 1488 2339 expolivi,
1513 2254 1592 2318 ulam

225 2384 284 2449 que
304 2383 364 2430 non
384 2365 509 2429 licenter
529 2364 692 2446 confidam,
713 2366 767 2429 sed
781 2366 895 2430 idoneis
910 2366 1063 2430 subnixam
1075 2366 1235 2430 mtionihus
1256 2366 1380 2430 ostendi.
1423 2365 1496 2440 Quis
1515 2377 1591 2446 porro

225 2475 275 2540 vel
291 2494 375 2539 suam
392 2474 560 2538 abrahamo
580 2468 741 2558 ὑπεροχήν
761 2477 879 2557 impune
899 2483 999 2557 neget,
1022 2494 1079 2558 qua
1099 2483 1191 2557 pater,
1214 2476 1403 2556 omniumque
1423 2474 1592 2539 credentium

226 2583 329 2648 doctor
349 2583 402 2648 iuit
421 2585 581 2665 institutus,
610 2584 658 2648 vel
684 2584 788 2648 ludam
809 2603 862 2649 sua
890 2585 1035 2667 exspoliet
1056 2585 1211 2667 dignitate,
1240 2603 1296 2666 qua
1316 2583 1454 2648 iratribus
1473 2579 1592 2666 praesui,

225 2696 321 2777 iisque
342 2693 491 2776 multiplici
512 2695 630 2758 nomine
650 2690 838 2759 antecelluit?
865 2694 952 2776 igituir
971 2712 1070 2776 neque
1090 2694 1135 2758 ias
1156 2695 1298 2776 quispiam
1320 2694 1375 2757 sihi
1398 2692 1485 2757 ducat
1505 2697 1591 2756 aucto

225 2805 310 2869 ritate
330 2804 460 2887 supremi
479 2805 640 2886 magisterii
654 2803 770 2866 Petrum
793 2820 914 2884 exuere,
937 2802 1035 2885 illique
1049 2803 1215 2884 singulares
1235 2802 1319 2866 dotes
1341 2801 1508 2881 detrahere,
1529 2813 1592 2881 quae

226 2934 294 2981 eum
316 2914 465 2994 tratribus,
486 2913 650 2996 iisdemque
672 2913 811 2996 apostolis
833 2913 989 2991 maiorem,
1009 2913 1213 2994 potioremque
1236 2912 1447 2976 demonstrant.

332 3025 508 3089 Praesertim
543 3042 632 3105 quum
663 3024 710 3087 vl
736 3022 864 3087 solemni
895 3020 1086 3103 evangelistis
1116 3021 1265 3086 scribendi
1288 3022 1401 3103 ratione
1428 3019 1505 3085 haec
1528 3013 1592 3079 l’eui

224 3132 353 3215 ἐξουσία
373 3134 537 3198 luculenter
558 3133 754 3198 confirmetur.
796 3131 948 3195 Λιιοιιιιιι
969 3149 1097 3213 namque
1118 3140 1164 3195 est
1185 3150 1222 3195 ac
1243 3134 1361 3194 omnino
1382 3135 1592 3212 praeposterum

226 3263 294 3309 cum
314 3244 435 3325 reliquis
456 3261 524 3308 eum
545 3240 740 3323 codmndere,
762 3259 850 3323 quem
874 3239 1075 3322 evangelistae
1097 3248 1264 3305 constanter
1285 3239 1484 3320 distinxerint,
1505 3235 1592 3301 didin-

226 3361 363 3434 ctumque
391 3352 526 3415 omnihus
543 3351 750 3434 praetulerint
793 3350 852 3416 Sed
879 3349 948 3431 quid
960 3349 1079 3432 ‘reliqui
1099 3349 1233 3413 lecerunt
1253 3348 1470 3430 evangelistae,
1498 3354 1528 3409 ut
1544 3341 1592 3408 sui
1635 3338 1636 3413 i

226 3465 404 3546 propositum
423 3479 492 3525 esse
513 3461 711 3543 significarent
730 3460 847 3523 Petrum
869 3460 1066 3542 distinguere,
1093 3479 1110 3523 a
1131 3459 1252 3540 calquis
1272 3458 1352 3521 illum
1372 3466 1592 3533 secernerent
1635 3450 1636 3473 ¹

226 3569 362 3636 omnihus
382 3570 502 3632 omnino
523 3569 662 3652 apostolis
685 3566 888 3652 praeponeret
910 3571 1004 3632 ausim
1018 3568 1163 3632 affirmare
1176 3571 1205 3603 ²⁵
1222 3567 1294 3630 nihil
1308 3567 1345 3630 ah
1359 3569 1394 3630 iis
1408 3565 1500 3630 luisse
1518 3577 1591 3645 pne

226 3681 394 3744 termimum
416 3677 494 3759 quod
515 3677 574 3741 huc
594 3680 761 3760 pertineret
804 3666 957 3742 hhsonuin
979 3680 1067 3760 igitur
1088 3686 1135 3742 est
1155 3678 1193 3741 de
1213 3677 1289 3740 Petri
1309 3676 1521 3758 pmerogativis
1539 3687 1591 3734 an·

226 3789 348 3872 higere,
371 3786 511 3870 illumque
533 3788 639 3852 eodem
661 3807 720 3870 quo
742 3795 859 3852 ceteros
879 3806 1003 3851 numero
1025 3785 1287 3869 comprehendere.

334 3902 403 3961 382.
446 3896 491 3960 Ac
512 3915 600 3960 nemo
621 3897 754 3980 prolecto
775 3897 836 3960 Vll.
859 3915 926 3961 eum
947 3896 1049 3978 ferret,
1070 3897 1119 3977 qui
1139 3914 1178 3958 ex
1197 3896 1301 3957 usitata
1322 3892 1512 3975 evangelistis
1530 3885 1591 3955 sui·

228 4006 315 4070 bendi
336 4005 429 4071 iorma
451 4023 638 4088 consequens
660 4025 728 4070 esse
751 4005 937 4088 inficiaretur,
959 4006 1104 4070 Christum
1125 4004 1214 4067 veluti
1233 4020 1400 4085 supremum
1422 4010 1507 4085 caput
1526 4001 1590 4062 inter

228 4114 377 4199 apostolos
398 4115 601 4197 praecellere,
628 4115 797 4197 inumtoque
824 4116 971 4199 dignitatis
992 4112 1145 4178 intervallo
1166 4112 1203 4175 ah
1225 4111 1386 4195 apostolico
1407 4112 1592 4196 collegisse
1635 4122 1636 4169 l

227 4226 332 4309 parari.
374 4224 433 4290 Sed
454 4232 628 4307 quemquam
648 4244 746 4308 neque
767 4227 874 4305 omnia,
895 4242 993 4306 neque
1014 4223 1121 4287 eodem
1142 4222 1244 4305 gradu,
1266 4221 1350 4304 plura
1373 4230 1490 4302 tamen,
1509 4229 1590 4298 eaque

291 4421 336 4496 ²¹)
355 4437 400 4477 nn.
422 4418 659 4496 17-20-36,
688 4437 732 4478 nn.
751 4420 892 4497 87-88,
942 4420 1101 4493 campmius
1112 4419 1236 4491 Vitringa
1248 4418 1486 4477 observassem.
1498 4407 1588 4473 lihlll

208 4531 258 4607 ,st
275 4542 319 4585 nm
341 4525 521 4584 113-114.
942 4543 999 4599 cap.
1016 4526 1075 4584 xx.
1096 4525 1224 4599 disputat,
1244 4525 1288 4582 De
1306 4526 1400 4583 stadio
1418 4524 1496 4583 mut
1512 4512 1589 4578 divisi
1631 4556 1636 4629 4

293 4632 338 4708 ²²)
358 4649 403 4690 nn.
424 4631 571 4708 20-22,
599 4648 643 4688 uu.
664 4630 712 4689 60.
731 4646 823 4707 seqq,
849 4647 893 4690 nn.
943 4633 1094 4709 odoporica
1112 4632 1325 4706 interpretandi.

232 4736 411 4796 tuo—lto.

293 4843 339 4919 ¹³)
359 4842 411 4913 Qui
429 4843 483 4900 hoc
495 4841 645 4916 argumenti
657 4857 742 4916 genua
755 4842 895 4901 fastidiunt

231 4956 457 5029 stupentium,
476 4950 672 5024 hilcgcntuou
684 4949 811 5008 inutiliter
825 4965 894 5025 quac
976 4926 982 4932 ⁵
1004 4947 1050 5025 a»)
1069 4964 1113 5004 nu.
1136 4945 1203 5006 115.
1223 4962 1299 5023 seqq.

1005 4790 1051 4868 ²⁴)
1071 4806 1115 4847 nu.
1135 4789 1280 4865 27-33,
1299 4805 1343 4845 nu.
1364 4788 1433 4846 333.
1453 4800 1524 4859 seqq.
