3324 5382
210 302 273 367 574
695 298 829 369 [silim
867 297 1103 367 §munaus

208 487 226 531 a
253 466 479 550 cumomni,
515 468 563 532 vel
586 464 813 557 ,cadelabrum
838 475 869 532 et
894 465 1115 547 discipmorum
1142 463 1250 549 linqua
1282 483 1317 530 ac
1346 463 1587 545 praedicantium

209 580 310 643 oona‘*
336 578 373 641 ab
393 576 570 660 Epiraamio
588 595 674 660 syro,
706 578 755 642 vet
774 577 971 657 praedicator
990 577 1171 639 cummu⁸²
1195 576 1232 638 ah
1253 573 1516 657 hierosolymitano
1535 575 1586 656 Cy·

208 686 276 751 rilio
296 694 486 769 nuncupatur.
528 685 584 751 ista
605 704 733 769 namque
757 688 870 766 omnia,
889 704 1025 768 quaeque
1039 686 1103 751 istis
1117 686 1277 767 propinqua
1292 684 1367 767 apud
1381 682 1483 747 Patres
1502 701 1586 765 saepo

210 804 373 877 recurrunt,
396 815 434 860 eo
455 802 557 877 suapte
578 804 680 861 natura
701 797 861 879 pertinent,
883 802 915 858 ut
934 796 955 859 i.
977 796 1153 877 principatus
1174 797 1204 858 in
1227 796 1399 877 episcopatu
1418 793 1489 857 fidei
1507 793 1587 856 Patro

212 906 334 970 tributus
355 904 549 987 intelligatur:
576 913 608 968 ut
627 904 662 968 ll.
686 924 722 969 ea
744 922 814 969 osse
834 903 912 968 Petri
931 903 1006 967 fides
1028 904 1172 983 crodatrrr,
1196 923 1263 966 cum
1284 922 1342 987 qua
1363 903 1587 967 oruodommn

212 1017 342 1081 omnium
368 1015 442 1079 tides
471 1017 638 1081 consentire
667 1014 770 1079 debet:
800 1033 837 1078 ac
860 1020 1018 1095 propterea
1050 1021 1080 1076 ut
1108 1013 1154 1076 ut
1178 1022 1360 1094 compertum
1382 1014 1519 1077 omnibus
1539 1013 1586 1089 sit,

212 1123 383 1187 catholicam
405 1123 495 1188 tidem
514 1142 552 1189 eo
572 1142 665 1206 prope
685 1123 774 1187 modo
793 1123 852 1187 tidc
872 1123 949 1187 Petri
970 1125 1196 1205 repraesentari,
1218 1141 1277 1206 quo
1297 1142 1449 1187 ramorum
1469 1125 1587 1187 varietas

211 1234 322 1297 unitate
342 1233 457 1313 radicis,
480 1240 510 1299 et
529 1233 690 1297 rivutomm
711 1232 862 1297 multitudo
883 1233 993 1296 unitata
1014 1232 1101 1297 tontis
1122 1240 1390 1315 repraesententur.

654 1449 1057 1526 cortoLLARJUM
1107 1453 1166 1533 V.r

320 1607 390 1665 itt.
432 1602 496 1666 Lex
517 1609 563 1666 est
582 1602 689 1666 Christi
708 1602 926 1666 solemnissima
947 1610 977 1665 et
991 1620 1009 1665 a
1022 1600 1111 1665 Paulo
1134 1620 1225 1685 saepe
1246 1605 1370 1685 repetita
1383 1605 1424 1684 ⁸⁸,
1447 1604 1587 1667 neminem

212 1719 353 1776 aeternae
381 1712 480 1776 salutis
508 1710 572 1775 sore
601 1719 782 1794 compotem,
812 1713 862 1794 qui
883 1714 1030 1776 sinceram
1052 1730 1284 1795 germanamque
1306 1712 1394 1776 fidem
1415 1732 1476 1777 non
1497 1720 1588 1776 sancte

212 1821 391 1885 custodierit
434 1821 576 1887 Sinceme
598 1829 695 1885 autem
717 1838 937 1905 germanaeque
958 1821 1027 1885 tidei
1050 1821 1199 1904 exemplar
1224 1830 1254 1885 et
1273 1821 1447 1904 paradigma
1469 1823 1529 1904 ipsa
1548 1827 1587 1884 est

211 1930 288 1993 Petri
308 1929 390 1995 fides.
433 1931 517 2014 Lege
545 1933 634 2014 igitur
663 1931 769 1995 Christi
795 1933 953 1995 consensio
980 1938 1068 2013 atque
1093 1933 1188 1994 unias
1216 1949 1283 1994 cum
1308 1930 1365 1993 tide
1391 1930 1470 1995 Petri
1495 1948 1587 1994 comm

212 2039 315 2103 haberi
343 2058 466 2103 numero
495 2040 619 2121 debent,
648 2059 724 2122 quae
745 2041 781 2104 ad
804 2040 1044 2122 consequendam
1065 2039 1188 2103 salutem
1210 2042 1383 2103 necessario
1405 2040 1585 2123 postulantur.

212 2149 294 2213 Hanc
314 2148 414 2233 legem
434 2150 498 2215 tulit
516 2150 662 2232 Christus,
684 2169 772 2232 quum
794 2149 879 2214 Petro
899 2150 980 2228 dinc,
1002 2146 1150 2230 στήριξον
1170 2144 1244 2224 τούς
1270 2146 1437 2236 ἀδελφούς
1459 2168 1532 2213 σου.Ι
1551 2154 1586 2211 at·

213 2277 271 2340 que
293 2258 330 2321 de
352 2258 407 2322 hac
428 2260 499 2343 lege
520 2262 608 2324 toties
629 2260 786 2342 loquuntur
805 2258 922 2339 Patres,
956 2261 1071 2341 quoties
1101 2259 1149 2322 vel
1177 2259 1197 2320 Ι.
1220 2278 1256 2322 ea
1279 2258 1387 2322 docent
1416 2279 1493 2341 quae
1512 2276 1586 2341 prac-

213 2368 385 2431 cedentibus
414 2370 604 2432 consectariis
630 2369 799 2433 retulimus:
830 2367 878 2432 vet
905 2369 938 2432 u.
961 2388 1028 2432 curn
1054 2377 1179 2450 utroque
1201 2366 1360 2449 Anselmo,
1390 2368 1543 2433 tucensi⁵⁴
1563 2372 1588 2429 et

212 2475 483 2560 havelburgensi⁸⁰
506 2478 630 2560 tradunt,
651 2477 738 2541 tidem
761 2478 881 2542 inPetri
902 2478 1040 2542 cathedra
1062 2480 1212 2561 vigentem
1234 2497 1300 2541 eam
1322 2498 1400 2559 esse,
1426 2498 1501 2561 quae
1514 2496 1585 2541 num·

213 2604 300 2669 quarn
323 2589 360 2651 sit
382 2587 540 2652 defectura.
583 2587 626 2651 En
648 2588 740 2652 verba
761 2589 934 2670 posterioris
955 2587 1104 2650 Anselmi:
1141 2588 1267 2666 „Sciens
1289 2586 1434 2651 iiominus
1455 2588 1524 2651 alias
1544 2603 1585 2649 ec

213 2695 320 2760 ctesias
345 2696 494 2761 haeretica
520 2696 694 2779 impulsione
720 2697 841 2759 nimium
867 2696 1034 2775 vexandas,
1067 2702 1097 2760 et
1125 2697 1282 2760 ecetesiam
1308 2716 1479 2777 romanam,
1511 2714 1585 2779 quam

214 2808 278 2887 ipsc
299 2824 386 2888 supra
407 2806 525 2871 Petrum
545 2806 728 2887 fundaverat,
753 2827 919 2886 numquam
940 2805 1057 2888 infide
1078 2805 1303 2881 debilitandam,
1327 2806 1398 2869 dixit
1420 2807 1519 2870 Petro:
1539 2826 1585 2888 ego

213 2922 321 2999 rapaci
339 2936 396 2995 pro
417 2924 447 2979 le
468 2942 531 2992 ...;
555 2934 591 2979 ac
610 2917 635 2978 si
657 2924 759 2997 aperte
781 2918 810 2980 ci
830 2916 922 2979 dicat:
946 2924 977 2978 tu
999 2917 1049 2998 qui
1069 2916 1146 2979 hanc
1167 2918 1290 2999 gratiam
1313 2918 1462 2998 accepisti,
1483 2923 1513 2979 ut
1531 2914 1585 2977 aliis

213 3028 243 3088 in
263 3024 321 3088 lide
341 3025 596 3107 naufmgantibus,
626 3046 746 3104 semper
766 3033 799 3088 tn
815 3024 881 3107 file
901 3023 1064 3089 immobilia
1086 3034 1115 3088 el
1136 3034 1282 3088 constans
1302 3047 1503 3105 permaneas,
1524 3023 1584 3086 atias

214 3134 383 3199 vacillantes
404 3134 543 3198 continno
563 3142 593 3198 et
613 3136 742 3217 corrige,
765 3143 795 3199 et
814 3142 962 3217 tamquam
983 3138 1111 3201 omnium
1134 3138 1269 3219 provisor
1290 3143 1320 3199 et
1341 3136 1447 3198 doctor
1468 3143 1497 3198 ct
1512 3139 1584 3215 pater

214 3252 244 3307 ct
264 3245 407 3327 magister
427 3245 557 3307 omnium
579 3262 679 3307 curam
700 3251 730 3308 et
750 3245 975 3308 sollicitudinem
994 3264 1077 3328 gere.
1110 3243 1213 3307 Merito
1237 3247 1275 3307 ita
1294 3244 1489 3329 privilegiam
1505 3261 1583 3322 prce-

213 3352 338 3415 lationia
360 3373 454 3431 super
475 3373 579 3415 oniam
600 3354 728 3436 accepit,
757 3355 807 3436 qui
828 3360 861 3416 in
882 3355 1092 3418 coacervanda
1113 3361 1292 3437 integritate
1308 3352 1386 3435 fidei
1403 3374 1481 3435 prce
1501 3354 1581 3414 omni

215 3461 273 3525 dua
296 3461 490 3547 privilegium
510 3481 528 3525 a
548 3462 674 3527 Domino
695 3464 899 3546 susceperat“

646 3680 1052 3758 COROLLABIUM
1098 3679 1163 3753 VI.

324 3838 394 3896 218.
438 3832 515 3897 Vera
538 3832 629 3913 fides,
655 3853 785 3916 veraque
806 3833 933 3897 ecclesia
955 3849 992 3895 eo
1015 3829 1176 3893 cohaerent
1197 3830 1360 3893 arctissimo
1384 3849 1476 3910 nexu,
1503 3835 1531 3889 ut
1547 3842 1579 3886 ne

217 3945 313 4007 animo
337 3942 453 4024 quidem
475 3944 589 4025 concipi
610 3945 742 4008 seiuncta
764 3944 886 4024 possint.
936 3941 1013 4003 Vera
1040 3946 1137 4002 autem
1170 3938 1243 4003 tides
1274 3958 1371 4021 neque
1402 3947 1463 4020 est,
1495 3950 1578 4015 neque

216 4052 272 4116 alia
295 4070 362 4114 esse
383 4052 419 4114 ab
440 4072 476 4116 ca
495 4060 608 4135 potest,
631 4071 716 4135 quarn
736 4051 838 4115 Petrus
859 4067 990 4115 summus
1011 4047 1065 4112 Dei
1088 4048 1261 4131 disciputus,
1284 4050 1426 4130 magister
1444 4047 1532 4121 orbis,
1551 4056 1579 4103 os

217 4161 439 4242 discipulomm,
461 4162 639 4244 fratrumque
662 4159 848 4225 confirmator
867 4166 948 4223 tenet
969 4177 1004 4222 ac
1023 4158 1179 4221 tenendam
1201 4159 1342 4240 proponit.
1386 4156 1485 4219 Nullus
1504 4152 1579 4234 igitur

218 4270 363 4334 aChristo
385 4280 566 4355 nuncupatus
587 4279 699 4353 coctus,
720 4271 863 4353 idemque
879 4269 916 4334 alt
937 4269 993 4333 hac
1014 4266 1071 4332 ddc
1092 4267 1246 4347 dissidens,
1269 4273 1318 4330 aut
1330 4267 1461 4329 retinere
1473 4275 1577 4335 nornen,

218 4387 268 4445 aut
297 4379 468 4462 dignitatem
499 4400 589 4447 verae
619 4381 765 4446 ecciesiae
796 4380 870 4443 tueri
899 4386 1004 4462 potest
1053 4376 1207 4440 Praeclara
1222 4377 1249 4412 ⁵⁶
1272 4374 1434 4438 Aelredus:
1467 4371 1577 4453 ,uem

217 4489 339 4571 tratres,
362 4507 415 4554 vos
435 4490 556 4555 seducat
577 4491 710 4557 inanibus
731 4489 846 4571 verbu,
867 4505 956 4553 nemo
978 4482 1063 4551 vobis
1085 4488 1178 4565 dicat,
1197 4504 1271 4550 ecce
1291 4484 1358 4549 tucic
1379 4471 1577 4558 cumomni

273 4712 882 4788 ⁵¹)iiucon.int’ctrumctoetarosapostotoa.
994 4710 1039 4785 ⁸⁴)
1058 4708 1124 4766 Con.
1139 4707 1293 4766 liutbertum
1313 4701 1575 4780 pendo-ponium

275 4820 320 4895 ⁵¹)
340 4818 447 4875 Catectr.
468 4818 514 4876 XL
534 4836 560 4875 ιι.
581 4818 609 4876 3.

276 4923 320 4998 ⁸³)
340 4924 419 4980 ttarc
434 4924 505 4983 xvi.
521 4922 575 4998 to,
594 4924 657 4980 loti.
670 4922 715 4981 lii.
732 4922 785 4999 ts,
806 4924 881 4981 Rom.

219 5027 264 5086 tu.
285 5029 313 5087 3.
334 5044 408 5102 seqq.
994 5024 1038 5103 ⁵⁸)
1061 5025 1162 5084 comm.
1183 5026 1210 5083 iu
1230 5024 1337 5085 natu.

993 4866 1038 4942 Η)
1060 4866 1198 4924 Adversus
1219 4866 1344 4923 Graecos.
