3300 5402
197 263 260 324 &bd
686 264 816 329 missit
857 263 1090 332 SECUNDUS

196 432 360 496 communis
380 440 558 516 receptaque
587 433 661 499 tides
682 434 862 516 postularet:
892 434 971 519 qnod
1003 454 1071 500 eum
1098 435 1184 501 Peho
1208 436 1362 520 primatum
1388 436 1576 517 debuerint,

195 560 283 624 quem
305 542 373 605 dum
394 544 522 607 schisma
543 545 668 626 primum
695 546 814 625 saeviit,
844 545 991 610 christiani
1020 564 1123 610 omnes
1144 546 1242 611 eidem
1257 548 1286 581 ‘⁶
1316 545 1497 610 deferebant
1538 546 1576 609 ht

194 650 369 733 ignorabant
387 671 427 716 ne
448 652 533 718 buius
555 653 735 719 decisionem
762 655 819 719 litis
848 675 866 718 e
898 658 1014 719 sincera
1035 657 1161 720 maxime
1182 656 1420 737 interpretatione
1447 655 1576 737 pendere

196 759 354 824 verborum
376 761 496 843 Christi,
524 764 579 827 aad
602 765 651 827 dari
679 764 774 848 camp
801 767 840 849 τῇ
864 770 962 848 πέτρᾳ
987 764 1190 846 οἰκοδομήσω
1217 786 1281 847 μου
1308 760 1364 841 mlv
1389 762 1575 840 transient

195 872 287 934 immo
307 879 337 933 ct
358 880 518 951 noverant,
542 881 571 936 et
592 874 816 955 profitebantur,
840 882 993 957 mnusque
1014 874 1125 939 idcirce
1151 875 1311 939 adhibuere
1338 893 1441 955 mnas,
1474 874 1576 939 utillo

196 997 285 1042 secum
300 999 336 1043 ac
357 981 492 1045 catholici
514 989 660 1063 tenerent,
682 983 852 1066 accipienda
873 1003 942 1048 csse
964 984 1199 1067 comprobarent
1229 984 1310 1048 Bene
1333 983 1431 1049 habet
1461 984 1522 1049 Sed
1541 1003 1577 1049 eo

195 1108 234 1152 ne
269 1108 434 1173 pervenere
469 1100 500 1155 ut
532 1092 611 1175 quod
642 1093 698 1157 sibi
733 1092 919 1157 efficiendum
956 1101 1157 1178 sumpserant,
1191 1091 1396 1176 perlicerent?
1429 1102 1461 1158 nt
1494 1095 1575 1158 indu

194 1198 292 1263 bitatis
331 1202 511 1284 mamantis
548 1201 758 1266 catholicorum
795 1205 1008 1286 expositionem
1037 1203 1224 1283 refellerent,
1269 1221 1394 1284 novam,
1435 1222 1575 1286 mamque

196 1308 381 1373 stabilirentl
418 1310 599 1375 domesticae
632 1312 833 1377 dissensiones
862 1332 898 1376 ac
927 1333 966 1376 ex
990 1314 1026 1377 iis
1060 1332 1202 1397 expressa
1229 1312 1377 1377 consessio
1403 1313 1441 1377 de
1470 1315 1574 1377 obscu-

193 1421 278 1483 ritate
301 1427 414 1501 textus,
449 1420 567 1503 planum
594 1410 786 1505 apermmque
813 1423 953 1504 reddunt,
985 1424 1020 1487 iis
1048 1424 1124 1487 lorte
1143 1421 1315 1504 probabilia
1342 1422 1474 1487 adlinissc
1501 1442 1574 1506 qnae

196 1537 394 1611 opponerent,
423 1531 478 1594 sed
499 1539 585 1594 certo
606 1531 830 1613 emplormupue
858 1540 1035 1597 nmeasmtc
1059 1534 1199 1599 defuisse.
1245 1529 1466 1596 Probabtltbus
1486 1533 1574 1615 igitm

195 1640 285 1702 innixi
306 1648 490 1703 coniecturis
517 1641 665 1724 integrius
694 1643 749 1706 sibi
771 1661 840 1707 esse
866 1644 995 1707 arbitrati
1016 1650 1083 1707 sont
1103 1644 1233 1707 conllare
1261 1643 1404 1723 schisma,
1436 1644 1574 1706 unitatem

194 1748 383 1832 abrumpere,
407 1752 488 1835 pacis
516 1752 662 1816 vinculum
690 1752 870 1834 dissolvere,
898 1753 1054 1818 ecclesiam
1082 1752 1254 1817 catholicam
1283 1752 1446 1816 haereseos
1475 1771 1512 1815 ac
1531 1760 1576 1834 ta

194 1860 333 1923 rotandis
350 1863 377 1893 ⁴⁵⁷
409 1880 566 1943 accusare,
603 1871 828 1946 acmmhmque
860 1863 1060 1946 proscribere,
1104 1865 1266 1928 comantis
1299 1862 1464 1945 pastoribus
1500 1861 1575 1925 diem

194 1968 309 2049 dicere,
332 1969 527 2035 obedientiam
548 1990 675 2055 negare,
696 1992 804 2036 novum
827 1975 945 2056 erigere
972 1974 1179 2054 ministerium,
1201 1973 1292 2036 altare
1312 1972 1393 2035 altari
1414 1989 1575 2054 opponere,

193 2088 388 2164 auctoresque
417 2102 485 2146 csse
512 2090 543 2146 ot
570 2081 705 2148 humanu
730 2083 900 2147 audirentur
932 2086 1049 2148 nomina
1082 2083 1317 2163 lutheranorum,
1347 2081 1574 2160 calvinistarum,

194 2191 444 2274 mvinglianorum,
467 2194 691 2277 episcopalium,
713 2193 972 2275 methodistarum,
989 2193 1153 2277 hommem
1175 2192 1281 2257 eodem
1300 2190 1420 2256 lavacro
1439 2193 1576 2274 regenib,

194 2302 330 2365 eumdem
351 2304 523 2367 invocantes
543 2303 673 2386 Patrem,
709 2305 813 2369 cadem
847 2312 939 2369 matre
967 2306 1080 2382 nubiti,
1107 2303 1242 2368 eamdem
1271 2302 1441 2384 prolitentes
1471 2301 1575 2379 tidem,

194 2410 299 2475 eadem
323 2412 373 2475 alti
399 2432 468 2495 spe,
498 2422 527 2478 et
548 2415 585 2478 ad
606 2414 741 2479 eamdem
770 2414 951 2496 adspirantes
977 2412 1170 2479 hereditatem
1199 2412 1398 2477 acerbissimis
1419 2412 1577 2476 inimicit&

193 2521 376 2587 dissiderent

298 2666 407 2729 Verum
423 2665 527 2748 quibus
542 2667 681 2747 moribus,
704 2669 847 2750 quibusve
868 2667 984 2751 legibus
999 2676 1048 2730 aut
1067 2666 1097 2730 id
1110 2666 1180 2730 olim
1201 2666 1289 2745 licuit,
1311 2673 1360 2730 aut
1382 2666 1471 2729 modo
1496 2666 1573 2741 licet
1638 2670 1639 2673 ’

191 2782 243 2847 ant
261 2775 416 2857 aliquando
437 2773 563 2839 licebitl
585 2777 715 2857 patribus
735 2779 851 2858 nostris,
874 2778 943 2840 viris
964 2778 1155 2840 sanctissimis
1175 2796 1210 2840 ac
1231 2777 1454 2858 sapientissimis
1468 2778 1498 2811 ⁸·
1517 2794 1574 2840 una

191 2905 309 2968 semper
335 2903 393 2948 vox
422 2885 490 2965 luit,
518 2904 575 2950 una
601 2888 757 2950 sentemia:
789 2894 896 2950 mamm
925 2904 994 2949 esse
1027 2885 1190 2948 schismatis
1218 2885 1438 2967 turpitudinem,
1465 2892 1575 2948 motum

190 2995 304 3073 scelus,
333 3003 503 3076 mistumque
532 2996 689 3078 flagitium,
718 2997 848 3060 utnulla
871 3016 940 3060 esse
961 2998 1035 3060 ratio
1059 3004 1117 3059 mm
1140 2996 1248 3076 gravis,
1271 3001 1389 3075 nmque
1414 2996 1571 3075 perspicua

191 3106 298 3186 possit,
333 3123 410 3186 quae
431 3124 483 3187 par
503 3105 540 3169 ad
562 3105 632 3168 illud
653 3105 872 3185 excusandum,
901 3104 1174 3187 honestandumquc
1197 3104 1336 3167 videatur.
1380 3103 1456 3177 Quid
1486 3106 1575 3187 igitar

191 3214 229 3277 de
249 3215 285 3277 iis
305 3214 499 3293 iudicassent,
530 3215 579 3296 qui
605 3212 705 3277 dubita
735 3221 921 3295 incertisque
946 3215 983 3277 de
1003 3223 1127 3277 eausam
1148 3215 1288 3277 uoitmem
1310 3213 1467 3295 scindere,
1501 3218 1578 3278 cari-

188 3329 279 3390 tatem
310 3323 438 3404 notae,
465 3322 662 3386 hierarchiam
692 3324 881 3403 subvertere,
920 3327 1077 3406 omniaque
1110 3324 1281 3407 perturbare
1311 3322 1572 3407 aggrederenturl

192 3433 370 3497 iudicassent
392 3432 524 3515 prolecto
543 3435 592 3516 agi
614 3433 680 3497 illos
702 3433 932 3515 inllammariqnc
961 3452 1021 3497 oon
1045 3434 1145 3515 spiritu
1166 3434 1291 3512 Christi,
1313 3435 1364 3515 qui
1389 3434 1508 3515 spiritus
1532 3444 1577 3497 est
1635 3412 1636 3437 ¹

182 3545 307 3608 ⁴ancillatis
332 3552 420 3626 atquc
442 3545 636 3623 concordiae,
667 3543 720 3606 sed
746 3545 849 3624 spiritu
878 3561 981 3607 eornm
1003 3561 1078 3625 quos
1098 3542 1188 3607 ludas
1202 3545 1230 3577 ‘⁹
1249 3544 1372 3624 primum
1403 3542 1474 3606 dicit
1500 3538 1575 3617 τούς

192 3651 459 3735 ἀποδιορίζοντες,
484 3674 519 3717 ac
541 3673 619 3735 mox,
640 3651 827 3734 ψυχικούς,
848 3654 970 3736 πνεῦμα
993 3650 1052 3717 οὐκ
1073 3654 1210 3730 ἔχοντες.

299 3799 480 3881 Quamqmm
501 3799 672 3861 anctoritate
692 3794 806 3859 Petrum
831 3814 905 3878 opus
926 3814 985 3859 non
1009 3803 1076 3875 est,¹
1091 3814 1180 3878 quum
1202 3802 1232 3859 et
1252 3798 1314 3878 ipsa
1332 3814 1366 3858 se
1388 3814 1440 3859 res
1460 3798 1575 3879 prodat

193 3916 222 3971 ct
243 3927 281 3971 ne
303 3906 339 3970 ab
362 3909 431 3991 ipsis
453 3906 570 3989 quidem
585 3905 821 3990 protestantibus,
842 3905 910 3968 dom
926 3904 1076 3968 candidius
1098 3913 1197 3987 agunt,
1219 3907 1248 3968 in
1263 3905 1421 3968 discrimen
1443 3914 1577 3970 vocetur.

255 4160 301 4235 ⁶⁶)
315 4159 393 4228 Quod
408 4158 613 4233 lienricnsVlll,
628 4158 859 4233 princepsdeindc
909 4161 966 4232 ipsa
992 4158 1140 4230 tyrannidis
1165 4157 1256 4231 specie
1281 4156 1482 4213 alienissimam.
1524 4156 1578 4212 Sed

195 4267 304 4323 conflati
318 4269 344 4323 in
357 4264 455 4337 Anglia
476 4265 638 4337 schismatis,
660 4266 788 4321 adversus
809 4265 860 4321 Lu·
909 4280 977 4339 opus
997 4270 1068 4335 erat,
1089 4271 1118 4320 nt
1137 4268 1298 4338 potestatem
1319 4278 1397 4335 qnam
1419 4262 1577 4318 subversam

195 4373 297 4429 theram
318 4373 345 4428 in
366 4389 447 4446 opere
474 4372 509 4428 dc
529 4372 708 4428 Sacramentis
729 4378 755 4429 et
774 4376 859 4429 veris·
908 4377 1088 4445 protestantes
1101 4370 1236 4443 volebant,
1258 4370 1372 4427 inrisam
1384 4369 1502 4441 primum
1517 4369 1579 4424 hor-

195 4481 262 4535 sime
283 4481 401 4552 menuit',
423 4485 451 4534 et
470 4479 630 4549 gravissime
651 4478 825 4535 confirmavit
908 4479 985 4534 ellico
1006 4476 1154 4550 tyrannidis
1174 4477 1282 4532 nomine
1300 4474 1452 4532 redderent

973 4636 1018 4710 ⁶⁸)
1052 4636 1123 4708 Lege
1157 4634 1266 4690 alteram
1297 4633 1441 4707 epistolam
1470 4633 1576 4690 Paclani

911 4742 1112 4799 barcinonensis
1138 4739 1264 4797 antistitis
1291 4739 1325 4795 ad
1350 4740 1576 4813 symproniano·

910 4849 1048 4903 novatiani
1069 4848 1222 4903 schismatis
1242 4845 1380 4902 asseclam.

258 4691 302 4765 σῖ)
332 4690 389 4758 Qua
417 4687 566 4760 tyrannidis
593 4691 765 4746 accusatione
791 4690 860 4747 nnlla

196 4798 265 4872 apud
282 4802 462 4871 protestantes
477 4795 649 4870 frequentior,
670 4796 740 4852 sicut
752 4801 780 4851 et
791 4796 860 4853 nulla

197 4903 320 4975 iniquior,
342 4916 420 4974 qnnra
442 4901 572 4957 solemnia
592 4901 740 4958 mmolicae
757 4901 862 4973 proles-

198 5010 283 5065 sionis
310 5010 482 5064 instromenta
510 5008 658 5063 doctrinam
686 5007 802 5063 referant
828 5006 861 5061 ab
974 5006 1019 5075 ⁸¹⁸)
1038 5003 1100 5065 lud.
1121 5020 1148 5061 v.
1166 5000 1213 5059 la.
