3324 5382
660 273 807 343 CAPUT
847 276 939 344 XlV·
1430 280 1493 343 Mt

89 453 167 529 est,
205 454 238 511 ut
256 445 345 511 interi
364 446 458 529 portis
477 438 642 510 nulatanus
662 443 738 510 toret
764 445 945 530 superanda,
981 442 1228 528 quemadmodum
1254 445 1408 529 pollicetur
1435 446 1492 529 ipsi

91 557 236 621 Veritas:
270 563 379 636 portae
407 554 503 640 infert
531 576 592 618 nors
621 554 843 635 prusatelamt
869 556 1022 620 ostensos
1050 577 1127 619 eom.
1171 557 1258 620 Cuius
1286 558 1491 638 promissionis

91 663 251 751 affectam
279 684 314 729 se
339 664 477 748 precihus
503 666 677 746 impetrasse
704 665 841 747 aPatre,
875 666 953 730 idem
982 666 1071 729 Filius
1098 673 1276 748 protestatur
1303 666 1427 730 dicendo
1455 666 1492 730 ad

90 775 236 839 Petrum:
272 795 326 859 eqo
346 781 454 858 espect
471 794 528 853 pro
548 782 591 850 te,
622 795 661 836 ne
685 772 808 855 deficiat
826 773 909 856 fides
930 784 994 838 taso.
1037 774 1098 839 ttrtt
1121 793 1196 858 ergo
1219 779 1373 857 quisquam
1394 784 1491 841 tauma

91 886 288 965 dementiae,
311 886 361 966 oui
383 885 546 947 orationem
568 883 654 964 illius,
678 885 760 947 ouius
781 883 858 947 velle
880 891 926 947 est
945 902 1046 967 posse,
1070 885 1176 949 audeat
1197 887 1227 949 in
1248 885 1346 967 aliquo
1367 905 1490 951 vacuam

90 990 232 1077 potaret
253 1010 353 1057 nonne
375 1012 392 1057 a
413 992 486 1057 sede
506 993 646 1075 principia
666 992 880 1075 apostolorum,
898 1011 1020 1059 romana
1041 994 1178 1057 videlicet
1199 995 1337 1075 ecclesia,
1359 1002 1493 1078 temper

91 1103 243 1168 eumdem
271 1101 403 1182 Petrum,
440 1120 527 1185 quam
557 1121 612 1185 per
640 1106 735 1166 suos'
774 1120 968 1167 successores
995 1104 1152 1186 reprobata
1179 1112 1209 1167 et
1239 1106 1373 1168 convicta
1404 1112 1492 1187 atque

91 1219 272 1296 expugnata
300 1220 367 1275 aaut
395 1214 523 1276 omnium
554 1211 794 1276 haereticorum·
828 1220 1007 1293 commenta,
1044 1220 1074 1275 et
1104 1212 1224 1275 fratrum
1253 1212 1342 1275 corda
1376 1214 1406 1277 in
1433 1213 1491 1277 lide

91 1324 188 1403 Petri,
212 1340 288 1405 quae
309 1321 451 1385 hacteuus
472 1339 532 1385 non
551 1322 669 1405 deiecit,
687 1342 745 1387 uec
768 1341 862 1406 usque
885 1324 915 1385 in
936 1320 1172 1400 finem-deficiet,
1192 1329 1259 1385 sunt
1280 1321 1492 1389 confirmatat“

212 1438 283 1495 tot.
326 1431 372 1495 Ne
393 1433 482 1514 igitur
502 1431 559 1496 lrac
579 1434 797 1516 comparatione
818 1431 972 1514 neglecta,
1008 1432 1072 1494 sivo
1100 1430 1391 1511 commendatitiam,
1427 1434 1491 1497 sivo

94 1540 266 1605 maioribus
286 1558 348 1603 non
368 1539 397 1604 id
419 1542 498 1623 quod
521 1541 646 1606 decebat
671 1560 760 1607 omne
789 1542 931 1606 detulisse
959 1540 1129 1622 sidenorum
1164 1541 1209 1603 sie
1238 1540 1316 1604 illam
1345 1540 1489 1617 inibimus,

92 1660 130 1715 ut
160 1653 277 1733 potiora
303 1649 408 1731 pulos
437 1658 550 1715 constat
575 1653 685 1733 capita,
721 1670 780 1734 quo
807 1652 872 1715 leri
901 1651 1121 1715 accuratissime
1144 1652 1264 1732 poterit,
1300 1650 1490 1733 explicemus.

92 1762 183 1825 luter
205 1777 281 1841 purae
302 1761 395 1843 capita
416 1759 488 1823 illud
509 1760 532 1823 l.
554 1763 800 1826 considerandum
828 1763 921 1839 venit,
957 1761 1013 1825 sihi
1038 1778 1160 1842 prorsus
1186 1760 1369 1842 respondero
1398 1782 1490 1842 qaum

95 1888 180 1952 quae
202 1865 298 1934 Passa
319 1870 395 1952 apud
415 1868 606 1951 Mamaeum,
629 1890 764 1954 quaeque
786 1868 909 1935 Cirtam
929 1869 1006 1952 apud
1027 1869 1150 1949 Lucam,
1179 1877 1245 1932 tuns
1266 1888 1343 1952 quae
1366 1867 1491 1935 otmaro

96 1979 182 2063 apud
201 1980 331 2061 priorem
355 1979 576 2063 evangelistam,
598 1999 734 2063 quaeque
756 1977 854 2043 Petro
874 1979 951 2062 apud
972 1981 1169 2061 posteriorem
1190 1980 1362 2043 uiuumtur.
1402 1981 1492 2047 Sicuti

97 2090 183 2157 euim
203 2085 304 2152 Peter
326 2098 386 2171 est,
422 2091 472 2172 qui
498 2089 574 2172 apud
601 2089 681 2153 illum
709 2110 836 2173 superna
863 2089 1046 2154 revelatione
1067 2086 1158 2151 Petri
1172 2087 1269 2171 fidem
1291 2092 1379 2174 erigit
1399 2110 1434 2154 ae
1456 2092 1490 2155 il·
1560 2094 1567 2107 ”

98 2199 238 2263 luminat:
274 2196 432 2280 μακάριος
453 2194 499 2274 οἶ,
521 2197 640 2281 Σίμων
660 2193 725 2283 plato
745 2196 855 2277 Ἱωκοῖ,
878 2197 924 2262 ὅτι
945 2193 1026 2282 σιὶρξ
1049 2198 1102 2262 καὶ
1123 2193 1205 2280 αἷμα
1226 2197 1285 2263 οὐκ
1305 2197 1494 2280 οὶποκάλυψέ

101 2327 172 2383 cos,
209 2304 279 2373 ἀλλ’
302 2308 320 2371 si
341 2304 444 2390 πατήρ
464 2329 528 2390 μου
549 2310 567 2371 o'
587 2313 707 2385 ἐντοῖς
727 2307 893 2392 oaipotsoie:
926 2310 966 2372 ita
988 2305 1133 2371 comem
1155 2315 1215 2389 est,
1245 2310 1295 2391 qui
1317 2310 1392 2392 apud
1412 2310 1491 2374 huno

100 2415 198 2481 Petri
212 2415 310 2498 fidem
330 2416 497 2497 coufirmat,
533 2418 729 2502 inuictamque
750 2418 854 2482 efficit:
886 2410 949 2498 tyci
970 2415 1256 2501 §recompenset
1277 2423 1351 2496 σοῦ,
1375 2415 1490 2501 ἵναμή

100 2526 228 2611 ἐκλείπῃ
247 2525 266 2604 el
288 2526 390 2601 πίστις
411 2544 479 2591 σου.
521 2527 558 2590 ttt
578 2529 652 2592 sicut
671 2526 816 2591 cameos
838 2536 883 2591 est
907 2529 972 2609 qui,
1006 2526 1153 2592 llattlraeo
1181 2528 1349 2609 referente,
1384 2548 1490 2593 munus

103 2637 161 2701 sibi
182 2643 417 2718 potestatemque
443 2637 499 2699 rosi
524 2634 696 2719 οἰκοδόμου
723 2637 863 2701 vindicat:
901 2637 954 2700 xci
979 2637 1030 2701 ἐπὶ
1054 2634 1149 2720 ταύτῃ
1174 2639 1211 2720 τῇ
1239 2642 1337 2720 πέτρᾳ
1364 2638 1490 2701 οἰκοδο·

104 2744 199 2829 μήσοο
219 2766 284 2826 μου
303 2740 358 2822 esic
377 2744 557 2822 tautories:
592 2747 633 2811 ita
656 2747 760 2811 Petrus
786 2754 832 2811 est
853 2748 916 2828 cui,
947 2754 1023 2811 teste
1046 2746 1140 2828 Luca,
1169 2750 1227 2810 τοῦ
1246 2744 1425 2830 peticionem]
1446 2747 1488 2810 di-

1 2845 2 2848 '
103 2857 202 2939 gaitsa
222 2856 378 2919 asseritur:
400 2855 452 2918 ssi
474 2854 514 2917 σύ
534 2875 610 2919 ποτε
627 2859 817 2938 οποοτροψας
838 2853 984 2937 στήριξον
1003 2849 1078 2931 τούς
1098 2853 1259 2941 ἀδελφούς
1279 2874 1346 2920 σου.
1390 2856 1489 2930 Ouare

102 2964 136 3028 ll.
157 2964 309 3045 utrimque
330 2964 490 3028 testimonii
512 2964 645 3029 membra
664 2964 723 3029 hoc
743 2966 899 3030 commode
921 2972 1007 3047 pacto
1030 2965 1236 3048 disponuntur:

145 3073 220 3139 [Ὀ
238 3072 339 3154 πατήρ
360 3095 442 3155 μου,
479 3076 497 3137 ό
523 3079 559 3139 ἐκ
586 3078 653 3150 τοῖς
680 3072 774 3155 cripe-
861 3075 882 3138 l.
905 3072 989 3156 Ἐγώ
1012 3072 1208 3151 ‹laetemini›
1233 3074 1304 3157 περὶ
1328 3075 1401 3149 σοῦ,
1438 3074 1490 3139 ἵνα

188 3187 266 3261 κοῖς,
289 3178 480 3264 ἀπεκάλυψέ
496 3202 555 3250 σοι.
906 3179 949 3267 μὴ
970 3184 1094 3267 ἐκλείπῃ
1113 3182 1132 3261 ἡ
1153 3184 1256 3259 πίστις
1278 3202 1345 3249 σου.

130 3295 164 3358 ll.
187 3291 257 3358 Ἐπὶ
277 3290 371 3378 ταύτῃ
391 3296 429 3376 τῇ
449 3298 549 3376 πέτρᾳ
569 3290 771 3377 οἰκοδομήσω
846 3295 878 3358 ll.
902 3292 973 3358 Καὶ
1002 3290 1041 3357 σύ
1068 3315 1142 3358 ποτε
1168 3299 1359 3376 ἐπιστρέψας
1386 3293 1489 3376 στήρι-

185 3423 249 3483 μοο
272 3396 328 3478 τήν
347 3402 521 3479 ἐκκλησίαν.
905 3402 962 3482 ξοκ
983 3396 1057 3478 τούς
1078 3400 1240 3486 ἀδελφούς
1260 3423 1327 3467 σου.

210 3511 235 3574 E
256 3529 314 3594 qua
335 3520 432 3576 mutua
452 3513 650 3576 membrorum
671 3512 816 3577 relatione
838 3513 1026 3596 intelligimus
1047 3513 1092 3575 tlt.
1122 3513 1267 3595 duplicem
1295 3512 1381 3577 Petro
1409 3530 1489 3579 com·

103 3628 207 3704 petere
228 3621 391 3687 distinctam
417 3624 634 3705 proprietatem,
657 3626 809 3705 πέτροις
830 3624 954 3706 primum
976 3642 1012 3688 ac
1026 3620 1236 3706 fundamenti,
1260 3620 1488 3703 confirmatoris

103 3730 211 3795 deindo
238 3738 325 3812 atque
354 3730 520 3796 orclattectt.
565 3731 724 3814 Utramque
752 3750 826 3797 vero
854 3734 953 3797 dotem
981 3733 1249 3814 proprietatemque
1278 3731 1325 3793 IV.
1356 3749 1394 3793 eo
1421 3749 1488 3811 spe-

103 3849 218 3921 masse,
254 3849 285 3903 ut
305 3840 408 3905 Petrus
426 3848 715 3927 mcersqsttocrum
744 3849 896 3906 coruortio
923 3842 966 3905 orl
986 3838 1145 3905 curarum
1167 3849 1293 3921 propius
1323 3840 1487 3917 accederet,

102 3947 311 4031 apostottspuc
332 3949 462 4031 renem
484 3950 690 4016 antecelleret.
734 3952 780 4015 Ac
800 3951 969 4015 antecelluit
990 3969 1077 4029 sane,
1114 3959 1173 4015 turn
1196 3951 1263 4032 quia
1287 3956 1420 4014 omnisne
1438 3971 1488 4030 pe-

107 4069 174 4136 tro,
203 4058 506 4144 fundamentumque
526 4063 715 4127 constitutus:
748 4069 808 4125 tum
830 4063 897 4144 quia
919 4059 1058 4125 omnious
1077 4067 1124 4123 uti
1145 4066 1345 4137 constantiae,
1368 4058 1487 4123 stabili-

104 4177 239 4250 tatisque
258 4177 366 4235 auctor
386 4173 579 4254 praepositus.
616 4171 680 4245 Ouo
702 4170 809 4235 factum
831 4178 876 4235 est
898 4171 932 4233 V.
947 4179 982 4234 st
996 4166 1143 4250 apostolis
1166 4190 1209 4233 em
1229 4190 1327 4250 aequo
1350 4168 1489 4239 mnibus

104 4301 142 4343 ac
168 4277 317 4360 fidettm
344 4287 498 4344 amorreis
528 4302 651 4345 ammona
684 4281 834 4361 quaedem
865 4279 1063 4360 conspirandi
1094 4298 1163 4342 oues
1193 4275 1291 4343 Petro
1316 4287 1489 4345 necessitas

105 4389 302 4453 incumberet:
337 4408 373 4452 ao
393 4389 528 4455 lidelibus
549 4390 668 4473 quidem
693 4391 857 4469 universis,
892 4408 931 4452 ne
958 4390 1082 4455 seiuncti
1108 4388 1233 4453 aPotro
1260 4390 1297 4454 alr
1326 4392 1390 4473 ipso
1419 4392 1488 4483 item

104 4590 284 4665 tetamento
311 4597 483 4664 nuncupatur.
530 4591 569 4648 Gt.
589 4584 772 4666 llamaclrium,
822 4590 994 4666 pontificibus
1014 4588 1162 4662 relinquere
1176 4591 1346 4663 dignoscitur
1360 4591 1489 4648 ecclesiae

106 4699 181 4770 orig.
209 4702 237 4753 et
261 4694 406 4770 Antiquitt
433 4696 530 4754 Christ.
564 4696 622 4755 Lib.
641 4697 675 4753 ll.
703 4697 731 4752 P.
752 4697 772 4752 l.
822 4713 912 4754 curam
933 4694 1074 4769 parendi.“
1368 4706 1372 4714 ·

107 4822 170 4879 pag.
193 4802 261 4860 537.

167 4909 196 4984 ⁸)
215 4907 251 4966 Ut
264 4908 334 4966 enlm
354 4909 434 4965 citata
454 4909 571 4981 epistola
591 4909 707 4981 loquitur
720 4908 773 4965 lla·
883 4906 911 4979 ⁹)
939 4905 1017 4975 omo
1044 4914 1088 4965 ast
1107 4926 1141 4965 an
1166 4907 1349 4967 ecclesiastica
1374 4906 1488 4969 historia

109 5015 236 5074 marus:
275 5014 388 5088 „Petrus
408 5015 483 5074 vices
502 5015 772 5077 montanismo
823 5013 1077 5093 martiuum.
