3374 5388
688 291 835 363 CAPUT
876 292 934 365 vt
1439 297 1499 361 tit

154 496 159 501 ·
225 462 375 529 Simillima
395 462 623 544 notatlluiuoel,
647 463 716 528 dum
730 465 756 497 ¹⁰
781 464 835 528 cit:
858 463 991 545 „Sensus
1013 461 1172 528 verbonrm
1186 460 1292 528 Christi
1312 470 1412 528 uoshc
1434 464 1502 529 loco

114 574 238 638 omniuo
251 574 301 638 hic
315 581 374 637 est:
395 582 426 637 tu
441 575 470 637 iu
485 573 612 638 ecclesia
625 593 691 638 mea
705 576 793 658 (posi,
807 592 867 637 non
881 573 967 655 Petri,
982 572 1037 638 sed
1051 573 1170 650 Christi)
1185 573 1331 637 hrudanda
1346 576 1502 657 egregiam

113 702 238 766 operam
259 683 392 764 novabis,
414 701 470 765 per
491 691 519 746 te
541 680 688 747 inchoabo
709 702 782 766 opus
804 701 900 747 novoe
910 683 1071 766 religiosae
1092 684 1241 747 societatis
1262 682 1446 765 condendae,
1469 692 1502 748 tu

113 794 176 856 eris
194 796 219 826 '²
244 789 356 867 στύλος
377 793 431 855 καὶ
451 791 616 877 ἑδραίωμα
636 796 691 870 τῆς
712 793 894 874 ἐκκλησίας,
926 811 1002 857 unus
1021 813 1039 857 e
1056 793 1219 876 praecipuis
1240 793 1395 876 religionis
1417 813 1503 859 meae

115 901 284 966 mannum
307 909 338 964 et
352 901 566 966 defensoribus.
609 903 640 966 ld
655 903 734 985 quod
749 904 836 967 etiam
851 911 971 978 coenem
992 922 1059 966 num
1073 901 1176 967 Petrus
1188 906 1215 937 ¹⁸
1235 909 1357 983 prtum
1370 911 1503 967 omnium

116 1018 186 1093 post
206 1011 311 1074 Christi
328 1012 358 1074 in
376 1013 462 1075 vitam
484 1012 610 1075 reditum
632 1011 747 1095 publice
773 1012 886 1076 iudaeis
918 1021 949 1075 et
966 1017 991 1050 ¹⁹
1022 1012 1178 1095 gentilibus
1207 1012 1368 1077 doctrinam
1397 1012 1504 1078 Christi

116 1121 311 1185 annunciavit.
353 1120 500 1184 Alludltur
513 1130 611 1186 autem
633 1121 732 1185 verbis
754 1121 807 1185 καὶ
826 1123 877 1184 dai
897 1119 991 1206 ταύτῃ
1011 1123 1047 1204 τῇ
1067 1126 1166 1204 πέτρᾳ
1187 1144 1216 1186 κ.
1238 1144 1263 1185 τ.
1286 1123 1313 1188 λ.
1338 1123 1375 1187 ad
1389 1141 1503 1187 morem

116 1231 149 1293 in
170 1228 328 1294 Palaestina
356 1239 508 1313 receptum
522 1235 550 1265 ²⁰
574 1231 704 1295 aedilicia
732 1231 763 1293 iu
789 1230 853 1295 solo
882 1248 990 1322 saxoso
1021 1233 1206 1312 eastmendi,
1238 1252 1297 1316 quo
1312 1237 1337 1268 ²¹
1362 1252 1504 1316 uquarum

112 1340 371 1424 procellarumque
386 1342 445 1404 vim
460 1341 583 1405 eludere
604 1343 734 1424 possint,
759 1349 789 1405 et
810 1341 936 1405 ecclesia
951 1349 1138 1424 comparatur
1157 1341 1216 1405 hoc
1238 1343 1303 1406 loco
1325 1362 1392 1407 cum
1414 1343 1503 1408 domo

115 1449 309 1533 ponenda‘et
331 1451 508 1515 exstruenda
535 1470 626 1535 super
644 1469 734 1533 rupe,
761 1451 837 1514 sicul
857 1457 887 1514 et
913 1450 942 1513 in
971 1452 1086 1533 scriptis
1114 1453 1352 1533 apostolorum²²
1386 1455 1503 1537 saepius

113 1567 303 1642 comparatur
323 1577 391 1623 cum
413 1561 531 1650 templo.
574 1561 662 1626 lesus
684 1578 758 1642 ergo
780 1558 888 1637 verbis,
914 1559 965 1623 ἐπὶ
985 1558 1102 1642 ταύτῃ.
1117 1606 1221 1624 .....
1237 1562 1410 1643 ἐκκλησίαν,
1433 1562 1504 1626 illud

113 1677 232 1752 tempus
249 1672 399 1751 respexit,
426 1687 485 1752 quo
514 1680 581 1753 post
606 1690 691 1736 suum
720 1689 759 1734 ex
784 1670 830 1734 his
857 1669 945 1733 terris
973 1669 1082 1732 abitum
1104 1667 1196 1733 Petri
1223 1659 1315 1751 meru
1344 1690 1362 1736 e
1390 1671 1504 1736 iudaeis

112 1786 204 1861 atque
224 1778 382 1862 gentilibus
404 1798 492 1862 quam
512 1781 627 1863 plurimi
647 1781 684 1846 ud
705 1780 811 1845 Christi
832 1781 917 1863 signa
939 1798 1008 1843 sese
1030 1780 1162 1843 collaburi
1183 1782 1314 1845 ementt‘

223 1887 298 1952 ilinc
323 1889 426 1953 doctor
446 1890 656 1955 Bloomlield²³
687 1891 778 1955 veluti
804 1909 868 1954 rem
897 1889 1174 1973 exploratissimum,
1202 1895 1232 1952 ct
1259 1908 1276 1953 a
1303 1889 1500 1955 Pcarsunio²⁴

113 1999 291 2080 iampridem
306 1999 540 2064 animadversum
555 2001 650 2080 tradit,
672 2000 789 2064 Petmrn
809 2000 957 2064 ecclesiae
979 2007 1094 2077 πέτραν
1107 1999 1219 2062 idcirco
1235 2001 1405 2081 nuncupari,
1426 2001 1505 2082 quod

115 2126 195 2192 opus
217 2109 415 2174 aedificandae
437 2109 584 2175 ecclesiae
603 2117 723 2192 primus
745 2109 936 2174 inchoaverit.

226 2225 275 2282 88.
319 2220 352 2284 ln
373 2238 431 2302 quc
453 2220 572 2303 quidem
591 2222 802 2286 commentario
829 2219 900 2284 nihil
929 2229 975 2283 cst
993 2217 1090 2282 honae
1112 2217 1223 2299 hugis,
1253 2218 1324 2282 nihil
1352 2220 1431 2301 quod
1452 2221 1504 2284 de·

112 2330 295 2412 pravatiouis
322 2333 471 2413 speciem,
502 2333 720 2415 imaginemque
750 2348 808 2393 non
834 2330 961 2409 relerat,
994 2329 1132 2411 quodque
1159 2328 1265 2409 certis,
1293 2328 1507 2413 luculentisque

112 2440 264 2503 rationum
285 2441 441 2504 momentis
455 2459 515 2505 non
537 2441 710 2506 conlirtetvu.
753 2440 778 2502 E
799 2439 904 2521 quihus
925 2439 1019 2502 videri
1032 2445 1214 2521 postremum
1234 2438 1406 2519 nondebet,
1429 2442 1508 2523 quod

116 2566 278 2630 numquam
304 2549 342 2612 de
371 2567 409 2613 eo
439 2552 548 2634 antiqui
576 2551 719 2616 Patres²³
750 2548 962 2631 cogitaverint,
995 2564 1153 2628 numquam
1188 2546 1295 2628 aliquid
1322 2549 1352 2612 iu
1378 2550 1507 2614 medium

118 2799 246 2877 omnihus
273 2800 387 2871 insignis
414 2807 503 2875 esset,
535 2808 563 2859 et
580 2811 694 2877 propter
713 2821 792 2879 quesn
903 2801 948 2873 ²²)
977 2797 1092 2855 licor.
1119 2793 1165 2851 Vl.
1193 2793 1246 2866 16,
1277 2796 1298 2853 1.
1318 2796 1387 2854 Pctr.
1415 2798 1447 2854 tl.
1473 2802 1506 2872 5,

116 2921 217 2964 omnes
238 2907 264 2962 in
285 2922 363 2962 unam
383 2907 556 2981 eamdemque
577 2925 636 2965 cum
657 2926 691 2965 eo
712 2911 790 2967 iidem
841 2906 861 2963 1.
880 2906 942 2963 Cor.
963 2905 1007 2961 ΙΙΙ.
1029 2904 1063 2976 o,
1084 2901 1182 2974 Ephes.
1203 2900 1236 2957 lt
1260 2900 1306 2956 10.

116 3011 278 3085 conspirare
305 3011 448 3085 deberent,
476 3014 695 3086 intelligerentur.
737 3015 791 3072 Sed
902 3012 948 3085 ²³)
969 3011 997 3067 ln
1017 3008 1088 3067 notis
1109 3007 1144 3063 ad
1164 3006 1256 3064 hlatth.
1276 3006 1347 3064 xvi.
1371 3002 1420 3062 ts:

117 3118 155 3175 ab
185 3117 237 3173 hoc
262 3133 342 3173 sensu
367 3118 479 3175 alienum
507 3122 591 3178 luisse
618 3122 790 3194 Schlcusuer,
904 3117 950 3190 Ἠ)
970 3115 998 3172 lu
1019 3115 1137 3187 exposit.
1158 3111 1290 3186 symboli.

115 3240 174 3283 non
195 3229 238 3280 est
259 3239 306 3279 cur
325 3223 486 3281 dubitemus.
904 3222 949 3296 ²³)
977 3222 1150 3293 cogitassent
1174 3235 1256 3293 vero,
1283 3221 1306 3275 si
1332 3234 1432 3293 pronus
1459 3220 1508 3276 oh-

190 3371 236 3447 ¹⁸]
254 3371 283 3428 ln
303 3387 400 3429 mmm·
421 3374 455 3431 'd
475 3374 557 3432 mh
587 3376 649 3433 xv,
681 3374 718 3431 18
840 3330 953 3402 viasque
973 3330 1075 3400 luisset,
1096 3342 1226 3398 quemque
1240 3325 1321 3383 verba
1336 3333 1363 3383 ei
1375 3327 1508 3383 sermonis

559 3417 566 3432 ’
651 3415 657 3429 ’
719 3416 726 3431 ’
839 3441 972 3491 structura
991 3438 1176 3504 suggererent.
1215 3431 1265 3488 Fas
1285 3433 1369 3504 igitur
1389 3434 1453 3489 mihi
1471 3434 1510 3490 sit

186 3513 230 3587 Η)
251 3511 272 3568 ¹·
288 3511 355 3568 Tim·
376 3511 420 3569 m·
444 3512 490 3571 ¹⁵·
840 3547 963 3615 repetere
980 3555 1047 3612 quas
1062 3538 1169 3597 Samuel
1181 3536 1378 3595 Wercnlclslus
1392 3539 1419 3595 in
1434 3538 1507 3596 Orat.

186 3654 231 3728 1Β)
252 3652 313 3708 Act.
335 3651 367 3708 ll.
391 3651 437 3709 ll.
458 3669 533 3727 seqq.
840 3648 874 3703 ds
900 3660 985 3720 scopo
1014 3645 1166 3718 interpretis
1196 3660 1330 3701 sacrmmn
1360 3644 1507 3703 litterarum

203 3790 231 3866 ,)
252 3790 320 3848 Μ.
342 3790 478 3848 x-xv·
502 3793 529 3848 7·
839 3753 960 3825 graviter
980 3753 1094 3809 monuit:
1131 3751 1227 3826 „Unde
1248 3755 1290 3807 est
1308 3751 1382 3824 qnod
1400 3751 1506 3825 plurimi

840 3859 997 3930 interpretes
1023 3872 1108 3931 usque
1128 3873 1162 3915 ec
1184 3857 1323 3915 lastidiuut
1346 3873 1441 3914 sensns
1469 3859 1508 3915 lc-

743 3967 745 3970 ’
841 3964 906 4020 cilcs
927 3969 955 4019 et
974 3963 1127 4037 simplices,
1148 3969 1278 4020 venantur
1297 3963 1395 4037 ubique
1416 3965 1507 4036 singu·

250 4070 347 4129 Nescio
368 4089 401 4129 an
421 4088 474 4130 non
495 4075 556 4131 haic
576 4073 688 4154 quadret
706 4091 790 4133 canon
839 4070 920 4144 lares,
940 4070 1099 4143 longiusque
1119 4059 1242 4143 petitos?
1328 4070 1427 4127 llorum
1449 4071 1508 4143 qui-

115 4179 215 4253 qninto
245 4178 306 4235 loco
335 4195 350 4235 a
378 4179 526 4237 lloshemio
554 4179 729 4254 propositus,
763 4181 790 4236 iu
840 4177 901 4232 dem
934 4176 1071 4232 hominum
1103 4176 1293 4233 honestissimo
1327 4176 1416 4234 oratio
1450 4183 1507 4233 est:

113 4285 332 4359 Dissertatione,
353 4285 398 4343 De
412 4302 445 4343 eo
460 4288 534 4362 quod
546 4289 646 4343 iustum
659 4295 699 4344 est
712 4289 791 4344 circa
840 4283 905 4340 nihil
926 4282 997 4339 uliud
1018 4285 1101 4358 ipsis,
1122 4283 1146 4338 si
1168 4283 1221 4339 diis
1242 4284 1344 4357 placet,
1367 4299 1445 4340 curae
1465 4291 1508 4341 est

115 4408 269 4450 scaurum
289 4391 444 4449 liberorum
464 4411 501 4451 eo
517 4395 650 4467 musonis
664 4372 790 4468 'scripto-
840 4404 918 4462 quum
945 4403 1039 4444 caussa
1068 4388 1143 4446 verbi
1162 4389 1221 4447 uer.
1337 4391 1374 4445 ht
1399 4391 1424 4445 si
1450 4407 1507 4447 rem

119 4497 200 4556 ribos
226 4499 482 4571 mnspretntionsnr
509 4508 535 4557 et
562 4501 790 4573 emendationem,
839 4495 957 4568 penitius
978 4498 1124 4570 examinas,
1147 4510 1222 4552 suam
1243 4498 1335 4569 potius
1356 4503 1384 4552 et
1402 4497 1507 4567 gloriae

119 4606 221 4679 quique
241 4605 283 4661 sic
300 4605 397 4660 habet:
429 4606 554 4678 „Arcana
575 4623 689 4681 semper,
713 4609 790 4666 ouo-
840 4616 905 4657 snae
931 4617 1052 4658 caussam
1080 4608 1170 4673 agunt.
1217 4603 1276 4670 Quo
1297 4603 1368 4658 enim
1388 4603 1507 4675 exquisi-

117 4715 230 4782 ss'ones,
258 4717 287 4766 ut
306 4718 417 4784 vocant,
444 4712 649 4787 reconditasque
668 4716 790 4789 virtum,
840 4708 894 4764 tior
920 4707 1038 4764 creditur
1064 4708 1207 4764 cuiuslibet
1237 4708 1301 4766 dicti
1331 4724 1442 4781 sensus,
1472 4725 1506 4765 eo

119 4833 190 4892 quas
214 4817 355 4891 emphases
380 4817 528 4892 appellant,
556 4819 582 4875 in
603 4820 743 4876 vocabulis
764 4828 792 4878 et
839 4814 962 4871 latiorem
983 4830 1103 4887 campum
1124 4815 1178 4871 sihi
1199 4814 1349 4871 obtinuisse
1374 4813 1506 4887 videntur,

118 4923 326 4997 loquutiouihns
350 4930 502 4985 sanctorum
529 4927 689 4999 scriptorum
710 4943 791 5001 quae-
839 4921 982 4978 luxurianti
1002 4921 1159 4994 phantasiae
1184 4921 1302 4977 hasnum
1327 4919 1450 4991 laxandi,
1479 4927 1507 4975 et

119 5048 198 5107 rere,
218 5046 262 5089 rcs
281 5032 385 5090 monac
404 5031 562 5105 sagacitatis
582 5030 654 5090 est“
776 5084 781 5095 ,
840 5028 973 5104 quidlibet
992 5028 1018 5085 iu
1039 5025 1159 5101 quolibet
1179 5025 1240 5084 loco
1261 5022 1443 5085 uventcodir‘

187 3792 194 3822 l

184 3930 231 4007 ²⁰)
251 3932 344 3989 llatth.
366 3930 423 3988 Vll.
444 3931 493 3989 24.
514 3948 588 4005 seqq.

184 4071 231 4145 21)
