3358 5400
543 325 545 331 π
628 286 774 354 CAPUT
816 288 940 354 xxiv.
1413 296 1474 357 229

95 459 150 523 alia
176 456 420 539 interpretationis
449 457 524 525 ratio
551 455 673 521 obtinuit
702 476 790 540 quarn
822 475 898 539 quae
933 457 1140 523 vetustioribus
1166 456 1296 523 Patribus
1323 462 1472 542 arriserat,

94 586 237 652 mamque
258 586 329 649 prae
350 567 471 650 reliquis
494 568 719 651 chrysostomus
743 568 978 650 splendidissime
1000 569 1201 633 adomarerat

198 684 267 739 298.
312 675 498 759 coaequum
513 680 552 742 ita
566 680 633 759 sint,
655 697 715 742 non
736 682 885 743 minimum
907 679 1013 742 iuverit
1028 687 1176 743 momenta
1192 679 1337 743 rationum
1358 698 1471 762 cogno·

94 789 171 851 risse
185 786 290 869 quibus
306 783 444 849 effectum
460 795 513 867 est,
535 798 566 853 ut
587 789 760 853 nobilissimi
776 790 894 871 quique,
915 786 1063 871 iidemque
1076 789 1268 869 antiquissimi
1281 791 1383 872 graeci
1400 792 1486 855 scri--

91 904 188 981 ptores
218 895 294 960 banc
321 913 393 977 praa
421 898 529 961 ceteris
559 899 830 981 interpretationem
868 897 1047 980 deligerent,
1079 898 1282 980 deiectamque
1311 907 1471 964 tuerentur.

88 1006 160 1073 llihi
187 1007 265 1070 enim
293 1022 346 1069 eos
368 1005 428 1068 falli
449 1008 644 1071 certissimum
666 1016 724 1090 est,
753 1012 803 1091 qui
823 1027 957 1072 caussam
978 1008 1046 1071 inde
1069 1008 1276 1072 arcessendam
1298 1010 1472 1085 erdstimant,

90 1116 170 1200 quod
198 1135 235 1179 ea
261 1116 460 1197 interpretatio
488 1117 618 1180 omnium
646 1120 774 1182 manime
800 1118 887 1182 obvia
914 1127 1009 1197 esset,
1038 1136 1146 1200 prona,
1176 1137 1211 1181 ao
1240 1117 1379 1183 evernis
1400 1121 1470 1201 ipsis

87 1246 144 1291 sua
163 1234 268 1310 sponte
293 1224 435 1308 prolecta.
477 1224 525 1288 An
550 1225 621 1289 illud
643 1227 774 1307 obvium,
802 1229 940 1311 quodque
962 1228 1037 1291 ultro
1062 1247 1096 1291 se
1118 1226 1248 1305 offerret,
1278 1229 1354 1292 initis
1376 1232 1470 1293 amice

88 1337 220 1401 oondliis
236 1340 276 1417 ⁸⁴,
298 1333 454 1400 Petrum-a
475 1338 611 1400 convictu
632 1355 666 1400 se
688 1339 818 1420 gentium
840 1338 1032 1417 subduxisse,
1060 1345 1091 1400 ut
1112 1336 1200 1400 Paulo
1220 1338 1468 1420 reprehensionis,

87 1447 290 1528 libertatisque
319 1446 510 1530 evangelicae
537 1447 716 1511 asserendae
743 1450 857 1529 copiam
884 1445 1018 1512 lacerati
1044 1446 1181 1528 quidnam
1204 1456 1250 1511 est
1274 1449 1303 1511 in
1325 1456 1384 1512 tota
1405 1467 1470 1513 ora·

88 1558 177 1621 tionis
198 1559 287 1636 serie,
307 1555 386 1637 quod
410 1557 543 1619 umbram
563 1558 781 1640 vestigiumque
802 1557 888 1621 huius
918 1559 1138 1639 conspirationis
1159 1556 1359 1639 praescierati
1380 1560 1470 1623 immo

86 1666 160 1750 qaid
181 1666 280 1746 deest,
308 1684 368 1747 quo
381 1670 408 1700 ³⁵
435 1667 534 1729 omnia
562 1684 622 1729 non
648 1669 857 1748 οἰκονομικῶς
885 1667 939 1731 sed
960 1663 1093 1743 ἀληθῶς
1115 1668 1276 1747 contigisse
1297 1667 1469 1733 videantur?

60 1833 63 1837 .
84 1777 344 1859 interpretationes
365 1782 462 1838 autem
483 1774 644 1857 phrasoon,
668 1770 748 1840 κατά
768 1779 938 1857 πρόςωπον
957 1775 1044 1860 αὐτῷ
1065 1773 1228 1853 ἀντοστην,
1251 1784 1294 1857 et,
1317 1775 1363 1840 ὅτι
1384 1797 1471 1842 κατο-

86 1889 270 1969 γνωσμένος
289 1876 342 1963 ἦν,
369 1902 429 1947 non
458 1887 619 1968 exquisitae
640 1886 729 1950 modo
748 1896 831 1967 sunt,
858 1888 1033 1970 longiusque
1061 1887 1219 1967 deductae,
1246 1887 1300 1951 sed
1320 1887 1407 1969 plane
1427 1886 1471 1949 di·

86 1996 184 2061 xerim
206 1994 411 2059 incommodae
432 2015 468 2059 ac
489 1995 630 2060 detortae.

197 2104 283 2180 Quod
312 2105 391 2167 enim
418 2103 521 2169 Paulus
536 2107 563 2139 ⁸⁶
593 2105 710 2170 scribit:
739 2104 820 2170 κατά
844 2109 1013 2190 πρόςωπον
1032 2103 1119 2189 αὐτῷ
1138 2106 1298 2184 ἀντέστην,
1325 2107 1403 2170 hunc
1431 2126 1470 2170 ex

87 2232 159 2279 sese
181 2213 274 2277 tundit
293 2231 429 2277 sonsum:
450 2220 510 2294 iper·
527 2211 634 2294 μσὶωκ
653 2223 762 2280 restiti.
807 2217 885 2280 Talis
907 2236 1033 2299 nanrque
1055 2226 1101 2281 est
1121 2218 1321 2300 vulgatissima
1339 2225 1470 2300 potestas

87 2324 269 2406 loquutionis
295 2315 376 2388 κατά
400 2326 583 2407 πρόςωπον,
615 2326 663 2388 oui
677 2329 703 2359 ⁸⁷
733 2326 914 2409 respondent
939 2328 1110 2393 hebraicum
1136 2306 1236 2424 ³295,
1272 2335 1302 2390 et
1327 2346 1469 2411 graecum

85 2475 238 2551 ἐκτόπων,
267 2475 404 2557 illamque
433 2477 604 2541 confirmant
621 2494 707 2561 'quae
734 2497 804 2543 mox
834 2490 1007 2562 sequuntur,
1044 2480 1228 2565 ἔμπροσθεν
1254 2478 1388 2545 πάντων.
1431 2481 1469 2545 At

86 2588 191 2671 graeci
219 2588 393 2669 interpretes
419 2593 451 2649 ut
471 2586 547 2650 Patri
575 2587 836 2668 reprehensionem
862 2590 975 2654 referre
997 2591 1034 2654 ad
1057 2592 1242 2672 οἰκονομίαν
1265 2599 1294 2655 et
1314 2589 1470 2672 συγκατά-

85 2694 185 2780 βασνν
205 2697 327 2778 possint,
348 2693 431 2761 κατά
453 2699 621 2779 πρόςωπον
640 2697 765 2762 reddunt
786 2693 868 2773 κατά
890 2674 1008 2781 σχῆμα,
1031 2708 1134 2790 speeie
1154 2722 1192 2763 σα
1213 2699 1303 2764 ὶανοα
1317 2704 1345 2734 ⁸⁸
1369 2708 1466 2764 tenus.

195 2806 327 2869 Alterum
348 2824 437 2885 varo,
467 2804 516 2869 δ’τν
537 2814 790 2888 κατεγνωσμένος
812 2799 864 2884 ἦν,
888 2811 950 2872 sive
972 2809 1008 2871 ad
1029 2808 1235 2890 praecedentia
1256 2811 1383 2888 reseras,
1409 2815 1470 2889 ipsi

84 2915 193 2999 μόνον
209 2921 322 2991 restiti,
352 2918 415 2980 sive
437 2935 503 2980 cum
529 2916 750 2997 insequentibus
772 2935 941 3000 compares,
972 2914 1061 2982 νὶπον
1081 2921 1125 3000 τῷ
1145 2918 1262 2999 Πέτρῳ
1283 2921 1470 3002 ἔμπροσθεν

86 3019 234 3101 πάντων,
255 3025 324 3088 ἀίων·
345 3021 441 3089 Petro
463 3047 567 3089 eorum
588 3025 735 3102 omuibus,
758 3044 818 3089 non
838 3027 922 3091 aliter
943 3027 1098 3091 commode
1119 3028 1253 3109 accipias
1276 3048 1362 3110 σαντα
1384 3031 1410 3091 si
1432 3028 1468 3090 de

86 3133 174 3198 Petro
196 3136 410 3217 interpreteris,
433 3137 483 3218 qui
503 3134 592 3198 Paulo
613 3142 882 3217 κατεγνωσμένος,
911 3139 987 3201 idest
1000 3140 1040 3215 ⁸⁹,
1062 3136 1292 3218 καταγνώσεως
1314 3132 1404 3215 ἀξνος
1425 3139 1469 3201 vi·

152 3326 198 3399 ⁸⁴)
218 3324 241 3381 E
262 3341 312 3396 qaa
333 3325 417 3379 amica
432 3325 601 3381 consiliorum
617 3326 755 3399 conspira·
868 3326 912 3400 ⁸⁶)
934 3327 1017 3383 Galat.
1039 3328 1071 3383 ll.
1094 3326 1139 3383 ll.

86 3434 163 3490 tione
184 3431 369 3504 interpretatio
390 3437 446 3486 tota
468 3431 608 3505 dependet.
867 3432 911 3508 Μ)
932 3433 953 3489 1.
974 3433 1059 3505 liegg.
1089 3433 1108 3488 l.
1137 3432 1190 3505 23,
1222 3433 1264 3488 Ps.
1290 3432 1318 3489 L.
1340 3433 1387 3489 2l.
1429 3435 1469 3490 Cf.

152 3537 198 3614 ⁸³)
231 3537 309 3606 Quod
348 3554 412 3610 prae
453 3539 550 3593 ceteris
591 3539 755 3610 Augustinus
804 3538 958 3612 liapbelium
979 3541 1005 3596 in
1027 3540 1179 3597 Observatt.
1197 3538 1289 3611 Polpb.
1315 3556 1378 3612 pag.
1400 3539 1467 3613 513,

85 3646 168 3719 epist.
196 3638 322 3700 LXXXll.
351 3643 385 3699 al.
412 3643 481 3700 XIX.
507 3645 639 3718 ostendit,
669 3645 755 3716 iisque
805 3646 978 3703 etElsnerdm
990 3646 1141 3703 Observatt.
1153 3646 1226 3702 Sacr.
1241 3646 1269 3702 T.
1280 3647 1311 3703 ll.
1330 3646 1469 3719 papilii.

86 3751 199 3807 omuino
238 3750 401 3821 argumentis
429 3767 496 3822 quae
534 3752 619 3825 ipsum
651 3766 754 3823 qnoque
866 3753 910 3827 88)
929 3753 1135 3825 Significatione
1162 3753 1358 3827 etymologica,
1389 3768 1469 3824 quum

85 3859 280 3928 Hieronymum
307 3873 322 3912 a
347 3855 460 3928 pristina
488 3858 594 3914 taudem
624 3860 754 3914 sententia
804 3848 952 3933 πρόςωπον
976 3860 1012 3915 sit
1035 3852 1093 3914 πᾶν
1118 3849 1189 3935 πρὶς
1213 3849 1262 3915 τάν
1285 3847 1366 3927 ὦπα,
1397 3859 1470 3930 quod

85 3964 251 4021 resonarint
292 3962 372 4018 Cuius
392 3963 432 4018 rei
454 3963 525 4019 idem
545 3965 624 4021 testis
644 3972 687 4021 est
699 3965 756 4021 Xu-
804 3963 889 4021 oculis
909 3971 937 4020 et
957 3964 1034 4020 iaoiei
1055 3966 1226 4038 admovetur,
1248 3965 1330 4021 larua.

85 4070 213 4144 gostinus
252 4068 331 4141 epist.
362 4068 485 4125 CLXXX.
524 4070 556 4126 al.
589 4070 682 4127 CCXX.
721 4069 754 4126 ad
867 4070 911 4145 ⁵⁹)
932 4071 1083 4128 Alexander
1102 4072 1191 4127 blorus
1217 4072 1244 4127 in
1272 4072 1343 4129 notis
1365 4072 1398 4127 ad
1419 4070 1470 4126 Ga·

86 4176 233 4248 Oceanum,
254 4190 279 4229 n.
295 4178 323 4231 5.
346 4175 481 4247 inquiens:
517 4175 592 4250 „Sed
612 4177 675 4249 quid
695 4178 756 4233 binc
804 4176 850 4232 lat.
872 4177 903 4233 ll
927 4175 979 4234 ll:
998 4167 1041 4235 ὅτι
1060 4177 1277 4252 κατεγνωσμένος
1296 4165 1338 4250 ἦν,
1359 4175 1468 4232 scribit:

85 4271 212 4339 diutius?
233 4296 292 4335 oum
314 4280 347 4336 de
366 4280 418 4336 Ιιαο
430 4284 586 4354 quaestione
606 4264 675 4340 inter
694 4298 754 4357 nos,
804 4282 931 4357 „lieddo,
967 4286 1033 4358 quio
1062 4286 1260 4342 condensatus
1291 4292 1365 4356 erat,
1402 4300 1469 4355 qaae

87 4404 144 4460 ego
165 4393 192 4443 et
212 4386 364 4459 praedictus
384 4387 544 4444 venerabilis
564 4376 645 4445 irato
661 4390 756 4445 lliero·
804 4390 912 4461 propria
939 4395 982 4445 est
1008 4397 1129 4463 potestas
1156 4391 1233 4447 buius
1260 4392 1346 4446 vocis.
1386 4391 1471 4462 Hesp·

86 4509 185 4566 npmm
211 4494 279 4548 satis
306 4491 403 4583 litteris
430 4495 581 4571 egerimus3
611 4502 638 4551 et
657 4498 683 4552 in
703 4497 755 4552 boc
805 4495 889 4565 chius,
899 4494 1127 4572 κατεγνωσμένος·
1151 4493 1384 4571 κατανενιμμένος,
1399 4512 1470 4553 σοα-

87 4615 174 4673 opere
210 4599 415 4674 recentissimo,
451 4601 524 4671 quod
560 4601 609 4657 sub
647 4605 755 4659 nomine
806 4602 954 4659 ἀνωννσὶαν.
1002 4602 1099 4658 Notum
1132 4601 1195 4658 illud
1227 4603 1342 4675 iuliani,
1375 4595 1470 4677 ἔγνων,

2 4770 3 4777 ,
87 4704 222 4762 critobuli
250 4704 377 4771 adversus
398 4705 531 4778 Pelagium
559 4709 639 4765 modo
660 4708 754 4784 edidit,
806 4698 935 4783 ἀνέγνων,
961 4706 1111 4783 κατέγνων·
1139 4715 1167 4763 et
1185 4715 1278 4779 argute
1304 4724 1470 4783 responsum,

86 4811 215 4870 euadat
235 4809 269 4866 de
288 4811 341 4866 ista
360 4819 480 4884 regesta
494 4813 626 4884 dictisque
646 4822 757 4888 aposto·
805 4803 935 4889 ἀνέγνως,
962 4804 1023 4870 ἀλλ’
1051 4805 1101 4871 oria
1125 4808 1221 4888 ἔγνως,
1254 4812 1277 4871 τὶ
1300 4806 1355 4891 γάρ
1381 4809 1470 4891 ἔγνως,

85 4918 150 4977 beia
177 4918 339 4975 amentiores
362 4920 460 4991 wurdt,
494 4935 571 4990 quam
606 4920 754 4979 beatissimi
806 4910 856 4977 οάν
880 4910 916 4976 ἀν
941 4919 1081 4995 κατέγνως.
1123 4921 1284 4991 Quamquam
1317 4935 1382 4977 vero
1415 4934 1470 4973 vox

88 5022 221 5100 Cypriani
241 5023 321 5081 etiam
340 5039 390 5082 nos
409 5024 494 5083 secui
513 5024 632 5084 aumus“
806 5026 874 5086 haec
912 5025 1060 5102 simplicem
1098 5023 1304 5102 increpationem
1341 5021 1469 5082 interduo
