3358 5400
665 290 809 357 CAPUT
850 289 960 358 XXV·
1365 334 1371 347 .
1438 289 1501 352 tib

120 461 263 540 κλφσιας,
286 465 338 527 καὶ
358 461 416 524 τοῦ
434 457 582 543 σώματος
602 463 659 525 τοῦ
678 460 732 525 dect
753 454 1100 542 παιῶνσυνιστιιμελιου
1113 458 1366 535 steenstraten.
1392 454 1497 532 Quon-

120 579 186 633 tuna
207 572 253 634 od
271 593 325 633 soa
346 578 454 634 attinet
475 579 505 634 et
526 578 673 651 φιαιιιιιιιι
695 579 930 634 consentaneam
950 578 1006 646 ert,
1028 590 1097 632 ease
1110 577 1229 648 partem
1250 589 1292 631 erc
1313 565 1398 631 cobis
1417 567 1500 631 oedi-

117 678 263 761 ficetum.
308 678 390 755 Quia
416 689 495 745 enim
516 682 614 756 dimit,
642 702 799 760 eorpus,
831 689 927 744 totum
947 688 1050 744 autem
1076 686 1143 742 crat
1168 698 1297 758 empus,
1323 698 1384 740 noa
1404 683 1500 740 corias

122 787 257 852 tllomrm
277 789 421 868 erotema,
450 791 506 855 aed
525 812 604 870 quae
621 788 732 871 ubique
745 799 901 854 terrarum
923 797 1008 865 ernt3
1028 789 1096 851 ideo
1117 787 1206 864 doe,
1227 808 1269 848 en
1287 794 1395 866 parte:
1412 786 1500 863 idest,

119 907 194 979 quin
215 897 351 962 ecclesio
370 909 476 963 oestro
492 910 638 981 pareest
659 908 726 965 eius
747 900 949 982 mentique
970 907 1125 963 terronam
1141 904 1188 959 est
1209 895 1367 974 eeclesiae,
1387 904 1416 959 ιι
1437 916 1502 959 eor·

114 1015 202 1089 poris
224 1010 310 1089 quod
327 1009 466 1073 mnnibm
490 1008 625 1073 eeclesiis
649 1009 800 1076 coalescit.

223 1119 319 1201 lgitur
336 1120 425 1200 -quod
452 1127 530 1183 tanta
556 1122 717 1184 constantia
745 1120 916 1184 affirmatum
946 1118 1083 1195 vidimus,
1122 1135 1212 1179 unum
1239 1132 1307 1179 esse
1334 1111 1501 1179 catholicoe

114 1225 269 1291 missiae
289 1230 467 1311 episcopum,
487 1248 585 1311 neque
607 1249 675 1295 esse
692 1231 789 1313 plures
809 1247 909 1312 posse,
933 1224 1178 1309 quemadmodum
1195 1225 1294 1306 plures
1314 1242 1412 1306 neque
1433 1232 1501 1287 sunt

111 1357 214 1420 neque
239 1356 310 1401 esse
331 1345 453 1420 possunt
475 1339 594 1419 Christi,
622 1342 647 1402 si
670 1341 728 1402 uim
749 1339 1015 1421 proprietatemque
1037 1334 1196 1398 verborum
1219 1342 1369 1413 ιιιιιιιιιιι,
1397 1335 1436 1398 ita
1457 1335 1500 1397 in-

113 1455 317 1530 terpretemur
337 1455 465 1528 oportet:
488 1466 546 1510 non
568 1450 663 1512 minus
683 1449 807 1531 singulis
829 1446 971 1529 gregibus
995 1463 1065 1508 suos
1085 1462 1227 1527 praeesse
1248 1452 1391 1526 pastores,
1413 1463 1500 1526 quam

111 1558 259 1620 universo
282 1559 384 1639 gregi,
406 1559 609 1640 universisque
630 1559 794 1641 pastoribus
815 1556 1039 1619 oecumenicum
1062 1560 1147 1635 caput
1165 1554 1352 1616 anteoeliere.

226 1672 299 1728 344,
342 1666 426 1740 Quod
448 1668 564 1749 quidem
586 1668 696 1750 prolata
718 1688 734 1731 a
756 1667 907 1731 Dodwello
928 1668 958 1729 io
980 1665 1107 1728 medium
1129 1663 1264 1745 exempla
1286 1670 1395 1726 tantum
1417 1662 1501 1725 abest

113 1782 146 1837 ut
174 1776 343 1855 infirment,
372 1784 403 1839 ut
433 1785 533 1840 contra
561 1778 711 1859 praeclare
739 1777 950 1858 evidenterque
974 1775 1127 1839 stabiliunt.
1169 1773 1346 1837 Recolantur
1366 1772 1445 1834 enim
1472 1778 1502 1833 et

116 1903 185 1947 cum
215 1887 254 1949 iis
283 1904 357 1967 quac
385 1904 441 1949 nos
467 1886 652 1967 adduximus,
681 1894 895 1967 comparentur.
938 1885 1018 1948 ldem
1039 1903 1078 1946 ne
1098 1884 1196 1946 velent
1218 1883 1282 1946 sive
1309 1874 1390 1945 ueri
1410 1878 1500 1955 λέξιν,

115 1997 180 2058 sive
203 1988 289 2060 sard
304 1994 448 2059 διάνοιαν
462 1994 593 2059 ecclesio
606 1994 763 2073 catholiea,
785 2004 816 2059 et
833 1992 963 2057 ecclesio
977 1991 1126 2057 catholieo
1148 2010 1224 2073 quue
1240 1998 1287 2055 est
1304 1994 1339 2052 iv
1352 1985 1500 2071 Σμύρνῃ,

115 2104 164 2166 vel
192 2107 262 2168 rain
287 2101 544 2187 Ἁλιξανδρέωνι
571 2105 676 2169 distant
701 2104 758 2168 bae
779 2104 922 2167 formulae
943 2103 1060 2184 verbis,
1089 2103 1195 2165 distant
1215 2098 1398 2183 significandi
1419 2106 1500 2180 pote·

115 2219 204 2276 state:
233 2215 315 2295 prior
343 2216 421 2278 enim
448 2214 635 2278 numeralis
664 2223 724 2295 est,
752 2215 931 2297 posteriores
961 2210 1117 2294 defluum.
1133 2219 1215 2289 sunt,
1244 2215 1501 2288 circumscriptae,

10 2372 11 2381 ,
112 2322 336 2401 particulares.

225 2433 316 2516 Atqui
334 2433 383 2497 illa
402 2440 462 2495 tum
487 2433 641 2496 adhibetur
655 2435 709 2511 ¹¹⁶,
732 2450 820 2514 quum
843 2431 880 2493 de
901 2393 1003 2509 Petro,
1026 2432 1150 2514 eiusque
1170 2433 1200 2496 in
1220 2449 1341 2494 mmana
1363 2428 1501 2492 cathedra

119 2544 345 2608 successoribus
365 2562 464 2606 sermo
485 2550 545 2606 est:
572 2543 630 2605 bae
657 2545 687 2606 in
708 2543 744 2605 iis
765 2547 906 2624 apparent
921 2542 963 2574 ¹¹⁶
987 2541 1160 2605 testimoniis
1182 2558 1257 2621 quae
1279 2548 1426 2633 umquam
1447 2555 1501 2619 ge·

121 2651 258 2715 mina-ac
278 2652 423 2735 prioribus
445 2658 480 2717 is
501 2651 704 2733 παραλλήλου
724 2652 931 2733 respondentia
944 2650 1116 2713 oodweltus
1134 2651 1238 2713 citavit.
1281 2648 1406 2712 Contulit
1426 2665 1501 2729 ergo

121 2757 273 2825 dissimilia
295 2782 331 2824 ac
351 2763 482 2843 diuersa,
504 2783 598 2846 eaque
620 2764 837 2844 comparatione
859 2778 994 2824 causssm
1015 2777 1074 2822 non
1097 2758 1222 2821 ιλιιιιιιλι
1243 2758 1297 2822 sed
1318 2756 1450 2839 perdidit

225 2870 346 2953 Ecquae
368 2874 446 2936 enim
461 2871 558 2936 afferri
571 2874 645 2937 ratio
659 2879 765 2954 potest,
787 2878 819 2933 ut
836 2870 915 2952 quod
930 2869 967 2933 de
983 2870 1047 2932 aliis
1062 2868 1207 2949 episcopis
1228 2873 1396 2947 usurpatum
1416 2880 1500 2925 uum·
1557 2858 1568 2885 '

10 2996 11 3031 ι
123 2994 206 3056 mom
236 2984 397 3064 cernimus,
431 2983 554 3065 idipsum
584 2989 662 3044 anta
686 2979 870 3043 solemnitate
904 2980 941 3041 de
968 2978 1044 3042 Petri
1072 2975 1296 3040 suecessoribus
1321 2967 1501 3036 inculcetrul

124 3103 181 3148 non
202 3089 260 3153 alia
281 3109 353 3153 sane
375 3092 431 3154 nisi
452 3110 528 3172 quae
549 3112 566 3154 a
588 3091 727 3172 dignitate
743 3090 926 3152 oecumenici
940 3090 1041 3171 eapitis
1056 3088 1097 3120 ¹¹⁷
1122 3087 1258 3165 sumitur,
1279 3102 1356 3166 quae
1377 3082 1501 3162 primum

186 3324 248 3399 ¹¹⁵)
269 3342 295 3380 us
317 3324 385 3382 340.
836 3322 979 3397 sacerdos,
1001 3322 1047 3394 qui
1067 3338 1097 3378 ιι
1117 3321 1216 3377 obtulit
1235 3322 1263 3377 in
1285 3335 1330 3375 ara
1351 3318 1453 3393 mucis,
1475 3324 1503 3374 et

836 3430 912 3485 ouius
936 3430 1034 3486 uirtute
1058 3443 1155 3502 corpus
1181 3428 1239 3484 eius
1259 3429 1286 3483 in
1308 3427 1384 3483 altari
1410 3440 1503 3481 eonse-

837 3543 940 3608 cratur,
974 3541 1002 3591 et
1033 3542 1121 3590 tamen
1152 3533 1213 3605 quia
1245 3534 1419 3607 corporaliter
1449 3546 1502 3588 non

188 3639 248 3714 ¹¹⁷)
267 3640 308 3697 lie
327 3657 378 3712 qua
399 3641 529 3711 dignitate
549 3639 664 3696 'lbomas
690 3640 717 3695 in
740 3640 786 3696 tv.
836 3659 895 3698 oum
916 3641 1040 3698 omnibus
1066 3639 1189 3696 tidelibus
1215 3640 1426 3714 praesentialiter
1445 3645 1503 3697 erat

125 3755 183 3801 eon·
204 3744 313 3819 Gentes,
335 3763 393 3818 cap.
410 3744 525 3803 lxxvi.
546 3746 655 3802 scribit:
676 3744 788 3821 „llecle-
836 3748 953 3821 tuturus,
988 3746 1071 3818 elegit
1098 3746 1233 3802 ministros
1259 3763 1307 3821 par
1332 3762 1400 3819 quos
1425 3763 1503 3820 prae·

125 3848 164 3904 sia
192 3852 307 3908 militans
334 3868 369 3908 ex
396 3852 565 3924 triumphanti
596 3850 709 3908 eeclesia
740 3868 787 3924 per
837 3853 909 3910 dicta
929 3852 1052 3909 fidelibus
1073 3853 1249 3927 dispensaret,
1270 3860 1390 3926 utsupra
1403 3853 1502 3910 dietum
1548 3902 1561 3913 .

127 3954 323 4014 similitudinem
359 3957 502 4013 derivatur.
554 3957 584 4013 ln
617 3957 801 4029 triumphanti,
838 3965 888 4015 est
929 3959 1029 4015 Eadem
1051 3960 1134 4031 igitur
1154 3960 1273 4030 ratione,
1294 3960 1356 4031 quia
1376 3975 1503 4034 praesen-

125 4067 211 4119 autem
232 4063 345 4119 ecclesia
367 4079 432 4119 unus
452 4062 604 4137 praesidet,
636 4064 680 4135 qui
708 4065 786 4119 etiam
837 4067 900 4122 tiam
922 4071 980 4121 erat
1006 4065 1138 4121 ecelesiae
1162 4065 1358 4137 subnecturus,
1386 4066 1504 4138 oportuit

126 4168 259 4236 praesidet
282 4170 310 4224 in
335 4174 392 4225 toto
419 4170 558 4243 universo,
586 4168 689 4225 scilicet
706 4168 787 4225 Deus.
838 4177 874 4227 ut
887 4171 964 4227 alteri
991 4173 1171 4227 committeret
1190 4172 1234 4243 qui
1253 4171 1315 4228 loco
1335 4172 1377 4228 sui
1398 4174 1503 4229 univcr-

126 4265 198 4342 Ergo
226 4280 253 4329 et
279 4274 305 4329 in
333 4274 448 4330 ecelesia
476 4276 603 4331 militante
637 4290 703 4330 unus
730 4280 787 4347 est,
838 4276 903 4333 salis
930 4276 1058 4334 eeclesiae
1091 4282 1199 4350 tereret
1224 4293 1322 4335 curam
1368 4278 1437 4334 ilino
1462 4284 1504 4335 est

128 4376 171 4444 qui
200 4379 338 4451 praesidet
364 4382 505 4436 universis.
558 4381 588 4438 Si
614 4382 673 4452 quis
700 4386 787 4436 sutem
839 4383 910 4455 quod
930 4382 1008 4439 Petro
1029 4384 1098 4440 dixit
1119 4391 1181 4440 ants
1201 4386 1393 4458 ascensionem,
1408 4360 1503 4459 'pasce

129 4478 290 4556 dicitquod
310 4501 387 4541 unum
409 4493 488 4560 caput
505 4494 532 4542 et
547 4502 613 4543 unus
634 4494 727 4560 pastor
746 4493 789 4543 est
838 4505 903 4547 oses
920 4507 1012 4561 meos,-
1038 4496 1065 4545 et
1085 4496 1145 4546 ante
1165 4492 1334 4564 passionem,
1355 4499 1385 4548 tu
1404 4493 1503 4549 iterum

131 4581 264 4664 Christus,
299 4592 343 4663 qui
376 4599 419 4648 est
451 4609 516 4648 unus
549 4595 625 4649 unius
657 4592 789 4649 ecclesiae
840 4612 988 4653 conomius
1019 4598 1154 4668 confirma
1183 4599 1288 4669 [ιαιιιι
1315 4604 1392 4669 tason
1421 4605 1450 4654 et
1476 4600 1502 4655 ei

131 4703 256 4768 sponsus,
284 4713 336 4753 nou
362 4698 523 4755 sufficienter
542 4699 694 4772 respondet
735 4699 790 4754 lla·
840 4702 896 4756 soli
912 4674 1051 4775 promisit,
1083 4701 1133 4759 tibi
1159 4702 1231 4760 dabo
1255 4703 1349 4761 clocas
1369 4742 1442 4777 ....,
1475 4711 1504 4761 ut

131 4796 250 4857 nitentum
271 4810 312 4858 est
326 4802 417 4878 enim,
444 4805 516 4876 quod
543 4806 633 4861 omnis
661 4804 802 4861 andasta-¹
840 4780 1025 4864 ostenderetur
1043 4814 1165 4881 potestas
1187 4810 1299 4866 clarium
1320 4827 1368 4883 per
1388 4826 1447 4865 eum
1468 4809 1502 4865 sd

133 4902 197 4959 stica
229 4917 391 4966 samamenta
426 4912 484 4984 ipse
517 4911 637 4968 Christis
670 4913 788 4986 perlicit,
840 4913 908 4969 alios
929 4912 1071 4970 derivanda
1093 4914 1127 4971 ad
1148 4915 1356 4972 conservandam
1374 4912 1503 4971 eeclesiae

135 5005 189 5079 ipse
208 5014 287 5069 etiarn
308 5018 409 5088 estqui
430 5017 562 5092 baptizat,
583 5020 642 5092 ipse
656 5026 789 5077 estuerus
839 5015 998 5077 unitatem.“

187 3480 248 3556 ¹¹⁶)
267 3498 293 3537 ι.
315 3481 382 3539 ιιι.
