3300 5402
605 298 751 370 CAPUT
792 300 932 370 xxvtt
1058 334 1061 343 Α
1397 300 1460 366 tbb

91 472 257 555 dignisdma,
279 490 355 554 quaa
377 489 534 553 numquam
556 490 574 535 e
596 470 820 550 christianorum
841 470 986 535 mantibus
1009 469 1158 533 excidant:
1202 468 1286 551 „Nec
1306 472 1384 533 amm
1405 486 1460 552 po·

90 584 152 645 terit
170 583 281 646 nubatis
301 589 422 645 nostrae
445 581 527 644 firma
549 598 618 644 esse
640 599 799 679 compago,
821 582 878 645 nisi
899 596 956 643 nos
977 578 1014 642 ad
1036 577 1262 660 inseparabilem
1283 578 1459 642 soliditatem

88 691 223 754 vinculum
244 693 371 755 caritatis
393 691 594 771 adstrinxerit3
624 692 691 772 quin
717 692 792 754 sicut
818 693 847 754 in
876 707 936 753 uno
958 705 1083 771 corpore
1104 688 1194 751 multa
1216 688 1348 752 membra
1367 687 1459 752 babe-

85 818 157 881 mus,
182 803 277 864 omnia
298 808 394 864 autem
414 800 546 863 membra
567 816 626 863 non
648 798 784 864 cumdem
807 808 903 864 actum
923 798 1047 877 habent,
1078 799 1116 860 lta
1137 798 1218 860 multi
1238 815 1327 861 unum
1349 815 1458 880 corpus

82 926 176 973 sumus
196 909 365 991 inchristo,
387 908 496 993 singuli
516 916 613 972 autern
632 909 706 972 altar
719 909 839 973 alterius
860 908 1000 973 membra.
1043 908 1194 971 Conncxio
1216 909 1303 971 totius
1326 910 1459 990 corporis

81 1034 163 1080 unam
189 1021 359 1101 sanitatem,
387 1038 476 1082 unam
501 1018 744 1101 pulchritudinem
769 1019 867 1082 efficit
909 1016 944 1081 Et
967 1018 1043 1081 baec
1066 1018 1183 1100 quidem
1203 1020 1350 1093 connexio
1371 1019 1459 1082 totius

84 1127 195 1208 qudem
217 1130 352 1210 corporis
374 1130 591 1192 unanimitatem
612 1131 748 1211 requirit,
777 1129 831 1192 sed
851 1130 1008 1211 praecipua
1030 1128 1122 1210 exigit
1139 1128 1330 1191 concordiam
1351 1148 1457 1191 socn-

81 1236 188 1301 dotuna
231 1238 343 1313 Quibus
364 1241 418 1301 etsi
440 1236 565 1320 dignitas
586 1255 646 1301 non
668 1240 704 1301 sit
725 1239 896 1316 communis,
920 1245 966 1301 cst
986 1244 1084 1300 tamen
1104 1237 1179 1301 crdo
1200 1236 1365 1319 generalis:
1386 1255 1459 1321 quo·

81 1346 153 1407 niam
174 1354 204 1409 et
225 1349 302 1409 inter
322 1333 510 1410 beatisltrnos
531 1347 728 1429 apostolocin
749 1346 935 1410 similitudine
954 1346 1076 1410 honoris
1091 1349 1136 1383 ²⁸⁵
1160 1347 1211 1410 luit
1232 1347 1374 1430 quaedam
1398 1347 1458 1411 dis-

81 1457 169 1519 cretio
192 1457 360 1538 potcstatis3
392 1464 513 1518 etcum
541 1458 670 1519 omnium
698 1463 859 1537 parasset
887 1455 1007 1537 electio,
1034 1463 1090 1519 unt
1110 1464 1207 1520 tamen
1235 1456 1332 1521 datum
1354 1464 1401 1522 est
1427 1466 1459 1521 ut

80 1568 182 1629 setena
208 1568 433 1646 pracemmarat.
480 1563 526 1629 lle
552 1587 613 1645 praa
634 1563 745 1649 forma
772 1566 979 1647 cpiscoporum
1006 1583 1123 1649 quoquc
1151 1575 1198 1630 est
1218 1573 1281 1629 orta
1303 1566 1459 1649 distinctio,

81 1682 109 1737 et
129 1694 234 1757 magna
249 1676 439 1758 dispositione
453 1677 603 1756 prouisum
625 1684 679 1755 est,
701 1694 740 1738 ne
759 1692 863 1737 omncs
882 1674 938 1738 sibi
951 1677 1049 1739 omnia
1063 1677 1262 1740 vindicarent:
1286 1676 1339 1739 sed
1359 1684 1460 1741 essent

81 1784 109 1846 in
129 1785 253 1868 singulis
267 1786 483 1866 provinciis²‘⁸
507 1784 625 1867 singoli,
648 1802 772 1867 quorum
795 1786 871 1847 inter
891 1783 996 1848 iratres
1009 1783 1169 1848 baberetur
1185 1787 1277 1867 prima
1299 1788 1458 1850 sententia:

80 1901 108 1956 et
125 1912 227 1958 narsus
248 1895 365 1975 modam
393 1896 422 1956 in
449 1895 606 1958 maioribus
627 1894 803 1957 urbibus²⁸²
829 1896 993 1975 constituti,
1024 1895 1248 1959 sollicitudinem
1277 1897 1460 1978 susciperent

80 2003 262 2084 ampliorem,
283 2022 338 2086 per
359 2021 435 2085 quos
454 2004 497 2066 ad
514 2022 610 2066 unam
624 2000 716 2066 Petri
736 2005 837 2067 sedem
856 2004 1042 2069 commonita
1060 2005 1207 2068 eeclesiae
1228 2026 1306 2069 auro
1326 2002 1459 2088 conflue-

78 2119 135 2189 ret,
157 2120 188 2176 at
205 2110 285 2176 nibil
302 2134 434 2194 capuam
453 2136 474 2177 a
494 2120 671 2193 suocapite
690 2113 883 2177 desideret&

181 2254 252 2311 toa.
296 2246 423 2329 Quibus,
450 2250 475 2313 si
505 2249 573 2332 quid
596 2267 701 2329 cerno,
733 2247 804 2312 nihil
824 2249 862 2312 ad
883 2268 948 2311 eam
970 2240 1384 2330 quaestionem'dirimcndam
1408 2270 1457 2316 ac·

78 2358 300 2438 commodatius,
329 2377 385 2439 qua
406 2360 526 2439 petitur:
548 2366 654 2421 utrum
674 2358 812 2422 doctrina
835 2358 872 2422 de
890 2365 1028 2438 primatu
1052 2356 1155 2436 Petri,
1177 2360 1277 2442 depae
1297 2362 1396 2426 indita
1416 2369 1457 2425 et-

80 2464 142 2529 alem
166 2474 284 2531 uirtute
309 2475 440 2530 unitatis
467 2465 741 2548 catholicitatiapue
766 2465 934 2553 effectrice,
961 2475 994 2531 tn
1015 2491 1053 2532 ea
1074 2476 1207 2533 manium
1232 2468 1458 2536 solemnissimo

77 2570 266 2657 profitendae
283 2575 362 2659 fidei
386 2597 494 2639 norma
515 2576 703 2653 traderetur,
734 2598 813 2657 puae
833 2575 961 2660 spnrboli
981 2586 1100 2642 nomine
1121 2577 1306 2660 appellatur.
1350 2580 1458 2654 Quam·

80 2702 162 2767 quam
182 2689 262 2751 enim
285 2688 456 2750 certissimis
474 2687 648 2750 constct²⁸⁸
671 2687 860 2767 testimoniis,
881 2704 941 2748 non
962 2705 1000 2749 co
1023 2689 1145 2751 consilio
1167 2688 1243 2752 edita
1265 2688 1355 2754 luisse
1378 2709 1457 2775 sym·

79 2794 152 2876 bola,
174 2796 453 2878 catechumenisque
475 2795 635 2877 explanata,
658 2803 689 2857 ut
710 2814 748 2859 ex
769 2796 803 2858 iis
827 2794 922 2875 plena,
945 2797 1064 2877 suisque
1080 2798 1210 2861 absoluta
1226 2784 1356 2863 numeris
1380 2800 1457 2863 cbri-

12 2970 14 2985 ,
79 2907 166 2970 stiana
192 2908 332 2971 institutio
356 2904 536 2971 hauriretur:
565 2908 653 2969 immo
681 2907 864 2985 constet²⁶⁹,
891 2907 995 2987 priscis
1022 2906 1167 2970 ccclesiae
1197 2909 1344 2991 magistris
1367 2908 1458 2973 luisse

80 3014 267 3095 destinatum,
297 3022 328 3077 ut
356 3014 438 3095 plura
463 3017 492 3077 in
519 3014 660 3097 symbolis
681 3017 862 3096 omitterent,
890 3035 965 3097 quac
988 3017 1094 3080 deinde
1115 3024 1246 3081 initiatis
1267 3019 1457 3100 opportunius

140 3259 202 3335 Ν5)
224 3259 323 3316 llaberi
345 3261 395 3315 ista
415 3264 527 3332 possunt
543 3259 649 3331 egregii
662 3261 744 3315 instar
794 3256 828 3313 ad
842 3258 947 3314 Socrat.
968 3259 1015 3315 lib.
1029 3234 1048 3316 1.
1070 3276 1128 3333 cap.
1142 3259 1187 3333 xl,
1208 3265 1235 3317 at
1248 3261 1357 3318 sozom.
1375 3259 1421 3316 lib.
1436 3260 1457 3317 Ι.

82 3367 273 3442 commentarii,
296 3381 348 3439 quo
364 3365 488 3437 Cypriani
509 3366 590 3422 rerba
611 3365 637 3420 ia
651 3363 742 3420 libello
793 3380 852 3438 cap.
877 3364 977 3440 xxm,
1011 3364 1201 3421 Sebelstratius
1228 3366 1255 3421 in
1280 3365 1394 3422 Dissert.
1421 3367 1455 3423 dc

83 3469 115 3525 de
134 3470 242 3528 Unitatc
261 3473 312 3528 rito
339 3471 526 3544 explanantur:
566 3471 643 3544 „lloc
669 3476 744 3526 eraut
793 3470 949 3526 auctoritate
975 3472 1152 3544 patriarchica
1181 3479 1208 3528 ct
1235 3470 1456 3547 rustropolitana,

81 3577 168 3649 utiquc
189 3583 218 3634 at
238 3579 320 3635 ceteri
341 3578 466 3651 apostoli,
486 3576 557 3649 quod
577 3578 627 3633 brit
641 3577 741 3650 Petrus,
793 3592 824 3632 ac
844 3576 975 3634 Antonius
995 3577 1117 3650 dianoni,
1137 3577 1177 3637 De
1198 3583 1305 3634 caterua
1326 3577 1456 3635 ccclesiae

81 3684 137 3753 pari
165 3685 302 3740 consortio
330 3684 443 3757 praediti
469 3688 497 3739 et
515 3684 627 3740 bonoria
647 3690 675 3740 et
693 3699 743 3757 po·
792 3683 896 3755 politia.

80 3790 197 3864 batalia,
225 3790 274 3847 sed
294 3790 435 3846 exordium
456 3790 489 3845 ab
510 3789 609 3846 unitata
634 3788 743 3862 prolici-
852 3813 915 3888 η.)
942 3812 1071 3886 origene,
1098 3816 1124 3871 in
1151 3817 1291 3889 prooemio
1317 3814 1379 3892 mo>
1403 3806 1455 3893 ἀρ,

80 3894 175 3970 scitur,
199 3901 230 3951 ut
249 3897 362 3952 ecclesia
382 3913 433 3952 una
455 3892 644 3952 monstrator.“
790 3913 862 3996 χὼ,
890 3920 1051 3976 Athanasius
1076 3921 1109 3976 de
1130 3922 1261 3996 synopis,
1289 3921 1454 3995 Epiphanius

138 4024 202 4101 ²⁸⁸)
222 4026 262 4085 ba
283 4027 511 4101 metropolitarum
529 4027 694 4091 institutione
708 4026 742 4082 ab
791 4027 817 4082 in
832 4026 978 4099 Ancorato,
1000 4025 1157 4083 Ambrosius
1177 4030 1204 4084 iu
1224 4029 1271 4084 lib.
1292 4028 1325 4084 dc
1346 4029 1388 4084 bis
1408 4029 1452 4102 qui

66 4128 144 4201 'ipsis
165 4132 294 4206 apostolis
314 4134 467 4207 repetenda,
489 4131 551 4189 nida
572 4148 638 4205 quae
655 4134 742 4189 disse·
791 4133 925 4203 mysteriis
946 4131 1097 4207 initiantur,
1118 4150 1177 4207 cap.
1195 4133 1222 4209 l,
1243 4140 1271 4191 ct
1291 4135 1453 4207 Augustinus

81 4236 115 4292 rit
133 4236 294 4311 Eararcgius
316 4240 342 4295 in
363 4255 461 4314 opere,
491 4239 586 4296 Codes
605 4255 741 4296 cononum
790 4237 908 4294 dalida
928 4243 956 4294 ct
975 4238 1068 4310 Symb.
1088 4255 1147 4312 cap.
1162 4240 1182 4297 l.

80 4343 215 4403 mmm
241 4347 400 4420 ΜΕΝ
429 4345 600 4417 'mumma
634 4345 680 4402 fib·
707 4345 739 4401 Π·
851 4370 913 4446 ²⁶⁹)
953 4370 1072 4427 Clemens
1105 4373 1290 4430 alexandrinus
1324 4375 1453 4431 stromat

79 4462 135 4521 ⁰ill·
155 4450 188 4507 V·
398 4467 400 4471 ’
789 4476 836 4532 lib.
857 4476 877 4533 Ι.
910 4476 937 4550 ς.
964 4477 1055 4551 Xllll,
1098 4476 1244 4550 Gregorius
1277 4481 1453 4537 nazianzenus

138 4580 200 4657 ²⁸⁷)
228 4583 284 4640 llac
303 4584 419 4657 pertinet
438 4599 522 4640 canon
539 4581 585 4639 vl.
606 4582 739 4653 nicaenus,
790 4581 863 4638 Orat.
877 4582 930 4639 XL.
951 4583 978 4639 iu
998 4599 1021 4638 a·
1043 4582 1212 4659 baptismum,
1234 4585 1346 4658 cyrillus
1366 4586 1455 4642 bierb-

80 4685 184 4761 dequo
205 4689 341 4762 praeclare
362 4696 444 4761 agunt
463 4687 618 4747 sirmondus
632 4690 658 4744 iu
672 4687 740 4744 Cen·
789 4688 964 4760 solymitauus
984 4688 1091 4746 Catecb.
1106 4689 1200 4747 Xlllll.
1220 4709 1246 4747 n.
1261 4690 1316 4764 33,
1337 4689 1453 4748 Ambro-

80 4806 138 4849 sura
158 4797 328 4853 coniecturae
350 4795 474 4867 anonymi
495 4793 529 4850 dc
549 4793 738 4850 suburbicariis
788 4795 845 4851 sios
873 4792 911 4869 (si
939 4796 962 4851 is
989 4801 1032 4852 cst
1058 4795 1167 4870 auctor)
1199 4797 1232 4852 de
1259 4770 1454 4869 Sacramcutia,

78 4901 230 4972 rosionibus
250 4909 278 4960 et
297 4902 433 4977 ecclesiis,
460 4901 585 4959 Valesius
611 4902 638 4958 in
665 4901 738 4958 notis
788 4900 834 4960 lib.
849 4902 869 4959 l.
890 4918 948 4978 cap.
962 4902 989 4979 l,
1010 4908 1038 4959 et
1052 4900 1212 4959 Gaudentius
1226 4901 1339 4960 sermm.
1353 4901 1450 4961 ll-V.
