3266 5416
9 5178 11 5277 l

624 351 771 419 onnon
802 307 862 419 nn.
1393 354 1431 414 n

68 528 158 602 motos
170 527 370 603 protestantes
384 520 544 584 reddiderit
563 520 768 586 modestiores.
811 521 909 595 Quare
930 520 1057 584 llericus
1079 517 1277 599 Casaubonus,
1294 537 1333 581 ne
1347 518 1435 600 Opta-

67 638 130 709 tum,
155 647 241 711 quem
263 628 404 693 subiectis
427 632 503 693 notis
525 629 714 711 explanabat,
744 629 839 693 eidem
858 625 1082 712 reprehensioni
1106 628 1264 691 obnoxium
1285 626 1434 709 fateretur,

40 758 44 766 ·
66 738 126 803 nihil
145 741 336 822 opportunius
364 739 429 802 lore
451 739 543 822 duxit,
574 758 661 821 quam
683 740 768 803 incisi
789 759 828 803 ex
848 738 980 802 eiusdem
1000 736 1104 800 libris³
1136 736 1279 818 desumpti
1301 737 1435 818 Optatum

63 855 200 911 auctorem
220 868 348 932 negare,
371 848 499 930 illudque
519 850 660 931 imperitis
680 849 805 912 librariis
819 847 958 929 tribuere,
982 848 1032 927 qui
1054 845 1083 908 id
1105 865 1122 909 e
1144 845 1278 909 codicum
1300 848 1434 929 margine

61 959 210 1021 intextum
231 958 442 1022 transtulerint
484 958 597 1039 Ecquid
617 960 696 1022 enim
718 960 894 1037 evidentius,
917 958 1018 1039 inquit,
1039 973 1126 1036 quam
1148 955 1291 1018 eiusmodi
1311 958 1434 1019 incisum

61 1066 155 1148 Optato
174 1086 244 1133 esse
267 1069 514 1150 indignissimum,
536 1085 624 1149 thurn
646 1067 753 1150 lugere
772 1068 921 1130 neminem
941 1066 1043 1148 possit,
1066 1064 1193 1147 Cepham
1214 1066 1358 1148 syriacam
1384 1082 1434 1127 vo·

9 1228 11 1245 .
61 1194 119 1239 oen
139 1196 205 1241 esse
228 1196 290 1240 non
313 1173 475 1261 mecaml
523 1176 617 1249 onan
637 1178 835 1241 coniecturam
853 1177 917 1257 ipse
938 1192 1055 1257 quoque
1070 1175 1241 1239 Franciscus
1255 1174 1434 1237 Baldninus⁹

60 1288 161 1368 recepit
180 1287 337 1350 scribens:
380 1284 486 1368 „Quod
506 1285 592 1367 paulo
615 1293 682 1348 ante
703 1285 810 1368 legitur
825 1288 854 1350 in
868 1286 983 1368 Optato,
1004 1284 1129 1366 Petrum,
1154 1287 1221 1366 quia
1237 1285 1434 1366 apostolorum

61 1404 135 1477 caput
159 1396 254 1477 luerit,
277 1384 452 1478 appellatum
475 1414 543 1459 esse
558 1396 696 1479 Cepham‚
719 1395 779 1459 dixi
799 1395 867 1459 alibi
888 1395 1096 1458 soloecismum
1119 1412 1186 1457 esse
1207 1393 1333 1456 hominis
1355 1411 1434 1457 som-

60 1505 153 1567 niantis
174 1524 281 1569 nocem
301 1507 456 1588 syriacam,
479 1524 555 1587 quae
576 1506 720 1589 significat
740 1513 869 1589 petram,
892 1523 961 1568 esse
982 1521 1122 1586 graecam
1142 1501 1265 1588 κεφαλή
1289 1522 1364 1586 quae
1386 1522 1434 1567 ca·

59 1619 103 1694 put
120 1613 272 1696 significat.
319 1613 379 1680 Sed
399 1616 536 1696 suspicor
555 1615 630 1679 haec
657 1614 763 1698 verba,
790 1615 872 1678 ande
892 1622 922 1676 et
942 1610 1063 1693 Cephea
1084 1611 1255 1693 appellatos
1276 1621 1336 1689 ιιι,
1367 1632 1434 1676 esse

62 1721 168 1811 ineptae⁴
184 1725 311 1789 alicuius
333 1727 453 1809 glossae
476 1726 513 1789 ad
534 1727 698 1809 marginem
717 1732 831 1789 temere
853 1724 1012 1805 ascriptae,
1042 1730 1072 1785 et
1100 1723 1205 1786 deinde
1228 1723 1280 1786 abs
1310 1721 1434 1785 librariis

66 1836 196 1897 mnunui
214 1835 358 1898 insertae.
402 1837 489 1899 Certe
510 1834 630 1917 Optatos
651 1834 727 1897 libro
746 1835 871 1916 septimo
889 1836 915 1866 ¹⁰
936 1831 1106 1914 simpliciter
1128 1834 1180 1913 ait,
1208 1831 1324 1895 Petrum
1345 1831 1435 1894 luisse

65 1949 134 2022 caput
152 1945 373 2026 apostolorum,
397 1964 494 2026 neque
515 1951 670 2026 praeterea
692 1945 847 2025 quicquam
869 1943 998 2006 adiicit.“

154 2060 202 2117 to.
248 2055 347 2129 Ouum
369 2070 441 2119 vero
462 2071 560 2136 neque
580 2052 708 2134 codices,
731 2070 829 2133 neque
851 2052 995 2116 editiones
1015 2052 1085 2116 huic
1099 2052 1257 2132 suspicioni
1271 2052 1434 2133 patrocina-

64 2167 166 2244 rentur,
194 2163 312 2226 idcirco
341 2163 485 2244 Philippus
506 2161 633 2224 Prionius
649 2165 672 2194 '¹
699 2163 806 2225 nodum
828 2162 911 2224 aliter
933 2161 1148 2243 expediendum
1178 2161 1307 2240 censuit,
1339 2160 1435 2241 dequo

64 2288 92 2330 re
110 2278 165 2334 tota
187 2275 231 2336 sic
251 2273 367 2335 statuit:
412 2271 545 2351 „Norunt
565 2290 669 2335 omnes
691 2273 738 2335 vel
759 2272 948 2336 mediocriter
966 2272 1079 2352 eruditi,
1101 2288 1210 2334 nomen
1232 2269 1345 2350 Cephas
1367 2289 1435 2332 esse

64 2380 213 2464 syriacum,
242 2381 366 2464 Optatus
394 2388 492 2444 tamen
520 2382 678 2464 agraecis
707 2381 834 2460 derivat,
863 2378 928 2446 ιιίιὸ
949 2382 1003 2459 τῆς
1025 2380 1182 2469 neapolie,
1211 2382 1241 2443 in
1263 2398 1321 2461 quo
1342 2399 1360 2443 a
1381 2380 1435 2442 Ba-

64 2491 137 2552 ronio
157 2492 193 2555 ad
214 2510 325 2554 annum
347 2491 449 2554 xxxi.
472 2509 659 2575 summopere
680 2489 821 2554 laudatur.
865 2492 925 2556 Sed
944 2494 1010 2574 quis
1031 2494 1058 2555 ei
1079 2510 1138 2554 non
1160 2497 1348 2569 succenseat,
1371 2492 1436 2572 quis

64 2613 116 2660 non
137 2600 230 2664 rideat
249 2608 475 2683 praeposterum
488 2600 604 2664 Baronii
624 2598 782 2664 iudiciuml
805 2602 979 2683 quicumque
1000 2620 1017 2664 e
1039 2600 1170 2665 Patribus
1195 2607 1225 2662 ct
1246 2599 1436 2681 scriptoribus

64 2709 175 2788 antiqads
195 2710 363 2793 linguarum
384 2710 514 2773 notitiam
535 2709 661 2791 aliquam
674 2709 847 2790 habuerunt,
870 2714 1016 2795 syriacum
1031 2729 1098 2773 esse
1115 2727 1219 2772 omnes
1240 2716 1432 2791 agnoverunt.

65 2814 167 2882 ludere
192 2820 333 2901 equidem
359 2819 473 2883 videtur
497 2819 618 2902 Optatus
646 2821 833 2901 innomine,
863 2819 979 2883 laudem
1001 2836 1073 2882 vero
1095 2821 1204 2881 mereri
1225 2819 1333 2881 nullam
1354 2826 1433 2903 puto,

67 2927 147 3005 qtulis
167 2930 196 2991 ei
216 2929 374 3012 affingitur.
417 2930 504 2993 Addo
527 2933 613 2994 etiam
634 2929 745 3010 puerile
769 2948 838 2993 esse
860 2937 890 2993 et
911 2929 1017 2993 nullius
1038 2928 1136 2992 indicii
1156 2936 1370 3007 commentum,
1401 2947 1436 2990 ac

66 3052 156 3114 parum
183 3038 379 3103 christianum.
423 3039 553 3103 Christus
581 3040 659 3102 enim
684 3039 772 3103 lesus
800 3039 916 3103 Petrum
945 3040 1061 3102 vocam't
1087 3038 1231 3119 Cepham,
1265 3045 1296 3100 ut
1324 3044 1436 3119 petram

68 3162 126 3208 csse
147 3147 370 3231 demonstraret,
393 3150 411 3211 ὁ
432 3146 630 3230 ἑρμηνεύεται
656 3148 789 3230 Πέτρος,
811 3149 893 3229 qaod
911 3145 1043 3211 Petrum
1063 3146 1228 3232 ripnificot.
1252 3147 1318 3210 Joh.
1340 3146 1361 3208 Ι.
1386 3153 1435 3208 43.

67 3253 112 3316 Ηιι
131 3275 200 3320 vero
220 3258 373 3341 repudiata
393 3259 533 3338 veritate,
562 3258 641 3322 falsis
663 3261 757 3340 potius
785 3258 1071 3341 interpretationibus
1098 3257 1254 3337 adhaeret,
1285 3264 1313 3320 et
1342 3274 1435 3339 nuga·

69 3365 149 3447 briis,
169 3385 256 3448 quam
277 3366 377 3430 verbis
392 3367 497 3431 thristi
510 3367 634 3435 Domini.
677 3369 762 3443 Quod
783 3371 871 3433 etiam
892 3368 977 3432 allent
998 3368 1104 3432 eodem
1125 3369 1155 3430 in
1175 3367 1258 3448 loco,
1279 3375 1311 3430 ut
1333 3367 1437 3431 deliria

69 3489 114 3535 sua
133 3483 162 3537 et
181 3477 265 3559 aegri
287 3479 400 3541 somnia
422 3478 565 3560 intrudat,
594 3498 618 3542 s.
641 3479 818 3562 Gregorium
844 3480 1055 3542 nazianzenum
1074 3476 1183 3560 pascha
1213 3477 1348 3540 derivare
1370 3474 1435 3540 ιέπὸ

69 3584 117 3642 cod
135 3582 282 3663 πάσχειν,
302 3594 336 3649 ιιι
363 3595 392 3650 et
413 3588 493 3668 quod
516 3588 553 3651 de
573 3589 687 3652 tustino
715 3595 844 3670 martyre
871 3595 1012 3670 nugatur,
1041 3588 1110 3670 quid
1130 3588 1208 3652 aliud
1233 3606 1301 3651 esse
1331 3595 1437 3669 potest,

72 3705 148 3768 quam
164 3712 296 3758 errorem
317 3714 420 3760 errore
442 3695 602 3760 defendere
617 3694 653 3760 ιιι

166 3809 214 3867 ιι.
258 3805 352 3879 Quam
374 3824 433 3888 ego
455 3809 685 3870 controversiam
704 3808 755 3870 vix
768 3810 1048 3872 commemoratione
1072 3810 1190 3892 dignam
1212 3810 1438 3889 existimassem,

125 4012 149 4085 ⁸)
168 4014 282 4088 ldipsum
304 4032 409 4090 quoque
429 4018 540 4089 negavit
558 4016 723 4077 Marcellinus
772 4017 884 4073 Romani
914 4018 1048 4075 Pontillcis
1079 4019 1162 4076 latino
1192 4026 1220 4076 et
1244 4021 1342 4093 gallice
1372 4021 1438 4076 editi

74 4111 232 4177 lolkenhohr
258 4124 284 4178 in
311 4123 516 4196 dissertatione,
542 4120 587 4179 An
610 4123 723 4197 Caphar,
773 4138 842 4179 anno
866 4122 951 4180 1770.
990 4124 1085 4183 Dictae
1106 4126 1170 4181 crisi
1190 4125 1362 4183 subscribo.“

76 4224 115 4292 qai
136 4241 153 4279 o
176 4226 261 4285 Paulo
286 4230 481 4303 reprehensus,
511 4230 547 4285 sit
570 4248 592 4286 s.
618 4228 723 4303 Petraeo,
837 4229 864 4303 ⁹)
885 4229 1023 4286 Annona.
1037 4231 1173 4287 inlihrum
1187 4233 1329 4289 secundom
1338 4233 1437 4307 Optati.

76 4326 182 4387 saitem
200 4351 226 4389 n.
240 4335 293 4391 33:
322 4336 377 4411 ‚st
397 4335 441 4409 id,
468 4335 540 4407 quod
562 4335 606 4391 hic
630 4352 724 4409 paren·
839 4335 881 4411 ¹⁰)
911 4336 1001 4408 Optati
1031 4337 1111 4394 verba
1142 4338 1211 4396 libro
1242 4340 1356 4413 septimo
1386 4341 1437 4395 ista

77 4428 137 4489 theri
155 4437 335 4514 interpositum
356 4447 406 4517 cst,
426 4457 449 4497 s.
470 4440 560 4515 optati
581 4443 664 4499 textui
686 4444 725 4499 in·
773 4447 851 4498 sunt:
885 4440 995 4516 „Potuit
1022 4444 1112 4515 ntique
1143 4453 1223 4518 capot
1256 4446 1438 4519 apostolorum

80 4533 148 4595 locta
172 4560 247 4602 manu
272 4561 325 4603 non
352 4547 388 4604 sit
415 4545 549 4618 additum,
582 4547 722 4604 dicenda·
772 4549 810 4605 ita
830 4563 860 4604 sa
881 4548 1041 4623 gubernare,
1068 4554 1098 4603 ut
1117 4549 1182 4606 nihil
1203 4553 1349 4608 incurreret
1368 4552 1438 4627 qaod

78 4640 152 4721 lorot,
170 4648 234 4707 hunc
253 4650 356 4709 Patrem
375 4653 491 4709 nominis
511 4652 619 4726 Kephas
639 4656 725 4727 origi·
772 4653 892 4711 doleret:
923 4654 972 4712 sed
997 4654 1060 4712 ideo
1087 4655 1115 4711 in
1140 4672 1194 4714 uno
1220 4658 1297 4715 titulo
1325 4656 1367 4731 (in
1388 4672 1439 4715 nno

82 4762 131 4806 nen
149 4753 251 4813 dnnhse
265 4774 280 4813 a
293 4773 363 4815 noce
383 4774 482 4831 graeca
502 4751 623 4835 κιφαλή,
643 4760 724 4837 idest,
772 4761 898 4837 peccato)
929 4763 988 4818 eina
1015 4761 1097 4818 multa
1123 4763 1248 4820 videntur
1272 4770 1379 4837 errata,
1412 4770 1441 4818 nt

83 4865 170 4928 ῡφυις
197 4876 255 4919 cnm
281 4867 371 4921 umen
401 4864 480 4921 radix
511 4866 590 4923 vocis
618 4865 725 4940 liaphas
773 4869 861 4940 possit
881 4868 988 4925 ostendi
1008 4867 1080 4925 bono
1102 4869 1211 4926 minata
1232 4871 1322 4926 omnia
1341 4866 1439 4924 debere

86 4960 210 5023 acuum
226 4969 348 5042 prolatae
366 4970 406 5027 alt
423 4986 480 5028 vox
499 4973 605 5044 sartam
621 4971 727 5047 Kepha,
775 4971 833 5032 lieo
851 4971 984 5032 servari.“

90 5062 160 5146 idest,
175 5081 258 5148 patra
301 5077 340 5135 lta
361 5083 455 5136 auctor
474 5077 591 5137 libride
611 5079 728 5141 Ριίιιιιιι
841 5078 884 5154 ¹¹)
906 5077 935 5134 ln
953 5076 1073 5134 sublecta
1093 5076 1276 5131 adnotatione.
