3300 5402
679 309 826 378 CAPUT
867 310 925 378 Ν.
1437 308 1500 371 399

225 488 274 545 62.
317 481 393 563 Sed,
424 481 502 565 quod
531 482 660 545 omnium
682 500 757 564 pace
778 479 886 544 dictum
913 479 1010 560 selim,
1032 485 1145 542 certum
1166 476 1236 541 mihi
1258 484 1499 559 compertamque

113 598 169 670 est,
194 597 281 654 antea
301 597 498 673 protestantes
517 590 555 654 de
575 598 672 656 texum
694 591 932 674 interpretatione
954 587 1099 651 iudicasse
1116 604 1203 668 quam
1225 586 1402 668 antiquitatis
1430 604 1500 650 sen-

113 699 235 764 tentiam
264 700 486 782 expendissent‚
519 706 549 763 et
576 700 613 763 ab
638 699 710 781 bac,
737 719 824 783 quarn
849 717 908 762 non
938 704 1158 781 cognoverant,
1185 696 1302 777 penitus
1332 693 1496 759 aberrasse.

114 809 288 892 Utrumque,
310 827 369 891 qno
387 817 491 891 potem
512 810 641 891 brevius,
663 810 826 893 expediam.

223 944 343 1009 Praesto
363 945 458 1009 adbuc
479 951 546 1009 sant
567 962 656 1026 opera
677 942 801 1008 saeculo
821 942 1043 1006 reato-decimo
1061 942 1098 1005 ab
1120 941 1176 1004 illis
1190 940 1277 1020 edita,
1299 946 1330 1001 et
1350 937 1499 1021 inquibus

117 1071 209 1135 worn
230 1052 286 1116 alia
306 1061 421 1118 exstant
441 1054 623 1118 miserrimae
645 1054 722 1116 illins
744 1054 846 1116 aetatis
865 1059 1007 1133 propria,
1038 1058 1098 1113 turn
1120 1051 1245 1113 maxime
1275 1051 1385 1113 eminet
1403 1050 1498 1111 incre-

118 1162 216 1227 dibilis
230 1164 374 1245 quaedam
389 1170 419 1225 et
433 1162 469 1226 ad
484 1161 665 1227 stomachum
687 1181 781 1244 usque
796 1163 955 1226 creandum
976 1162 1051 1224 lacta
1065 1164 1092 1195 ⁸⁵
1116 1159 1294 1223 christianae
1314 1159 1500 1240 antiquitatis,

116 1272 338 1354 traditionisque
360 1273 547 1354 contemptio.
591 1272 671 1335 ilaec
692 1274 720 1334 in
742 1273 777 1336 iis
798 1272 835 1336 ad
856 1291 974 1344 ornnem
996 1271 1148 1353 paginam,
1175 1288 1274 1351 neque
1300 1271 1364 1333 sine
1385 1267 1500 1332 lastidio

115 1381 215 1463 legas:
236 1381 308 1445 solis
329 1381 541 1445 inhaerendum
562 1400 631 1445 esse
653 1382 816 1465 scripturis,
839 1381 1027 1464 seponendos
1049 1399 1117 1444 esse
1139 1379 1259 1459 Patres,
1277 1378 1499 1462 pontificicsque

114 1491 326 1573 exagitandos,
352 1492 402 1573 qui
432 1490 524 1554 solam
553 1491 680 1555 habeant
709 1490 905 1555 'traditionem
935 1509 1021 1572 quam
1052 1496 1192 1571 crepent,
1220 1489 1359 1570 solosque
1390 1488 1498 1568 Patres,

113 1618 241 1683 quorum
260 1601 386 1664 humana
406 1600 576 1663 auctoritate
601 1618 671 1663 suas
698 1600 878 1683 conuptelas
907 1600 1070 1663 vendibiles
1096 1598 1228 1662 reddant.
1272 1597 1420 1680 Aprimis
1442 1598 1499 1660 iam

112 1709 257 1791 saecrdis,
286 1711 408 1791 ipsaque
437 1717 595 1792 martyrum
622 1717 719 1773 aetate
748 1711 853 1773 sordes
881 1710 1045 1773 inhaesisse
1073 1707 1234 1787 ecclesiae,
1263 1724 1361 1788 neque
1393 1726 1498 1770 uenam

112 1819 237 1884 traditae
252 1819 403 1882 doctrinae
423 1819 542 1882 illimem
557 1818 723 1883 deduxisse.
767 1819 842 1893 onio
863 1821 995 1883 iamvero
1022 1814 1153 1881 censesi
1183 1815 1340 1880 verisimile
1354 1835 1392 1879 ne
1406 1824 1500 1899 putas,

114 1931 166 2013 qui
187 1930 279 1993 hosce
306 1929 336 1991 in
362 1927 479 2007 Patres,
511 1928 766 2010 'traditionemque
788 1930 901 1991 animos
923 1934 1079 2011 gererent,
1111 1928 1272 2009 impensam
1302 1944 1355 1990 eos
1382 1926 1500 1989 dedisse

113 2057 247 2121 operam,
267 2046 299 2100 ut
318 2037 494 2101 christianae
514 2038 688 2119 antiquitatis
703 2038 882 2102 monimenta
895 2043 1077 2117 excuterent,
1097 2038 1257 2101 sententias
1272 2043 1499 2118 cognoscerent,

115 2148 312 2231 cognitaeque
340 2143 535 2209 vererentur?
563 2146 673 2211 fructus
700 2155 768 2210 sunt
793 2148 841 2209 isti
869 2146 1077 2210 aestimationis
1103 2152 1133 2208 et
1163 2144 1314 2226 obsequii,
1342 2162 1402 2207 non
1430 2162 1500 2207 con-

114 2264 243 2339 temptus
258 2263 288 2320 et
308 2256 376 2319 odii.
418 2255 470 2320 Est
491 2258 579 2338 igitur
600 2263 719 2321 mmrtnc
737 2253 902 2337 mobabtle,
923 2264 1010 2320 antea
1031 2272 1133 2318 secura
1147 2254 1284 2318 statuisse
1306 2261 1500 2336 protestantes

115 2365 187 2449 quid
202 2366 240 2429 de
255 2364 354 2429 serbis
368 2365 473 2430 Christi
488 2365 665 2430 affirmarent
676 2368 703 2399 ⁸⁰
726 2375 918 2450 negarentre,
939 2384 1026 2449 quam
1041 2365 1079 2428 de
1102 2364 1310 2446 cognoscenda
1326 2364 1500 2428 christianae

114 2476 293 2557 antiquitatis
314 2476 554 2558 interpretatione
571 2475 675 2539 sedulo
697 2478 862 2559 cogitarint.

223 2611 275 2674 Cui
295 2609 487 2693 probabilitati
509 2619 556 2673 eta
577 2610 691 2674 additur
712 2612 921 2691 ualitudinis,
948 2613 974 2674 si
994 2610 1060 2673 libri
1081 2609 1118 2671 ab
1140 2611 1176 2673 iis
1195 2618 1297 2674 contra
1318 2610 1395 2674 Petri
1415 2630 1500 2692 prae·

111 2722 265 2802 rogativas
300 2720 407 2783 eodem
435 2720 555 2784 saeculo
588 2716 716 2802 evangeli
749 2722 845 2803 aliqua
877 2739 947 2784 cura
974 2721 1171 2802 inspiciantur.
1222 2720 1332 2783 Horam
1371 2738 1429 2802 egc
1461 2721 1499 2783 ob

113 2830 220 2893 oculos
239 2829 335 2893 babeo
355 2848 509 2893 numerum
531 2847 590 2893 non
612 2832 760 2913 exiguum,
783 2849 889 2913 meque
911 2831 1102 2895 admiratione
1130 2828 1250 2910 percelli
1270 2827 1411 2910 proilteor
1431 2830 1499 2892 dnm

112 2938 283 3019 considero,
304 2939 373 3001 hinc
395 2939 512 3021 quidem
534 2940 689 3004 inauditam
711 2939 872 3003 affirmandi
894 2939 1081 3022 negandiquc
1102 2937 1316 3018 confidentiam,
1339 2939 1406 3002 inde
1428 2958 1500 3002 vero

113 3050 204 3112 totius
237 3047 413 3111 christianae
442 3049 617 3131 antiquitatis
649 3051 793 3113 inscitiam
828 3049 1016 3132 singularem.
1068 3048 1124 3111 Vix
1153 3049 1231 3111 enirn
1263 3048 1373 3130 aliquot
1404 3050 1432 3111 in
1466 3050 1501 3112 iis

112 3160 248 3241 reperias
270 3165 402 3221 veterum
424 3158 554 3238 lacinias,
577 3166 607 3221 et
629 3158 824 3241 Aagnhmm
844 3158 869 3221 si
891 3158 1046 3239 exceperis
1067 3158 1161 3221 semel
1187 3158 1351 3238 iterumque
1374 3160 1500 3241 citatum,

114 3267 225 3349 reliqui
249 3267 351 3332 Patres
373 3286 486 3349 omnes,
509 3269 610 3351 graeci
631 3267 778 3349 latinique,
799 3267 971 3349 Pontifices,
994 3268 1108 3351 synodi,
1130 3266 1252 3330 historia
1271 3268 1386 3348 penitus
1409 3269 1501 3330 conti-

113 3383 248 3439 cescunt.
290 3375 420 3440 Dubitari
442 3380 530 3460 igilur
552 3396 611 3440 non
632 3385 743 3459 potest,
778 3376 815 3439 de
843 3378 1080 3460 interpretatione
1101 3375 1261 3439 verborum
1289 3375 1394 3439 Christi
1421 3379 1501 3458 prius

113 3487 287 3550 decrevisse
308 3493 514 3568 protestantes,
538 3506 624 3569 quarn
647 3506 699 3550 sua
720 3486 814 3549 studia
833 3486 870 3550 ad
896 3488 1106 3569 exquirendam
1129 3485 1304 3549 christianae
1326 3487 1501 3568 antiquitatis

113 3597 291 3659 sententiam
320 3598 527 3659 converterint.
571 3597 609 3659 At
637 3615 695 3679 quo
726 3594 826 3659 exitui
854 3596 904 3659 illo
933 3597 997 3677 ipsc
1026 3598 1076 3678 qui
1104 3604 1167 3660 erat
1194 3614 1254 3659 non
1276 3597 1499 3678 exspectandus,

114 3705 171 3768 sed
202 3704 429 3787 prudentissime
464 3706 647 3768 metuendus.
704 3705 751 3770 Ab
784 3707 1023 3787 interpretatione
1055 3704 1169 3770 scilicet
1204 3707 1291 3769 totius
1325 3707 1501 3769 christianae

113 3814 293 3897 antiquitatis
313 3814 445 3896 pondere
467 3814 589 3878 stabilita
611 3815 784 3896 longissime
806 3814 1014 3877 discesserunt

224 3949 263 4013 ln
284 3951 361 4013 enim
390 3951 443 4013 ista
472 3949 547 4013 sorte
575 3951 728 4014 audentius
756 3949 879 4013 dicimus
907 3969 994 4032 mam
1020 3967 1073 4033 par
1100 3948 1190 4030 soret,
1222 3958 1271 4012 aut
1303 3950 1387 4014 nobis
1419 3960 1500 4015 certe

113 4076 241 4143 pensum
271 4060 444 4141 imponimus
472 4060 605 4124 nonnisi.
620 4058 731 4141 pmbxa
758 4061 930 4123 tractatione
960 4055 1192 4141 complendumi
1228 4059 1312 4122 aliter
1338 4062 1500 4124 orationem

115 4168 306 4250 inilexissem,
327 4171 463 4251 viamque
478 4170 608 4233 iniissem
623 4169 717 4249 aliam,
739 4171 764 4233 si
780 4170 849 4232 mihi
871 4169 1038 4233 alterutrum
1053 4170 1254 4232 necessarium
1277 4170 1499 4235 existimassem.

114 4278 218 4342 Putan
240 4280 318 4341 eninr
340 4298 375 4341 ac
398 4279 485 4342 etiam
507 4297 576 4341 num
597 4286 676 4361 puto,
698 4296 796 4360 neque
817 4277 937 4341 audacia
958 4296 1032 4360 opus
1052 4296 1122 4343 esse
1143 4286 1174 4341 ut
1191 4286 1382 4360 accusantur,
1403 4297 1501 4361 nequa

115 4384 269 4470 prolixdori
291 4387 485 4467 disputatione
508 4395 540 4450 nt
559 4395 755 4469 protestantes
776 4389 1000 4471 convincantur,
1031 4388 1110 4469 quod
1130 4389 1298 4453 unanimem
1325 4390 1501 4471 antiquitatis

114 4496 302 4561 haditimem
321 4496 509 4579 neglexerint
528 4515 564 4561 ac
584 4496 755 4562 dammrim.

182 4714 227 4788 ⁸⁵)
256 4713 334 4783 Quod
353 4714 435 4772 habes
454 4714 591 4790 praeclare
617 4716 786 4773 demonstra·
835 4716 931 4789 wasa
955 4716 981 4773 in
1009 4716 1191 4775 controuersia
1218 4717 1251 4774 de
1280 4716 1387 4791 propria
1414 4717 1501 4790 signi·

116 4828 172 4879 tum
200 4821 229 4877 in
257 4834 354 4894 opere,
385 4820 420 4877 ba
441 4820 590 4896 Perpetnitd
617 4822 651 4880 de
677 4822 703 4879 la
727 4822 785 4879 toi.
835 4824 957 4880 licatione
977 4823 1129 4898 verborum,
1150 4823 1246 4898 qaibna
1262 4822 1445 4881 scammum
1460 4826 1501 4881 in·

116 4928 147 4989 't'.
164 4926 198 4984 ll.
218 4925 275 4983 biv.
290 4926 310 4981 l.
333 4926 444 4999 chaph
835 4930 943 4986 stitutio
957 4928 1075 5005 effertur,
1095 4930 1203 4986 laudato
1224 4930 1358 5003 inopere,
1378 4944 1453 5001 capp.
1465 4929 1497 4986 ll.

183 5031 228 5107 ⁸⁶)
248 5032 279 5090 hl
298 5031 477 5108 zwinglimis,
498 5030 706 5108 mirinlmbque
722 5050 786 5093 con·
835 5051 927 5110 seqq,
946 5036 1095 5110 perspicuis
1115 5035 1277 5108 argumentis
1295 5025 1500 5093 demonstraturi
