3258 5400
595 258 741 329 CAPUT
781 261 905 330 XVIII.
1387 267 1448 329 lob

76 450 181 535 λόγον,
211 450 349 531 cabum,
375 453 454 535 quod
477 456 659 541 ίμφατικώς
688 464 718 520 et
745 457 815 520 κατ’
843 450 959 536 agapio
986 459 1004 521 ό
1031 458 1156 542 λόγος
1173 462 1199 493 ”
1230 458 1349 540 dicitur,
1378 459 1444 523 Phi-
1507 467 1511 475 '

72 562 158 645 lippus
173 567 199 599 ¹⁵
222 565 337 627 veniret
363 568 408 638 εἰς
434 563 526 627 πόλιν
554 566 606 643 τῆς
628 563 836 647 Σαμαρείας,
865 567 1025 632 Samariam
1041 570 1079 650 ¹⁰,
1109 571 1231 651 eiusque
1252 567 1363 632 civibus
1391 568 1445 633 τὸν

72 669 203 755 Χριστὸν
221 672 360 737 hiessiam
381 673 572 755 praedicaret
614 673 714 738 Adfuit
734 674 813 739 Deus
834 678 1023 741 sanctissimis
1044 677 1164 759 Philippi
1185 678 1303 759 studiis,
1330 696 1443 760 suoque

72 785 181 846 numine
201 783 370 865 plantantis,
397 785 580 866 rigantisque
601 802 687 848 curas
709 784 812 848 fovens
835 784 947 868 effecit,
978 796 1009 852 ut
1031 788 1233 870 quamplurimi
1249 791 1273 821 ¹⁷
1296 786 1384 851 iidem
1402 787 1444 851 illi

73 893 258 976 adiungerent
272 894 456 956 annunciantl
476 886 517 957 εοὶ
539 894 609 975 περὶ
629 895 682 972 τῆς
702 892 862 979 βασιλείας
882 898 939 960 τοῦ
958 896 1042 960 θεοῦ
1063 897 1115 960 καὶ
1134 896 1190 960 τοῦ
1208 897 1363 978 ὀνόματος
1384 894 1443 973 Ἰη-

73 1005 125 1065 σοῦ
142 1001 297 1082 Χριστοῦ,
320 1021 396 1085 quae
417 1003 455 1067 ad
473 1022 599 1085 regnum
614 1002 677 1086 Dei,
699 1022 867 1087 nomenque
890 1006 995 1070 Christi
1014 1005 1086 1069 Iesu
1103 1003 1296 1087 pertinebant,
1318 1004 1442 1069 ereden-

72 1119 110 1175 tes
129 1131 200 1176 vero
223 1103 340 1194 ἄνδρες
360 1132 393 1174 τε
414 1113 467 1176 καὶ
486 1115 632 1194 γυναῖκες
652 1112 786 1177 homiues
809 1115 887 1178 iuxta
909 1134 944 1178 ac
965 1116 1103 1179 mulieres
1124 1114 1347 1197 baptizarentur.

166 1227 237 1284 205.
281 1221 392 1285 Verum
420 1222 555 1286 inchoata
585 1223 699 1286 diaconi
727 1224 945 1304 praedIcatIone
972 1225 1099 1289 ecclesia
1120 1226 1191 1289 citra
1212 1243 1295 1308 spem
1323 1244 1440 1289 omnem

68 1332 277 1414 progressionis
298 1334 467 1396 necessario
489 1333 661 1414 exaruisset,
683 1335 739 1397 nisi
760 1351 879 1416 operam
900 1335 1090 1397 contulissent
1109 1353 1202 1414 mam,
1226 1337 1276 1417 qui
1296 1334 1441 1399 aChristo

69 1438 199 1522 dignitate
224 1448 339 1523 potuum
353 1443 379 1474 ”
403 1442 511 1523 ornati,
541 1460 607 1505 eam
632 1440 792 1524 perficere,
821 1443 1012 1526 manibusque
1040 1445 1180 1525 Impositis
1209 1443 1297 1507 divim
1319 1443 1440 1527 Spiritus

68 1548 142 1613 donis
162 1550 313 1614 cumulare
333 1557 476 1633 poterant.
519 1549 571 1618 Est
600 1552 694 1633 enim,
724 1554 765 1615 uti
792 1570 831 1614 ex
855 1555 984 1618 unanimi
1010 1554 1231 1618 christIanorum
1247 1556 1273 1588 ¹⁰
1296 1557 1441 1617 sententia

69 1658 258 1742 Cyprianus²⁰
281 1661 418 1743 loquitau,
440 1659 566 1723 ecclesia
587 1661 617 1723 in
638 1662 786 1743 episcopo,
807 1662 846 1724 ita
866 1669 898 1725 ut
917 1669 947 1725 st
968 1675 1036 1745 puts
1057 1685 1127 1727 ουπι
1148 1670 1285 1744 episeopo
1307 1684 1368 1726 nen
1388 1670 1440 1742 stt,

68 1775 94 1831 in
120 1769 250 1834 ecclesis
277 1790 339 1833 non
362 1775 420 1832 sit.-
445 1776 490 1832 est
508 1766 595 1849 plebs
613 1769 767 1833 εοοεειίοίί
787 1772 980 1852 comancio,
1007 1781 1037 1838 et
1055 1779 1175 1854 pastori
1202 1794 1260 1837 ευο
1282 1793 1367 1857 pree
1387 1773 1441 1836 od·

67 1875 207 1943 becrens:
241 1884 326 1943 est¹¹
356 1886 457 1959 portic
482 1886 587 1964 propio
614 1878 746 1964 είιιρυίίε
774 1879 952 1960 partasius
978 1883 1147 1964 adscripto.
1191 1883 1274 1947 Unde
1295 1883 1439 1965 llierony·

68 2007 124 2052 mus
137 1992 164 2023 ²²
188 1988 227 2054 de
254 1989 489 2053 laclienanorum
516 1990 658 2071 factione,
688 2010 763 2073 quae
789 1992 943 2056 diaconum
971 1992 1113 2058 habuerat
1138 2001 1303 2074 auctorem,
1332 1994 1439 2074 inquit:

67 2100 150 2179 „Cum
176 2100 297 2164 homine
325 2101 434 2182 pariter
461 2101 568 2164 interiit
595 2108 625 2163 et
652 2108 748 2181 secta,
778 2102 845 2183 quia
866 2111 933 2184 post
953 2123 987 2167 se
1009 2102 1118 2165 nullum
1140 2103 1279 2166 clericum
1300 2103 1440 2167 decenus

66 2211 149 2290 potuit
169 2211 317 2274 ordinare.
360 2209 494 2274 Ecclesia
523 2216 621 2273 autem
642 2228 702 2274 non
724 2217 770 2273 est
791 2230 866 2294 quae
887 2230 947 2276 non
967 2212 1056 2276 habet
1076 2212 1293 2277 sacerdotem.“
1334 2210 1440 2293 Neque

68 2336 132 2383 sane
153 2322 276 2384 mirum:
303 2319 410 2403 ecquid
435 2321 513 2383 enim
535 2326 580 2382 est
600 2319 727 2383 ecclesia
754 2319 897 2401 quaevis?
925 2341 1031 2405 corpus
1051 2322 1157 2386 Christi
1178 2324 1329 2406 mysticum
1351 2328 1439 2404 atque

66 2429 179 2494 multe.
223 2430 285 2495 Suo
305 2448 380 2512 ergo
403 2429 507 2493 alsihili
529 2431 623 2511 capite
640 2430 736 2492 miuor
752 2448 820 2494 csse
841 2449 901 2494 non
921 2441 1025 2514 potest
1067 2432 1120 2497 Est
1138 2441 1234 2498 autem
1255 2432 1439 2495 unluscuius·

66 2555 115 2619 que
141 2539 287 2603 ecclesiae
313 2539 427 2603 visibile
454 2546 541 2621 caput
566 2541 735 2622 episcopus,
768 2542 817 2622 qui
845 2540 989 2606 Christum
1016 2545 1165 2626 exprimit,
1192 2549 1438 2627 pmesentemque

65 2649 138 2712 sistit
179 2651 323 2733 Apposite
336 2651 364 2684 ²⁸
388 2648 531 2731 ignatius:
574 2649 701 2729 „Hortor
727 2657 759 2712 ul
778 2651 836 2714 hoc
856 2654 894 2715 sit
922 2660 1051 2716 vestrum
1072 2653 1213 2734 studium,
1241 2655 1272 2716 in
1292 2651 1347 2714 Dei
1367 2668 1438 2712 con·

12 2808 17 2819 .
66 2760 155 2824 cordia
184 2761 284 2824 omnia
308 2778 415 2842 agere,
443 2756 693 2840 προκαθημένου
711 2763 769 2823 τοῦ
789 2762 959 2824 ἐπισκόπου
986 2763 1032 2835 είς
1055 2763 1152 2824 τόπον
1174 2760 1273 2838 θεοῦ,
1300 2760 1352 2824 καί
1374 2760 1439 2822 τοῖν

65 2869 277 2956 πρεσβυτέρων
302 2873 348 2945 εὶς
371 2868 469 2933 τόπον
496 2866 662 2949 συνεδρίου
688 2872 753 2933 τῶν
778 2867 981 2945 ἀποστόλων,
1008 2873 1061 2934 καλ
1089 2872 1154 2935 τοῖν
1181 2870 1348 2945 διακόνων,
1375 2868 1439 2931 τῶν

65 2981 127 3060 ἐμοὶ
146 2977 369 3064 γλυκυτάτων,
397 2981 645 3061 πεπιστευμένων
673 2975 834 3045 διακονίαν
853 2979 959 3058 Ἰησοῦ
979 2980 1135 3064 Χριστοῦ,
1163 2982 1300 3063 episcopo
1328 2978 1437 3060 praesi-

66 3180 163 3255 pIones,
184 3187 216 3238 ut
235 3180 330 3237 messis
351 3181 413 3239 lidei
433 3196 501 3254 quae
520 3180 548 3236 iu
567 3179 725 3252 llierosoly·
773 3182 903 3255 tIquitatis
924 3183 1085 3256 ostenditur,
1112 3189 1167 3239 tum
1188 3180 1299 3261 Philippi
1319 3178 1436 3253 nomine,

68 3288 112 3342 uis
131 3294 229 3363 coepta
249 3291 305 3359 est,
326 3286 415 3359 primo
436 3285 564 3344 iudaeam
585 3291 613 3341 et
633 3286 726 3343 sama
773 3286 844 3359 quod
865 3287 892 3342 in
918 3277 1088 3345 recensendis
1113 3287 1234 3344 diacoma
1259 3286 1321 3343 het
1342 3284 1387 3342 Vl.
1408 3287 1435 3341 5.

66 3391 138 3469 daur,
158 3393 258 3451 deiude
279 3398 363 3448 totum
383 3392 476 3448 orbem
497 3388 646 3465 implerst“
774 3394 900 3449 occurrii

124 3500 165 3575 ¹⁴)
186 3499 289 3556 Eodem
310 3503 390 3572 pacto
412 3512 464 3571 qao
485 3496 570 3554 Galat.
592 3497 637 3554 Vl.
659 3497 687 3555 6.
835 3496 878 3573 ”)
898 3498 983 3567 Quom
998 3498 1119 3555 Samaria
1137 3512 1235 3554 nomeu
1256 3504 1327 3555 esset
1345 3499 1437 3571 regio·

123 3607 164 3681 ¹⁵)
184 3604 379 3662 ncr.vl11.5:
400 3603 455 3680 „Et
475 3604 532 3678 hic,
553 3605 638 3678 iuquit
650 3604 723 3662 Beda
772 3603 814 3659 uis
835 3604 964 3676 siurbis,
985 3609 1013 3660 et
1032 3604 1065 3662 de
1085 3604 1198 3677 regione
1218 3605 1376 3677 saepissime
1390 3604 1437 3662 ad·

66 3709 202 3768 inlibello
232 3712 355 3785 superius
384 3710 519 3786 indicato,
551 3728 585 3767 ex
613 3726 723 3767 numero
772 3709 923 3781 biberetur,
950 3710 1011 3766 heic
1036 3699 1116 3776 πόλις
1134 3705 1184 3785 τῆς
1202 3706 1369 3787 Σαμαρείας
1394 3716 1437 3768 ast

65 3815 290 3875 dissemmstorum
310 3824 377 3892 erat,
398 3818 443 3891 qui
463 3819 564 3891 primus
585 3817 724 3875 Samariae
773 3816 831 3889 ipsa
853 3817 1019 3889 metropolis.

67 3920 190 3981 Christum
205 3923 386 3998 praedicabat,
407 3931 582 3997 coeptumque
595 3941 647 3997 per
661 3923 723 3981 dic-
837 3922 880 3997 ¹¹)
900 3921 1041 3978 Actlllll.
1054 3920 1099 3978 12.
1127 3922 1257 3995 vulgatus
1277 3922 1366 3995 paullo
1387 3922 1436 3978 ali-

66 4042 173 4101 conum,
204 4031 276 4105 quod
306 4031 345 4086 ait
370 4029 502 4103 apostolis
530 4029 665 4086 Christus:
697 4038 725 4087 et
773 4033 815 4084 ter
833 4027 909 4099 legit.

1 4109 2 4194 l
66 4137 136 4193 esea
161 4138 230 4194 mam
256 4145 336 4195 ιειω
363 4138 394 4193 οι
417 4134 608 4206 armans»,
640 4144 667 4193 e
691 4137 723 4192 a
837 4133 880 4208 Ιι)
900 4132 962 4190 tou.
973 4132 1030 4188 xx.
1042 4132 1176 4189 21-22:
1195 4123 1308 4209 Λάβετε
1327 4128 1435 4209 ωερε

67 4245 133 4298 orista¹
144 4243 257 4302 Iudaea
270 4252 297 4301 et
310 4244 471 4300 Somorio.“
504 4242 649 4299 Enimvero
663 4242 723 4298 Phi·
772 4228 857 4315 dystro.

66 4343 157 4419 lepum
178 4366 229 4406 nou
251 4350 334 4405 baisse
354 4367 433 4405 unum
454 4349 639 4423 εείαοιίεοίοι,
660 4348 722 4404 inde
838 4343 880 4420 ¹⁹)
901 4344 941 4401 lie
962 4360 1013 4417 qua
1033 4344 1127 4400 conier
1146 4343 1321 4417 Boveregium
1341 4346 1369 4403 iu
1389 4362 1436 4402 au·

67 4459 146 4529 patet,
167 4457 239 4528 quod
259 4457 319 4513 hot
333 4455 403 4513 Vlll.
420 4456 446 4512 l.
467 4455 609 4512 duodecim
630 4454 725 4511 lilaro-
772 4452 955 4509 notationibus
975 4451 1009 4507 ad
1030 4465 1159 4507 canonem
1174 4452 1287 4524 primum
1301 4458 1329 4509 et
1341 4468 1435 4508 secuu-

1 4575 2 4618 t
66 4559 179 4631 solymae
204 4563 358 4624 constitisse
384 4560 568 4635 perhibentur,
598 4566 626 4616 et
653 4560 724 4634 quod
772 4558 834 4616 dum
856 4557 1041 4631 apostolicum.

66 4661 121 4720 εει.
134 4667 202 4724 vm.
219 4667 264 4724 ιο.
286 4673 420 4743 pomae
439 4650 568 4739 ameni,
596 4683 647 4741 qus
668 4684 724 4723 na·
834 4664 879 4740 ν)
900 4663 986 4736 Epist
1007 4661 1097 4719 cxix.

66 4783 138 4827 uuum
169 4774 342 4848 impositione
369 4775 647 4848 Spiritum-sanctum
676 4773 724 4829 lm·
835 4770 880 4846 ²¹)
901 4769 986 4842 Epist.
1007 4768 1060 4825 IV.

66 4878 209 4946 partiretur.
255 4879 347 4936 Fuisse
374 4894 440 4937 vera
471 4895 549 4935 uuum
578 4895 594 4934 e
621 4885 724 4952 septem
834 4875 1006 4949 ²²)1tiuog.
1028 4890 1088 4930 con.
1109 4871 1301 4929 luciferianos.

67 4977 198 5061 ffitooms,
219 4987 395 5044 consensione
408 4986 491 5045 totius
504 4984 665 5043 christianas
678 4998 725 5039 au·
836 4979 882 5055 ²³)
901 4979 986 5053 Epist
1007 4977 1042 5037 ad
1060 4978 1180 5050 iiagues.
1201 4974 1228 5047 S·
1243 4973 1288 5030 Vl.
