3374 5388
664 317 809 384 CAPUT
850 317 909 384 IV·
1415 322 1477 381 418

112 483 232 549 :lomoni
253 485 344 567 perit:
367 489 461 560 ΝΜ
485 491 516 548 ut
536 502 646 548 nomen
665 487 813 569 proprium
835 492 890 566 cst,
912 482 990 548 aliud
1012 483 1077 546 sine
1097 482 1186 547 (tribio
1206 483 1369 566 significat,
1391 503 1479 567 quam

111 601 138 657 ut
154 611 257 657 nomen
272 601 318 658 est
331 593 545 675 appellativum.
588 594 670 659 Sicut
683 591 771 673 Atat,
793 592 928 671 Habora,
949 589 1075 668 uacat,
1097 590 1186 657 «lona
1206 594 1284 658 aliud
1305 594 1477 677 siqribcaut,

109 720 185 785 quum
198 705 316 768 nomina
330 705 446 786 pmpria
461 711 537 785 suat,
560 722 648 786 mam
663 705 732 767 dum
745 704 917 787 appellativa
932 709 1007 781 sunt,
1028 702 1098 766 licet
1111 704 1141 766 in
1158 704 1221 786 ipsa
1242 704 1478 767 denominatione

108 811 170 876 nibil
198 820 331 876 mutetur.
374 811 411 875 Ut
441 813 530 895 igitau
551 813 765 877 denominativa
794 813 870 877 baec
901 820 1006 876 sunta
1032 813 1094 875 suis
1127 813 1280 895 primitivis
1313 813 1407 895 dicu:
1439 814 1479 876 ita

107 921 341 985 denominativum
354 918 456 1001 cepta
469 930 523 1002 est,
539 942 597 1005 qua
611 941 769 1004 personam
778 921 855 986 Petri
871 922 1017 1005 designat,
1032 927 1063 984 ct
1077 939 1136 985 uon
1150 928 1263 1003 petram
1279 923 1372 1004 ipsam
1386 922 1479 1004 siqni-

106 1030 173 1112 ficat,
185 1031 237 1095 sed
248 1033 297 1112 qui
307 1032 344 1095 ad
354 1039 475 1112 petram,
491 1050 578 1114 aqua
587 1032 801 1111 denominatur,
816 1039 896 1095 ccrta
906 1032 1020 1094 ratione
1031 1032 1141 1096 attinet
1168 1031 1300 1096 Attendit
1313 1030 1371 1095 boc
1383 1033 1479 1114 ipsam

108 1159 185 1225 spus
203 1143 362 1224 interpres,
390 1143 440 1225 qui
462 1146 557 1247 κρῆ
578 1143 668 1225 priori
693 1141 885 1206 masculinum
904 1151 950 1218 tn
971 1147 1046 1223 ipre,
1069 1143 1235 1224 praeponit:
1262 1147 1356 1246 κῃ
1381 1146 1478 1203 auum

104 1295 259 1376 posteriori,
281 1294 472 1360 foemininum
493 1300 576 1401 κῃ
597 1292 673 1358 baec
695 1300 740 1371 (et
765 1277 915 1359 foeminini
936 1295 1058 1379 generis
1087 1313 1172 1371 esse,
1202 1292 1318 1376 quando
1348 1291 1480 1373 lapidera

105 1448 249 1531 significat,
271 1467 310 1511 ex
331 1448 351 1511 l.
375 1448 440 1511 Cor.
465 1447 501 1510 Χ.
525 1453 555 1528 t,
575 1447 673 1511 blattb.
689 1447 790 1511 XXlll.
805 1454 854 1529 42,
875 1448 965 1513 llarc.
982 1448 1056 1513 xvt.
1079 1454 1107 1510 t.
1129 1453 1241 1531 patet).
1285 1446 1347 1521 Qua
1364 1448 1478 1511 ratione

103 1558 308 1641 proculdubio
334 1559 421 1622 auam
443 1558 574 1622 Christus
606 1556 658 1620 fuit
678 1558 846 1639 loquutus.“
888 1557 1069 1622 Postremum
1093 1557 1171 1621 banc
1192 1557 1479 1621 animadversionem

101 1667 248 1749 amplexus
281 1674 342 1748 est,
375 1667 567 1750 probavitque
583 1669 625 1701 ¹⁴⁷
656 1667 836 1731 Christianus
871 1666 1062 1748 Reiucccius,
1091 1667 1246 1749 inquiens:
1280 1665 1392 1749 „Syrus
1423 1684 1479 1748 per

102 1778 279 1859 pronomina,
300 1794 389 1839 unum
404 1776 554 1840 masculini
570 1778 700 1859 generis,
722 1784 752 1840 et
765 1777 888 1841 alterum
903 1776 1051 1841 foeminini
1066 1778 1196 1860 generis,
1213 1772 1345 1839 Petram
1359 1782 1479 1856 apetra

102 1885 277 1951 sufficienter
297 1886 479 1969 distinguit.“
1401 1866 1408 1895 ⁹

201 2023 242 2086 tlt
261 2022 282 2085 l.
305 2040 363 2105 quo
388 2029 473 2103 pacto
495 2040 562 2085 cum
582 2022 726 2085 aientibus
741 2021 846 2086 Christi
862 2023 969 2103 verbis,
992 2030 1026 2085 ta
1046 2043 1081 2085 ca
1096 2029 1199 2103 tent),
1219 2020 1289 2084 illud
1303 2036 1474 2101 componas,

99 2132 247 2197 Simonem
261 2152 322 2195 noa
344 2152 413 2195 erac
428 2127 569 2211 Capisam,
592 2132 647 2196 sed
666 2132 709 2195 ad
721 2128 855 2212 Capisam
871 2129 1049 2213 pertineret
1091 2130 1248 2195 Praeterea
1269 2131 1301 2194 ll.
1325 2130 1474 2212 pertinere

99 2242 163 2323 quis
183 2240 221 2305 ad
242 2240 329 2304 alium
351 2239 512 2321 dupliciter
532 2249 636 2324 potest,
660 2250 782 2306 externa
803 2247 919 2325 opaco,
940 2260 976 2305 ao
1003 2243 1118 2304 interna
1139 2241 1272 2304 eiusdem
1292 2241 1476 2324 proprietatis

97 2351 368 2415 communicatione.
413 2352 477 2425 Ouo
497 2352 586 2434 igitur
610 2370 701 2416 sensu
722 2351 826 2414 dicittu
848 2351 949 2417 Simon
969 2369 1030 2415 non
1050 2368 1118 2414 esse
1138 2357 1230 2433 petra,
1253 2348 1308 2413 sed
1328 2350 1477 2431 pertinere

95 2461 134 2524 ad
154 2457 288 2543 petram?
317 2462 341 2524 si
363 2463 479 2543 priore,
508 2461 579 2524 nibil
600 2461 734 2541 inanius,
756 2459 885 2542 nihilque
906 2480 923 2523 a
946 2460 1102 2523 verbomm
1124 2460 1301 2542 proprietate
1323 2460 1475 2522 remotius.

95 2571 148 2635 Sin
162 2577 258 2633 autem
272 2573 445 2651 posteriore,
462 2570 492 2633 id
505 2569 648 2633 babemus
663 2569 743 2651 quod
756 2577 880 2649 tuemur,
896 2569 1046 2634 Simonem
1064 2587 1132 2633 esse
1150 2575 1272 2651 petram,
1293 2589 1353 2631 noc
1367 2575 1479 2648 suapte

93 2679 217 2761 quidem
236 2686 360 2755 natura,
381 2699 455 2741 cera
477 2686 579 2742 tamea
599 2677 684 2742 utras
705 2680 784 2743 dotia
803 2685 1046 2761 participatione,
1070 2696 1127 2760 qua
1147 2678 1277 2742 Christus
1298 2686 1358 2757 est,
1381 2685 1478 2759 petru·

92 2806 155 2871 que
176 2788 313 2871 princeps
334 2796 525 2872 nuncupatur.

202 2924 250 2988 Ad
272 2922 347 2988 baec
368 2924 414 3006 lll,
435 2924 513 2987 unde
528 2923 639 2988 Simoni
660 2941 768 2986 nomen
784 2919 904 3004 Ombos
924 2924 1032 2989 factum
1047 2919 1118 2988 esti
1140 2924 1244 3004 partim
1259 2943 1301 2986 erc
1319 2927 1480 3003 praesenti

88 3040 215 3115 eventa,
237 3053 273 3098 ac
292 3037 405 3116 partim,
429 3041 459 3097 et
478 3032 568 3096 multo
590 3033 676 3095 etiam
698 3053 741 3094 ec
762 3053 797 3096 eo
819 3035 914 3116 magis
937 3008 990 3113 pat
1010 3042 1078 3098 erat
1093 3032 1239 3118 suturas.
1281 3032 1353 3095 illud
1381 3040 1481 3095 osteu-

93 3144 172 3207 rluut
193 3143 293 3219 verba,
314 3137 352 3206 οὐ
374 3138 404 3207 εἶ
417 3141 563 3224 Πέτροςι
590 3141 649 3204 boc
676 3143 860 3223 insequentia
881 3143 1046 3224 declarant,
1066 3144 1121 3208 xci
1140 3145 1190 3207 ini
1210 3140 1305 3227 ταύτῃ
1325 3144 1362 3227 τῇ
1383 3145 1481 3224 πέτρᾳ

86 3250 298 3333 οἰκοδομήσω
319 3273 384 3334 μου
396 3246 451 3329 τήν
470 3250 643 3329 ἐκκλησίαν.
687 3251 778 3333 igitur
796 3253 822 3315 si
841 3259 923 3316 ratio
944 3255 1069 3336 impositi
1090 3253 1216 3317 nominis
1237 3251 1387 3332 habeatur,
1409 3271 1479 3315 cea·

83 3363 153 3426 seri
179 3361 250 3424 illud
271 3360 359 3425 debet
387 3379 474 3443 quum
495 3359 693 3442 historicam,
726 3370 786 3425 tum
818 3365 945 3427 maarime
969 3361 1185 3444 propterrcom.
1228 3363 1404 3426 ilistoricum
1437 3363 1480 3424 in·

81 3471 197 3553 primis
225 3478 255 3533 et
282 3470 457 3534 simillimum
475 3475 518 3506 ¹⁴⁵
550 3472 657 3534 nomini
687 3468 837 3552 facetia,
872 3473 950 3555 quod
984 3476 1167 3555 componitur
1196 3492 1235 3535 ex
1264 3463 1353 3581 ,ᾞὶζ
1378 3478 1481 3535 tactor

76 3629 242 3705 prtrrcipir
268 3642 303 3685 re
327 3631 445 3708 pessit,
485 3631 515 3686 et
550 3600 605 3704 ¹7&
628 3623 715 3687 Deua
732 3623 844 3709 sortis,
870 3626 1049 3710 inditumque
1070 3626 1182 3690 lacobo
1211 3626 1321 3690 idcirco
1352 3625 1481 3705 traditur,

80 3776 163 3860 quia
177 3778 284 3881 Qiffbg
305 3784 340 3838 ct
358 3783 525 3858 princtpern
546 3785 576 3840 te
588 3785 716 3861 posuisti
735 3800 805 3843 cam
827 3777 894 3843 Deo
916 3789 944 3843 et
966 3801 1035 3844 eam
1055 3777 1236 3843 bominibus.
1278 3777 1481 3859 Propbeticum

34 3982 41 3999 ,
77 3929 215 4009 deinde,
238 3928 375 4011 quodque
397 3929 524 3993 conferri
546 3930 635 3994 debet
658 3949 724 3995 cum
746 3933 865 3995 nomine
884 3934 926 3967 '⁴’
951 3928 1136 4013 Abrabam,
1165 3950 1204 3996 ex
1224 3937 1278 4024 2ss
1298 3939 1402 4013 pater,
1430 3935 1482 4036 0]

74 4079 260 4162 excelsas,
287 4088 318 4146 ct
347 4081 434 4188 tim
466 4081 649 4163 multando,
686 4085 769 4147 cuius
793 4085 973 4166 ‘potestaten
1007 4087 1101 4167 aperit
1130 4085 1225 4167 Deus,
1261 4084 1407 4149 subdam:
1443 4084 1481 4178 ³2

71 4238 218 4351 :prim
240 4235 309 4331 nti)
332 4234 490 4351 {instate
513 4243 585 4317 qaia
604 4244 726 4316 patrem
739 4236 941 4301 multttadtru's
953 4245 1091 4323 peritiam
1101 4246 1193 4319 porat
1207 4248 1253 4316 tc,·
1273 4241 1400 4319 itemque
1416 4255 1482 4299 cum

71 4388 217 4452 nominc
236 4392 278 4423 ¹⁵⁸
302 4387 406 4468 Sora,
434 4389 470 4452 de
492 4406 551 4471 quo
572 4389 768 4474 Hieronymus
784 4394 824 4425 ¹⁵¹
852 4391 968 4455 scribit:
996 4392 1109 4471 „Causa
1131 4392 1258 4455 nominis
1283 4393 1320 4454 ita
1344 4391 1484 4453 immutati

71 4500 167 4562 baec
190 4505 247 4577 est,
269 4498 349 4579 quod
363 4506 450 4561 antea
471 4498 623 4562 dicebatur
643 4499 755 4577 (Sami)
774 4507 916 4581 prtaccpa
930 4522 1009 4582 mea,
1030 4503 1117 4565 unius
1138 4509 1247 4564 tanturn
1262 4501 1367 4564 domus
1389 4508 1483 4563 mater

69 4606 237 4671 familias:
268 4614 371 4688 postea
399 4626 472 4672 vero
497 4609 609 4681 (addita
638 4611 742 4674 eadem
771 4610 865 4675 littera
892 4620 937 4692 Π,
969 4630 1044 4693 quae
1064 4611 1186 4676 Abrami
1207 4611 1317 4674 nomini
1339 4611 1481 4687 accessit)

153 4829 224 4904 ¹⁴⁷)
244 4829 273 4886 ln
293 4831 365 4886 uotis
391 4830 425 4887 ad
442 4828 531 4887 lliblia
557 4847 634 4888 sacra
660 4832 768 4905 quadri·
881 4833 940 4909 ¹⁴⁹)
961 4833 1028 4890 lbld·
1049 4832 1132 4891 XVII·
1154 4836 1181 4890 5·

59 4937 191 5010 linquis
218 4937 291 4994 calita
313 4935 418 5010 lipsiae
438 4934 633 4996 llItCCllell.
881 4939 942 5013 ΙΝ)
963 4939 1031 4996 ibid.
1054 4957 1080 4995 v.
1104 4938 1149 4995 15.

152 5042 225 5117 ¹⁴⁸)
247 5042 312 5099 Gen.
333 5042 439 5099 llllllll.
460 5044 508 5101 28.
879 5045 938 5122 151)
959 5045 1078 5116 Quaestt
1099 5041 1223 5100 liebralc.
1246 5041 1272 5096 ia
1293 5038 1427 5096 Genesim.
1463 5078 1466 5085 ι
