<?xml version="1.0" encoding="UTF-8"?>
<!DOCTYPE html PUBLIC "-//W3C//DTD XHTML 1.0 Transitional//EN"
    "http://www.w3.org/TR/xhtml1/DTD/xhtml1-transitional.dtd">
<html xmlns="http://www.w3.org/1999/xhtml" xml:lang="en" lang="en">
 <head>
  <title>
</title>
<meta http-equiv="Content-Type" content="text/html;charset=utf-8" />
  <meta name='ocr-system' content='tesseract 3.04.00' />
  <meta name='ocr-capabilities' content='ocr_page ocr_carea ocr_par ocr_line ocrx_word'/>
</head>
<body>
  <div class='ocr_page' id='page_1' title='image "./commentariusdep00passgoog_0462.png"; bbox 0 0 3374 5388; ppageno 0'>
   <div class='ocr_carea' id='block_1_1' title="bbox 207 294 1101 364">
    <p class='ocr_par' dir='ltr' id='par_1_1' title="bbox 207 294 1101 364">
     <span class='ocr_line' id='line_1_1' title="bbox 207 294 1101 364; baseline -0.008 5"><span class='ocrx_word' id='word_1_1' title='bbox 207 297 270 358; x_wconf 76' lang='lat'><strong>⁴⁴¹</strong></span> <span class='ocrx_word' id='word_1_2' title='bbox 693 294 826 362; x_wconf 75' lang='lat' dir='ltr'><strong>moult</strong></span> <span class='ocrx_word' id='word_1_3' title='bbox 866 295 1101 364; x_wconf 66' lang='lat' dir='ltr'><strong>munaus</strong></span> 
     </span>
    </p>
   </div>
   <div class='ocr_carea' id='block_1_2' title="bbox 114 463 1664 3730">
    <p class='ocr_par' dir='ltr' id='par_1_2' title="bbox 197 463 1595 1427">
     <span class='ocr_line' id='line_1_2' title="bbox 206 463 1591 549; baseline 0.004 -21"><span class='ocrx_word' id='word_1_4' title='bbox 206 463 396 547; x_wconf 70' lang='lat' dir='ltr'><strong>adduxerint,</strong></span> <span class='ocrx_word' id='word_1_5' title='bbox 426 466 505 549; x_wconf 92' lang='lat' dir='ltr'><strong>qnod</strong></span> <span class='ocrx_word' id='word_1_6' title='bbox 526 467 564 530; x_wconf 92' lang='lat' dir='ltr'><strong>ad</strong></span> <span class='ocrx_word' id='word_1_7' title='bbox 585 466 665 530; x_wconf 87' lang='lat' dir='ltr'><strong>illum</strong></span> <span class='ocrx_word' id='word_1_8' title='bbox 686 466 833 531; x_wconf 85' lang='lat' dir='ltr'><strong>aeoedere</strong></span> <span class='ocrx_word' id='word_1_9' title='bbox 863 473 1022 549; x_wconf 79' lang='lat' dir='ltr'><strong>unamque</strong></span> <span class='ocrx_word' id='word_1_10' title='bbox 1042 467 1201 532; x_wconf 73' lang='lat' dir='ltr'><strong>aidooetar.</strong></span> <span class='ocrx_word' id='word_1_11' title='bbox 1244 467 1393 533; x_wconf 78' lang='lat' dir='ltr'><strong>ilabemm</strong></span> <span class='ocrx_word' id='word_1_12' title='bbox 1428 468 1591 549; x_wconf 71' lang='lat' dir='ltr'><strong>latinorum</strong></span> 
     </span>
     <span class='ocr_line' id='line_1_3' title="bbox 205 575 1594 661; baseline 0.004 -24"><span class='ocrx_word' id='word_1_13' title='bbox 205 592 441 658; x_wconf 71' lang='lat' dir='ltr'><strong>primorumque</strong></span> <span class='ocrx_word' id='word_1_14' title='bbox 455 578 485 640; x_wconf 87' lang='lat' dir='ltr'><strong>in</strong></span> <span class='ocrx_word' id='word_1_15' title='bbox 498 575 677 640; x_wconf 74' lang='lat' dir='ltr'><strong>Maahaeam</strong></span> <span class='ocrx_word' id='word_1_16' title='bbox 698 578 937 656; x_wconf 75' lang='lat' dir='ltr'>commentarios,</span> <span class='ocrx_word' id='word_1_17' title='bbox 960 596 996 640; x_wconf 88' lang='lat' dir='ltr'><strong>ao</strong></span> <span class='ocrx_word' id='word_1_18' title='bbox 1009 577 1133 659; x_wconf 84' lang='lat' dir='ltr'><strong>plmima</strong></span> <span class='ocrx_word' id='word_1_19' title='bbox 1148 577 1322 641; x_wconf 86' lang='lat' dir='ltr'><strong>eorumdem</strong></span> <span class='ocrx_word' id='word_1_20' title='bbox 1343 578 1488 642; x_wconf 75' lang='lat' dir='ltr'><strong>habemm</strong></span> <span class='ocrx_word' id='word_1_21' title='bbox 1509 597 1594 661; x_wconf 76' lang='lat' dir='ltr'><strong>opus</strong></span> 
     </span>
     <span class='ocr_line' id='line_1_4' title="bbox 205 683 1595 768; baseline 0.002 -21"><span class='ocrx_word' id='word_1_22' title='bbox 205 683 280 762; x_wconf 87' lang='lat' dir='ltr'><strong>nala,</strong></span> <span class='ocrx_word' id='word_1_23' title='bbox 302 685 333 747; x_wconf 90' lang='lat' dir='ltr'><strong>in</strong></span> <span class='ocrx_word' id='word_1_24' title='bbox 347 684 453 766; x_wconf 84' lang='lat' dir='ltr'><strong>quibas</strong></span> <span class='ocrx_word' id='word_1_25' title='bbox 472 685 564 749; x_wconf 79' lang='lat' dir='ltr'><strong>verba</strong></span> <span class='ocrx_word' id='word_1_26' title='bbox 576 684 735 751; x_wconf 80' lang='lat' dir='ltr'><strong>salvatoris</strong></span> <span class='ocrx_word' id='word_1_27' title='bbox 748 687 785 750; x_wconf 90' lang='lat' dir='ltr'><strong>ad</strong></span> <span class='ocrx_word' id='word_1_28' title='bbox 798 686 914 750; x_wconf 87' lang='lat' dir='ltr'><strong>Petrum</strong></span> <span class='ocrx_word' id='word_1_29' title='bbox 930 686 978 750; x_wconf 86' lang='lat' dir='ltr'><strong>ael</strong></span> <span class='ocrx_word' id='word_1_30' title='bbox 992 687 1067 751; x_wconf 84' lang='lat' dir='ltr'><strong>data</strong></span> <span class='ocrx_word' id='word_1_31' title='bbox 1089 708 1182 766; x_wconf 82' lang='lat' dir='ltr'><strong>opera</strong></span> <span class='ocrx_word' id='word_1_32' title='bbox 1203 687 1381 768; x_wconf 78' lang='lat' dir='ltr'><strong>expendan</strong></span> <span class='ocrx_word' id='word_1_33' title='bbox 1402 689 1453 751; x_wconf 86' lang='lat' dir='ltr'><strong>ael</strong></span> <span class='ocrx_word' id='word_1_34' title='bbox 1468 694 1595 767; x_wconf 72' lang='lat' dir='ltr'><strong>aerati·</strong></span> 
     </span>
     <span class='ocr_line' id='line_1_5' title="bbox 205 792 1593 878; baseline 0.004 -22"><span class='ocrx_word' id='word_1_35' title='bbox 205 812 242 856; x_wconf 88' lang='lat' dir='ltr'><strong>ae</strong></span> <span class='ocrx_word' id='word_1_36' title='bbox 261 792 307 868; x_wconf 72' lang='grc' dir='ltr'><strong>οἱς</strong></span> <span class='ocrx_word' id='word_1_37' title='bbox 328 793 463 878; x_wconf 58' lang='lat' dir='ltr'><strong>tamem</strong></span> <span class='ocrx_word' id='word_1_38' title='bbox 482 797 717 878; x_wconf 86' lang='lat' dir='ltr'><strong>interpretantur.</strong></span> <span class='ocrx_word' id='word_1_39' title='bbox 760 796 792 858; x_wconf 92' lang='lat' dir='ltr'><strong>ln</strong></span> <span class='ocrx_word' id='word_1_40' title='bbox 816 803 893 859; x_wconf 78' lang='lat' dir='ltr'><strong>nnn</strong></span> <span class='ocrx_word' id='word_1_41' title='bbox 914 795 1103 860; x_wconf 80' lang='lat' dir='ltr'><strong>nihilominus</strong></span> <span class='ocrx_word' id='word_1_42' title='bbox 1118 797 1342 877; x_wconf 67' lang='lat' dir='ltr'><strong>expositionum,</strong></span> <span class='ocrx_word' id='word_1_43' title='bbox 1363 797 1593 861; x_wconf 86' lang='lat' dir='ltr'><strong>adnotationum-</strong></span> 
     </span>
     <span class='ocr_line' id='line_1_6' title="bbox 204 904 1592 989; baseline 0.004 -23"><span class='ocrx_word' id='word_1_44' title='bbox 204 921 263 986; x_wconf 91' lang='lat' dir='ltr'><strong>qne</strong></span> <span class='ocrx_word' id='word_1_45' title='bbox 284 906 369 986; x_wconf 87' lang='lat' dir='ltr'><strong>eopia</strong></span> <span class='ocrx_word' id='word_1_46' title='bbox 388 923 428 967; x_wconf 91' lang='lat' dir='ltr'><strong>ne</strong></span> <span class='ocrx_word' id='word_1_47' title='bbox 449 906 606 987; x_wconf 75' lang='lat' dir='ltr'><strong>vestigium</strong></span> <span class='ocrx_word' id='word_1_48' title='bbox 628 904 746 987; x_wconf 89' lang='lat' dir='ltr'><strong>quidem</strong></span> <span class='ocrx_word' id='word_1_49' title='bbox 769 906 913 986; x_wconf 78' lang='lat' dir='ltr'><strong>occurrit,</strong></span> <span class='ocrx_word' id='word_1_50' title='bbox 946 904 1026 987; x_wconf 91' lang='lat' dir='ltr'><strong>quod</strong></span> <span class='ocrx_word' id='word_1_51' title='bbox 1055 923 1123 967; x_wconf 89' lang='lat' dir='ltr'><strong>eam</strong></span> <span class='ocrx_word' id='word_1_52' title='bbox 1156 907 1379 987; x_wconf 67' lang='lat' dir='ltr'><strong>protestantium</strong></span> <span class='ocrx_word' id='word_1_53' title='bbox 1400 906 1592 989; x_wconf 78' lang='lat' dir='ltr'><strong>eaqadoatione</strong></span> 
     </span>
     <span class='ocr_line' id='line_1_7' title="bbox 203 1014 1591 1098; baseline 0.002 -22"><span class='ocrx_word' id='word_1_54' title='bbox 203 1015 370 1096; x_wconf 80' lang='lat' dir='ltr'><strong>conspiret3</strong></span> <span class='ocrx_word' id='word_1_55' title='bbox 391 1016 521 1079; x_wconf 89' lang='lat' dir='ltr'><strong>omnium</strong></span> <span class='ocrx_word' id='word_1_56' title='bbox 542 1034 670 1098; x_wconf 84' lang='lat' dir='ltr'><strong>nonaque</strong></span> <span class='ocrx_word' id='word_1_57' title='bbox 692 1034 749 1080; x_wconf 89' lang='lat' dir='ltr'><strong>una</strong></span> <span class='ocrx_word' id='word_1_58' title='bbox 770 1017 915 1078; x_wconf 89' lang='lat' dir='ltr'><strong>sententia</strong></span> <span class='ocrx_word' id='word_1_59' title='bbox 937 1023 999 1096; x_wconf 85' lang='lat' dir='ltr'><strong>est,</strong></span> <span class='ocrx_word' id='word_1_60' title='bbox 1028 1014 1149 1097; x_wconf 87' lang='lat' dir='ltr'><strong>prolatis</strong></span> <span class='ocrx_word' id='word_1_61' title='bbox 1170 1033 1188 1077; x_wconf 91' lang='lat' dir='ltr'><strong>a</strong></span> <span class='ocrx_word' id='word_1_62' title='bbox 1209 1014 1324 1078; x_wconf 71' lang='lat' dir='ltr'><strong>mnae</strong></span> <span class='ocrx_word' id='word_1_63' title='bbox 1343 1015 1443 1079; x_wconf 79' lang='lat' dir='ltr'><strong>ambis</strong></span> <span class='ocrx_word' id='word_1_64' title='bbox 1457 1018 1486 1049; x_wconf 81' lang='lat'><strong>²⁶</strong></span> <span class='ocrx_word' id='word_1_65' title='bbox 1509 1024 1591 1079; x_wconf 83' lang='lat' dir='ltr'><strong>ante-</strong></span> 
     </span>
     <span class='ocr_line' id='line_1_8' title="bbox 197 1120 1592 1208; baseline 0.001 -22"><span class='ocrx_word' id='word_1_66' title='bbox 197 1122 283 1208; x_wconf 85' lang='lat' dir='ltr'><strong>serrt</strong></span> <span class='ocrx_word' id='word_1_67' title='bbox 300 1120 431 1187; x_wconf 79' lang='lat' dir='ltr'><strong>Petram</strong></span> <span class='ocrx_word' id='word_1_68' title='bbox 451 1130 564 1187; x_wconf 68' lang='lat' dir='ltr'><strong>aalma</strong></span> <span class='ocrx_word' id='word_1_69' title='bbox 585 1122 763 1204; x_wconf 69' lang='grc' dir='ltr'><strong>σιιοιροῐᾶι,</strong></span> <span class='ocrx_word' id='word_1_70' title='bbox 789 1125 829 1188; x_wconf 90' lang='lat' dir='ltr'><strong>illi</strong></span> <span class='ocrx_word' id='word_1_71' title='bbox 851 1126 901 1187; x_wconf 90' lang='lat' dir='ltr'><strong>nni</strong></span> <span class='ocrx_word' id='word_1_72' title='bbox 922 1131 1043 1187; x_wconf 77' lang='grc' dir='ltr'><strong><em>ιιιοίοιο</em></strong></span> <span class='ocrx_word' id='word_1_73' title='bbox 1063 1141 1150 1205; x_wconf 90' lang='lat' dir='ltr'><strong>qnam</strong></span> <span class='ocrx_word' id='word_1_74' title='bbox 1174 1126 1283 1187; x_wconf 61' lang='lat' dir='ltr'><strong>netem</strong></span> <span class='ocrx_word' id='word_1_75' title='bbox 1304 1126 1462 1205; x_wconf 78' lang='lat' dir='ltr'><strong>committi,</strong></span> <span class='ocrx_word' id='word_1_76' title='bbox 1485 1123 1592 1202; x_wconf 78' lang='grc' dir='ltr'><em>τὸτῆς</em></span> 
     </span>
     <span class='ocr_line' id='line_1_9' title="bbox 201 1228 1594 1317; baseline 0.001 -22"><span class='ocrx_word' id='word_1_77' title='bbox 201 1233 364 1310; x_wconf 69' lang='grc' dir='ltr'><strong><em>ἐκκλησίας</em></strong></span> <span class='ocrx_word' id='word_1_78' title='bbox 398 1237 530 1316; x_wconf 72' lang='grc' dir='ltr'><strong><em>ἔρεισμα</em></strong></span> <span class='ocrx_word' id='word_1_79' title='bbox 551 1231 700 1297; x_wconf 72' lang='lat' dir='ltr'><strong>molestae</strong></span> <span class='ocrx_word' id='word_1_80' title='bbox 719 1238 747 1268; x_wconf 77' lang='lat'><strong>²⁷</strong></span> <span class='ocrx_word' id='word_1_81' title='bbox 787 1233 925 1297; x_wconf 77' lang='lat' dir='ltr'><strong>solamen</strong></span> <span class='ocrx_word' id='word_1_82' title='bbox 958 1234 1129 1316; x_wconf 76' lang='lat' dir='ltr'><strong>designati,</strong></span> <span class='ocrx_word' id='word_1_83' title='bbox 1165 1234 1217 1298; x_wconf 76' lang='lat' dir='ltr'><strong>aad</strong></span> <span class='ocrx_word' id='word_1_84' title='bbox 1251 1228 1307 1311; x_wconf 62' lang='lat' dir='ltr'><strong>raia</strong></span> <span class='ocrx_word' id='word_1_85' title='bbox 1336 1228 1511 1317; x_wconf 69' lang='grc' dir='ltr'><strong><em>οἰκοδομήν</em></strong></span> <span class='ocrx_word' id='word_1_86' title='bbox 1540 1237 1594 1312; x_wconf 74' lang='grc' dir='ltr'><strong>τῆς</strong></span> 
     </span>
     <span class='ocr_line' id='line_1_10' title="bbox 200 1341 1310 1427; baseline 0 -22"><span class='ocrx_word' id='word_1_87' title='bbox 200 1342 364 1420; x_wconf 77' lang='grc' dir='ltr'><strong><em>ἐκκλησίας</em></strong></span> <span class='ocrx_word' id='word_1_88' title='bbox 384 1349 413 1405; x_wconf 86' lang='lat' dir='ltr'><strong>et</strong></span> <span class='ocrx_word' id='word_1_89' title='bbox 426 1346 455 1377; x_wconf 76' lang='lat'><strong>²⁸</strong></span> <span class='ocrx_word' id='word_1_90' title='bbox 479 1341 629 1406; x_wconf 64' lang='lat' dir='ltr'><strong>osennae</strong></span> <span class='ocrx_word' id='word_1_91' title='bbox 649 1343 896 1427; x_wconf 65' lang='grc' dir='ltr'><strong><em>σσαιβοσιιοιιειιι</em></strong></span> <span class='ocrx_word' id='word_1_92' title='bbox 916 1346 946 1407; x_wconf 89' lang='lat' dir='ltr'><strong>in</strong></span> <span class='ocrx_word' id='word_1_93' title='bbox 967 1345 1032 1426; x_wconf 81' lang='lat' dir='ltr'><strong>ipso</strong></span> <span class='ocrx_word' id='word_1_94' title='bbox 1055 1343 1144 1407; x_wconf 86' lang='lat' dir='ltr'><strong>aelati</strong></span> <span class='ocrx_word' id='word_1_95' title='bbox 1163 1345 1310 1407; x_wconf 83' lang='lat' dir='ltr'><strong>consuant</strong></span> 
     </span>
    </p>

    <p class='ocr_par' dir='ltr' id='par_1_3' title="bbox 200 1453 1594 2087">
     <span class='ocr_line' id='line_1_11' title="bbox 308 1453 1592 1537; baseline 0.002 -21"><span class='ocrx_word' id='word_1_96' title='bbox 308 1453 390 1528; x_wconf 81' lang='lat' dir='ltr'><strong>Onne</strong></span> <span class='ocrx_word' id='word_1_97' title='bbox 400 1455 501 1536; x_wconf 87' lang='lat' dir='ltr'><strong>paneis</strong></span> <span class='ocrx_word' id='word_1_98' title='bbox 512 1454 630 1536; x_wconf 88' lang='lat' dir='ltr'><strong>quidem</strong></span> <span class='ocrx_word' id='word_1_99' title='bbox 644 1455 754 1533; x_wconf 78' lang='lat' dir='ltr'><strong>ambis,</strong></span> <span class='ocrx_word' id='word_1_100' title='bbox 768 1462 798 1517; x_wconf 90' lang='lat' dir='ltr'><strong>at</strong></span> <span class='ocrx_word' id='word_1_101' title='bbox 811 1453 952 1537; x_wconf 86' lang='lat' dir='ltr'><strong>ponderis</strong></span> <span class='ocrx_word' id='word_1_102' title='bbox 966 1455 1087 1517; x_wconf 91' lang='lat' dir='ltr'><strong>omnino</strong></span> <span class='ocrx_word' id='word_1_103' title='bbox 1102 1454 1222 1518; x_wconf 72' lang='lat' dir='ltr'><strong>memmi</strong></span> <span class='ocrx_word' id='word_1_104' title='bbox 1231 1455 1403 1537; x_wconf 77' lang='lat' dir='ltr'><strong>complemus</strong></span> <span class='ocrx_word' id='word_1_105' title='bbox 1415 1460 1462 1517; x_wconf 86' lang='lat' dir='ltr'><strong>est</strong></span> <span class='ocrx_word' id='word_1_106' title='bbox 1474 1455 1503 1488; x_wconf 81' lang='lat'><strong>²⁹</strong></span> <span class='ocrx_word' id='word_1_107' title='bbox 1520 1454 1592 1518; x_wconf 86' lang='lat' dir='ltr'><strong>Gre-</strong></span> 
     </span>
     <span class='ocr_line' id='line_1_12' title="bbox 203 1562 1594 1647; baseline 0.001 -21"><span class='ocrx_word' id='word_1_108' title='bbox 203 1562 307 1644; x_wconf 78' lang='lat' dir='ltr'><strong>gorius</strong></span> <span class='ocrx_word' id='word_1_109' title='bbox 320 1564 526 1644; x_wconf 74' lang='lat' dir='ltr'><strong>nazianzenus,</strong></span> <span class='ocrx_word' id='word_1_110' title='bbox 548 1565 698 1646; x_wconf 81' lang='lat' dir='ltr'><strong>inquiam:</strong></span> <span class='ocrx_word' id='word_1_111' title='bbox 732 1564 853 1645; x_wconf 64' lang='lat' dir='ltr'><strong>„Vides</strong></span> <span class='ocrx_word' id='word_1_112' title='bbox 869 1563 1116 1646; x_wconf 88' lang='lat' dir='ltr'><strong>quemadmodum</strong></span> <span class='ocrx_word' id='word_1_113' title='bbox 1130 1583 1168 1627; x_wconf 84' lang='lat' dir='ltr'><strong>ex</strong></span> <span class='ocrx_word' id='word_1_114' title='bbox 1183 1563 1289 1627; x_wconf 85' lang='lat' dir='ltr'><strong>Christi</strong></span> <span class='ocrx_word' id='word_1_115' title='bbox 1305 1562 1464 1645; x_wconf 73' lang='lat' dir='ltr'><strong>dnmpalia,</strong></span> <span class='ocrx_word' id='word_1_116' title='bbox 1478 1566 1594 1647; x_wconf 73' lang='lat' dir='ltr'><strong>magnis</strong></span> 
     </span>
     <span class='ocr_line' id='line_1_13' title="bbox 201 1668 1592 1757; baseline 0.001 -22"><span class='ocrx_word' id='word_1_117' title='bbox 201 1673 301 1755; x_wconf 86' lang='lat' dir='ltr'><strong>atique</strong></span> <span class='ocrx_word' id='word_1_118' title='bbox 316 1673 452 1738; x_wconf 85' lang='lat' dir='ltr'><strong>omnibns</strong></span> <span class='ocrx_word' id='word_1_119' title='bbox 465 1682 496 1738; x_wconf 90' lang='lat' dir='ltr'><strong>et</strong></span> <span class='ocrx_word' id='word_1_120' title='bbox 510 1674 638 1739; x_wconf 81' lang='lat' dir='ltr'><strong>excelsis</strong></span> <span class='ocrx_word' id='word_1_121' title='bbox 652 1681 741 1757; x_wconf 89' lang='lat' dir='ltr'><strong>atque</strong></span> <span class='ocrx_word' id='word_1_122' title='bbox 755 1675 902 1739; x_wconf 88' lang='lat' dir='ltr'><strong>eleotione</strong></span> <span class='ocrx_word' id='word_1_123' title='bbox 921 1675 1028 1757; x_wconf 79' lang='lat' dir='ltr'><strong>dignis,</strong></span> <span class='ocrx_word' id='word_1_124' title='bbox 1052 1675 1071 1737; x_wconf 90' lang='lat' dir='ltr'><strong>d</strong></span> <span class='ocrx_word' id='word_1_125' title='bbox 1091 1673 1151 1756; x_wconf 78' lang='grc' dir='ltr'><strong>μὲν</strong></span> <span class='ocrx_word' id='word_1_126' title='bbox 1170 1679 1267 1755; x_wconf 75' lang='grc' dir='ltr'><strong><em>πέτρα</em></strong></span> <span class='ocrx_word' id='word_1_127' title='bbox 1281 1673 1428 1755; x_wconf 73' lang='grc' dir='ltr'><strong><em>καλεῖται,</em></strong></span> <span class='ocrx_word' id='word_1_128' title='bbox 1449 1674 1505 1737; x_wconf 81' lang='grc' dir='ltr'><strong>καὶ</strong></span> <span class='ocrx_word' id='word_1_129' title='bbox 1517 1668 1592 1747; x_wconf 77' lang='grc' dir='ltr'><strong>τούς</strong></span> 
     </span>
     <span class='ocr_line' id='line_1_14' title="bbox 202 1782 1590 1866; baseline 0.002 -21"><span class='ocrx_word' id='word_1_130' title='bbox 202 1782 373 1866; x_wconf 75' lang='grc' dir='ltr'><strong><em>θεμελίους</em></strong></span> <span class='ocrx_word' id='word_1_131' title='bbox 400 1785 454 1861; x_wconf 82' lang='grc' dir='ltr'><strong>τῆς</strong></span> <span class='ocrx_word' id='word_1_132' title='bbox 474 1783 638 1861; x_wconf 70' lang='grc' dir='ltr'><strong><em>ἐκκλησίας</em></strong></span> <span class='ocrx_word' id='word_1_133' title='bbox 652 1784 840 1865; x_wconf 78' lang='grc' dir='ltr'><strong><em>πιστεύεται,</em></strong></span> <span class='ocrx_word' id='word_1_134' title='bbox 862 1784 911 1849; x_wconf 83' lang='lat' dir='ltr'><strong>liic</strong></span> <span class='ocrx_word' id='word_1_135' title='bbox 931 1784 1061 1861; x_wconf 80' lang='lat' dir='ltr'><strong>(sedicet</strong></span> <span class='ocrx_word' id='word_1_136' title='bbox 1073 1784 1192 1861; x_wconf 87' lang='lat' dir='ltr'><strong>Petras)</strong></span> <span class='ocrx_word' id='word_1_137' title='bbox 1214 1782 1332 1864; x_wconf 89' lang='lat' dir='ltr'><strong>quidem</strong></span> <span class='ocrx_word' id='word_1_138' title='bbox 1353 1790 1438 1865; x_wconf 90' lang='lat' dir='ltr'><strong>petra</strong></span> <span class='ocrx_word' id='word_1_139' title='bbox 1458 1791 1590 1864; x_wconf 71' lang='lat' dir='ltr'><strong>veneat,</strong></span> 
     </span>
     <span class='ocr_line' id='line_1_15' title="bbox 201 1891 1591 1979; baseline -0.001 -23"><span class='ocrx_word' id='word_1_140' title='bbox 201 1892 409 1976; x_wconf 80' lang='lat' dir='ltr'><strong>ecclesiaeque</strong></span> <span class='ocrx_word' id='word_1_141' title='bbox 423 1893 636 1979; x_wconf 74' lang='lat' dir='ltr'><strong>fiandamaata</strong></span> <span class='ocrx_word' id='word_1_142' title='bbox 664 1896 695 1958; x_wconf 94' lang='lat' dir='ltr'><strong>in</strong></span> <span class='ocrx_word' id='word_1_143' title='bbox 717 1894 806 1959; x_wconf 86' lang='lat' dir='ltr'><strong>tidem</strong></span> <span class='ocrx_word' id='word_1_144' title='bbox 832 1891 999 1978; x_wconf 74' lang='lat' dir='ltr'><strong>recipiati“</strong></span> <span class='ocrx_word' id='word_1_145' title='bbox 1040 1893 1081 1956; x_wconf 81' lang='lat' dir='ltr'><strong>Aa</strong></span> <span class='ocrx_word' id='word_1_146' title='bbox 1101 1910 1177 1976; x_wconf 90' lang='lat' dir='ltr'><strong>qnos</strong></span> <span class='ocrx_word' id='word_1_147' title='bbox 1198 1892 1268 1956; x_wconf 85' lang='lat' dir='ltr'><strong>dicit</strong></span> <span class='ocrx_word' id='word_1_148' title='bbox 1286 1891 1489 1956; x_wconf 67' lang='lat' dir='ltr'><strong>Nazianzenus</strong></span> <span class='ocrx_word' id='word_1_149' title='bbox 1517 1892 1591 1968; x_wconf 66' lang='lat' dir='ltr'><strong>rode</strong></span> 
     </span>
     <span class='ocr_line' id='line_1_16' title="bbox 200 2000 1593 2087; baseline 0.001 -22"><span class='ocrx_word' id='word_1_150' title='bbox 200 2002 255 2079; x_wconf 76' lang='grc' dir='ltr'><strong>τῆς</strong></span> <span class='ocrx_word' id='word_1_151' title='bbox 275 2002 439 2080; x_wconf 64' lang='grc' dir='ltr'><strong><em>ἐκκλησίας</em></strong></span> <span class='ocrx_word' id='word_1_152' title='bbox 452 2002 645 2085; x_wconf 70' lang='lat' dir='ltr'><strong>donatismi</strong></span> <span class='ocrx_word' id='word_1_153' title='bbox 667 2006 748 2087; x_wconf 89' lang='lat' dir='ltr'><strong>ipsos</strong></span> <span class='ocrx_word' id='word_1_154' title='bbox 762 2003 851 2068; x_wconf 85' lang='lat' dir='ltr'><strong>dubio</strong></span> <span class='ocrx_word' id='word_1_155' title='bbox 871 2004 975 2087; x_wconf 83' lang='lat' dir='ltr'><strong>procul</strong></span> <span class='ocrx_word' id='word_1_156' title='bbox 988 2003 1147 2086; x_wconf 88' lang='lat' dir='ltr'><strong>apostolos.</strong></span> <span class='ocrx_word' id='word_1_157' title='bbox 1187 2000 1344 2065; x_wconf 87' lang='lat' dir='ltr'><strong>Neminem</strong></span> <span class='ocrx_word' id='word_1_158' title='bbox 1364 2003 1455 2085; x_wconf 73' lang='lat' dir='ltr'><strong>igitar</strong></span> <span class='ocrx_word' id='word_1_159' title='bbox 1475 2004 1593 2085; x_wconf 81' lang='lat' dir='ltr'><strong>exeepit</strong></span> 
     </span>
    </p>

    <p class='ocr_par' dir='ltr' id='par_1_4' title="bbox 114 2110 1592 2205">
     <span class='ocr_line' id='line_1_17' title="bbox 114 2110 1592 2205; baseline 0.001 -30"><span class='ocrx_word' id='word_1_160' title='bbox 114 2196 118 2205; x_wconf 29' lang='grc' dir='ltr'><strong><em>Ι</em></strong></span> <span class='ocrx_word' id='word_1_161' title='bbox 203 2111 343 2193; x_wconf 76' lang='lat' dir='ltr'><strong>Chnstus,</strong></span> <span class='ocrx_word' id='word_1_162' title='bbox 366 2131 426 2176; x_wconf 85' lang='lat' dir='ltr'><strong>non</strong></span> <span class='ocrx_word' id='word_1_163' title='bbox 448 2132 597 2196; x_wconf 81' lang='lat' dir='ltr'><strong>magnum,</strong></span> <span class='ocrx_word' id='word_1_164' title='bbox 619 2133 679 2177; x_wconf 91' lang='lat' dir='ltr'><strong>non</strong></span> <span class='ocrx_word' id='word_1_165' title='bbox 701 2132 833 2195; x_wconf 85' lang='lat' dir='ltr'><strong>parvum,</strong></span> <span class='ocrx_word' id='word_1_166' title='bbox 855 2131 1018 2195; x_wconf 86' lang='lat' dir='ltr'><strong>omnesque</strong></span> <span class='ocrx_word' id='word_1_167' title='bbox 1040 2120 1099 2176; x_wconf 91' lang='lat' dir='ltr'><strong>tam</strong></span> <span class='ocrx_word' id='word_1_168' title='bbox 1120 2129 1245 2194; x_wconf 79' lang='lat' dir='ltr'><strong>magnos</strong></span> <span class='ocrx_word' id='word_1_169' title='bbox 1267 2129 1354 2193; x_wconf 79' lang='lat' dir='ltr'><strong>qaam</strong></span> <span class='ocrx_word' id='word_1_170' title='bbox 1375 2129 1483 2194; x_wconf 86' lang='lat' dir='ltr'><strong>parvos</strong></span> <span class='ocrx_word' id='word_1_171' title='bbox 1503 2110 1592 2176; x_wconf 83' lang='lat' dir='ltr'><strong>Petra</strong></span> 
     </span>
    </p>

    <p class='ocr_par' dir='ltr' id='par_1_5' title="bbox 200 2222 1590 2527">
     <span class='ocr_line' id='line_1_18' title="bbox 201 2222 1590 2306; baseline -0.001 -21"><span class='ocrx_word' id='word_1_172' title='bbox 201 2222 360 2303; x_wconf 77' lang='lat' dir='ltr'><strong>regendos,</strong></span> <span class='ocrx_word' id='word_1_173' title='bbox 386 2223 652 2306; x_wconf 87' lang='lat' dir='ltr'><strong>sustentandosqne</strong></span> <span class='ocrx_word' id='word_1_174' title='bbox 673 2224 827 2288; x_wconf 86' lang='lat' dir='ltr'><strong>oommisit</strong></span> <span class='ocrx_word' id='word_1_175' title='bbox 874 2223 1058 2288; x_wconf 87' lang='lat' dir='ltr'><strong>Persuadere</strong></span> <span class='ocrx_word' id='word_1_176' title='bbox 1084 2230 1183 2287; x_wconf 88' lang='lat' dir='ltr'><strong>antem</strong></span> <span class='ocrx_word' id='word_1_177' title='bbox 1205 2222 1276 2286; x_wconf 82' lang='lat' dir='ltr'><strong>milri</strong></span> <span class='ocrx_word' id='word_1_178' title='bbox 1297 2239 1416 2304; x_wconf 87' lang='lat' dir='ltr'><strong>nequeo</strong></span> <span class='ocrx_word' id='word_1_179' title='bbox 1436 2228 1590 2304; x_wconf 85' lang='lat' dir='ltr'><strong>tantopere</strong></span> 
     </span>
     <span class='ocr_line' id='line_1_19' title="bbox 200 2331 1590 2417; baseline 0.001 -24"><span class='ocrx_word' id='word_1_180' title='bbox 200 2331 265 2410; x_wconf 85' lang='lat' dir='ltr'><strong>silai,</strong></span> <span class='ocrx_word' id='word_1_181' title='bbox 288 2333 408 2414; x_wconf 88' lang='lat' dir='ltr'><strong>suisque</strong></span> <span class='ocrx_word' id='word_1_182' title='bbox 430 2331 543 2414; x_wconf 86' lang='lat' dir='ltr'><strong>litteris,</strong></span> <span class='ocrx_word' id='word_1_183' title='bbox 565 2334 747 2417; x_wconf 80' lang='lat' dir='ltr'><strong>ingenioque</strong></span> <span class='ocrx_word' id='word_1_184' title='bbox 769 2341 966 2417; x_wconf 67' lang='lat' dir='ltr'><strong>mammantes</strong></span> <span class='ocrx_word' id='word_1_185' title='bbox 978 2332 1148 2413; x_wconf 84' lang='lat' dir='ltr'><strong>-oonlidere,</strong></span> <span class='ocrx_word' id='word_1_186' title='bbox 1171 2340 1203 2396; x_wconf 90' lang='lat' dir='ltr'><strong>ut</strong></span> <span class='ocrx_word' id='word_1_187' title='bbox 1221 2332 1278 2395; x_wconf 85' lang='lat' dir='ltr'><strong>han</strong></span> <span class='ocrx_word' id='word_1_188' title='bbox 1298 2331 1374 2396; x_wconf 90' lang='lat' dir='ltr'><strong>adeo</strong></span> <span class='ocrx_word' id='word_1_189' title='bbox 1395 2333 1551 2413; x_wconf 82' lang='lat' dir='ltr'><strong>perspicua</strong></span> <span class='ocrx_word' id='word_1_190' title='bbox 1571 2352 1590 2394; x_wconf 87' lang='lat' dir='ltr'><strong>a</strong></span> 
     </span>
     <span class='ocr_line' id='line_1_20' title="bbox 201 2441 1545 2527; baseline -0.001 -23"><span class='ocrx_word' id='word_1_191' title='bbox 201 2441 314 2522; x_wconf 78' lang='lat' dir='ltr'><strong>priscis,</strong></span> <span class='ocrx_word' id='word_1_192' title='bbox 336 2443 588 2527; x_wconf 57' lang='lat' dir='ltr'><strong>amatissimmue</strong></span> <span class='ocrx_word' id='word_1_193' title='bbox 609 2444 740 2526; x_wconf 75' lang='lat' dir='ltr'><strong>patritius</strong></span> <span class='ocrx_word' id='word_1_194' title='bbox 760 2444 947 2509; x_wconf 75' lang='lat' dir='ltr'><strong>dissensione</strong></span> <span class='ocrx_word' id='word_1_195' title='bbox 969 2463 1007 2507; x_wconf 92' lang='lat' dir='ltr'><strong>ne</strong></span> <span class='ocrx_word' id='word_1_196' title='bbox 1028 2443 1135 2507; x_wconf 83' lang='lat' dir='ltr'><strong>leviter</strong></span> <span class='ocrx_word' id='word_1_197' title='bbox 1154 2441 1274 2525; x_wconf 87' lang='lat' dir='ltr'><strong>quidem</strong></span> <span class='ocrx_word' id='word_1_198' title='bbox 1295 2448 1545 2504; x_wconf 75' lang='lat' dir='ltr'><strong>commoveantur.</strong></span> 
     </span>
    </p>

    <p class='ocr_par' dir='ltr' id='par_1_6' title="bbox 196 2550 1664 3730">
     <span class='ocr_line' id='line_1_21' title="bbox 309 2550 1590 2636; baseline 0.002 -24"><span class='ocrx_word' id='word_1_199' title='bbox 309 2550 372 2625; x_wconf 75' lang='lat' dir='ltr'><strong>Oua</strong></span> <span class='ocrx_word' id='word_1_200' title='bbox 387 2551 521 2633; x_wconf 84' lang='lat' dir='ltr'><strong>prolecto</strong></span> <span class='ocrx_word' id='word_1_201' title='bbox 535 2553 627 2636; x_wconf 79' lang='lat' dir='ltr'><strong>longe</strong></span> <span class='ocrx_word' id='word_1_202' title='bbox 641 2555 729 2620; x_wconf 87' lang='lat' dir='ltr'><strong>etiam</strong></span> <span class='ocrx_word' id='word_1_203' title='bbox 744 2554 1007 2618; x_wconf 84' lang='lat' dir='ltr'><strong>commovebantur</strong></span> <span class='ocrx_word' id='word_1_204' title='bbox 1020 2552 1236 2631; x_wconf 85' lang='lat' dir='ltr'><strong>vehementius,</strong></span> <span class='ocrx_word' id='word_1_205' title='bbox 1257 2552 1283 2614; x_wconf 89' lang='lat' dir='ltr'><strong>si</strong></span> <span class='ocrx_word' id='word_1_206' title='bbox 1305 2552 1342 2615; x_wconf 89' lang='lat' dir='ltr'><strong>ad</strong></span> <span class='ocrx_word' id='word_1_207' title='bbox 1364 2570 1431 2615; x_wconf 87' lang='lat' dir='ltr'><strong>eam</strong></span> <span class='ocrx_word' id='word_1_208' title='bbox 1453 2569 1590 2615; x_wconf 66' lang='lat' dir='ltr'><strong>eausam</strong></span> 
     </span>
     <span class='ocr_line' id='line_1_22' title="bbox 199 2648 1664 2745; baseline 0.001 -24"><span class='ocrx_word' id='word_1_209' title='bbox 199 2660 328 2722; x_wconf 87' lang='lat' dir='ltr'><strong>animum</strong></span> <span class='ocrx_word' id='word_1_210' title='bbox 350 2661 538 2742; x_wconf 83' lang='lat' dir='ltr'><strong>adverterint,</strong></span> <span class='ocrx_word' id='word_1_211' title='bbox 561 2681 639 2745; x_wconf 89' lang='lat' dir='ltr'><strong>quae</strong></span> <span class='ocrx_word' id='word_1_212' title='bbox 660 2664 776 2727; x_wconf 87' lang='lat' dir='ltr'><strong>Patrum</strong></span> <span class='ocrx_word' id='word_1_213' title='bbox 797 2662 912 2745; x_wconf 88' lang='lat' dir='ltr'><strong>aliquos</strong></span> <span class='ocrx_word' id='word_1_214' title='bbox 932 2661 1043 2743; x_wconf 81' lang='lat' dir='ltr'><strong>impartit</strong></span> <span class='ocrx_word' id='word_1_215' title='bbox 1064 2679 1124 2725; x_wconf 93' lang='lat' dir='ltr'><strong>non</strong></span> <span class='ocrx_word' id='word_1_216' title='bbox 1146 2661 1265 2742; x_wconf 89' lang='lat' dir='ltr'><strong>quidem</strong></span> <span class='ocrx_word' id='word_1_217' title='bbox 1286 2669 1319 2723; x_wconf 91' lang='lat' dir='ltr'><strong>nt</strong></span> <span class='ocrx_word' id='word_1_218' title='bbox 1338 2660 1456 2724; x_wconf 85' lang='lat' dir='ltr'><strong>aPetro</strong></span> <span class='ocrx_word' id='word_1_219' title='bbox 1470 2665 1588 2723; x_wconf 86' lang='lat' dir='ltr'><strong>averte-</strong></span> <span class='ocrx_word' id='word_1_220' title='bbox 1663 2648 1664 2671; x_wconf 62' lang='lat'>¹</span> 
     </span>
     <span class='ocr_line' id='line_1_23' title="bbox 199 2767 1588 2857; baseline 0.001 -26"><span class='ocrx_word' id='word_1_221' title='bbox 199 2775 275 2849; x_wconf 88' lang='lat' dir='ltr'><strong>rent,</strong></span> <span class='ocrx_word' id='word_1_222' title='bbox 296 2768 351 2833; x_wconf 88' lang='lat' dir='ltr'><strong>sed</strong></span> <span class='ocrx_word' id='word_1_223' title='bbox 365 2777 396 2832; x_wconf 89' lang='lat' dir='ltr'><strong>ut</strong></span> <span class='ocrx_word' id='word_1_224' title='bbox 417 2769 517 2852; x_wconf 71' lang='lat' dir='ltr'><strong>verba</strong></span> <span class='ocrx_word' id='word_1_225' title='bbox 538 2772 590 2835; x_wconf 73' lang='grc' dir='ltr'><strong>ἐπὶ</strong></span> <span class='ocrx_word' id='word_1_226' title='bbox 603 2769 698 2856; x_wconf 78' lang='grc' dir='ltr'><strong><em>ταύτῃ</em></strong></span> <span class='ocrx_word' id='word_1_227' title='bbox 718 2776 755 2857; x_wconf 78' lang='grc' dir='ltr'><strong>τῇ</strong></span> <span class='ocrx_word' id='word_1_228' title='bbox 776 2779 874 2855; x_wconf 75' lang='grc' dir='ltr'><em>πέτρᾳ</em></span> <span class='ocrx_word' id='word_1_229' title='bbox 888 2768 1090 2851; x_wconf 78' lang='grc' dir='ltr'><strong><em>οἰκοδομήσω</em></strong></span> <span class='ocrx_word' id='word_1_230' title='bbox 1104 2791 1169 2852; x_wconf 85' lang='grc' dir='ltr'><strong>μου</strong></span> <span class='ocrx_word' id='word_1_231' title='bbox 1187 2768 1243 2847; x_wconf 74' lang='lat' dir='ltr'><strong>raia</strong></span> <span class='ocrx_word' id='word_1_232' title='bbox 1256 2770 1429 2851; x_wconf 75' lang='grc' dir='ltr'><strong><em>ἐκκλησίαν,</em></strong></span> <span class='ocrx_word' id='word_1_233' title='bbox 1452 2769 1489 2832; x_wconf 89' lang='lat' dir='ltr'><strong>de</strong></span> <span class='ocrx_word' id='word_1_234' title='bbox 1504 2767 1588 2832; x_wconf 71' lang='lat' dir='ltr'><strong>cart</strong></span> 
     </span>
     <span class='ocr_line' id='line_1_24' title="bbox 198 2878 1588 2963; baseline 0.001 -23"><span class='ocrx_word' id='word_1_235' title='bbox 198 2886 245 2941; x_wconf 92' lang='lat' dir='ltr'><strong>sto</strong></span> <span class='ocrx_word' id='word_1_236' title='bbox 274 2880 406 2961; x_wconf 85' lang='lat' dir='ltr'><strong>inprimis</strong></span> <span class='ocrx_word' id='word_1_237' title='bbox 431 2880 701 2961; x_wconf 88' lang='lat' dir='ltr'><strong>interpretarentur.</strong></span> <span class='ocrx_word' id='word_1_238' title='bbox 743 2882 779 2945; x_wconf 85' lang='lat' dir='ltr'><strong>lii</strong></span> <span class='ocrx_word' id='word_1_239' title='bbox 805 2884 913 2946; x_wconf 75' lang='lat' dir='ltr'><strong>snat⁸⁹</strong></span> <span class='ocrx_word' id='word_1_240' title='bbox 943 2880 1141 2963; x_wconf 75' lang='lat' dir='ltr'><strong>Augustiana,</strong></span> <span class='ocrx_word' id='word_1_241' title='bbox 1171 2879 1425 2959; x_wconf 70' lang='lat' dir='ltr'><strong>theodoritus-⁸¹,</strong></span> <span class='ocrx_word' id='word_1_242' title='bbox 1453 2878 1588 2959; x_wconf 85' lang='lat' dir='ltr'><strong>Beda⁸²,</strong></span> 
     </span>
     <span class='ocr_line' id='line_1_25' title="bbox 197 2986 1587 3074; baseline 0.001 -25"><span class='ocrx_word' id='word_1_243' title='bbox 197 2987 369 3052; x_wconf 78' lang='lat' dir='ltr'><strong>Paulinaa³⁸</strong></span> <span class='ocrx_word' id='word_1_244' title='bbox 393 2987 573 3070; x_wconf 86' lang='lat' dir='ltr'><strong>aquiliensis,</strong></span> <span class='ocrx_word' id='word_1_245' title='bbox 588 2988 740 3074; x_wconf 75' lang='lat' dir='ltr'><strong>Dangalae</strong></span> <span class='ocrx_word' id='word_1_246' title='bbox 754 2989 794 3072; x_wconf 80' lang='lat'><strong>⁸⁴,</strong></span> <span class='ocrx_word' id='word_1_247' title='bbox 816 2991 973 3056; x_wconf 81' lang='lat' dir='ltr'><strong>Rhenanus</strong></span> <span class='ocrx_word' id='word_1_248' title='bbox 994 2989 1112 3053; x_wconf 85' lang='lat' dir='ltr'><strong>llaaras</strong></span> <span class='ocrx_word' id='word_1_249' title='bbox 1124 2992 1165 3067; x_wconf 76' lang='lat'><strong>³⁵,</strong></span> <span class='ocrx_word' id='word_1_250' title='bbox 1185 2989 1338 3052; x_wconf 86' lang='lat' dir='ltr'><strong>Heraaens</strong></span> <span class='ocrx_word' id='word_1_251' title='bbox 1352 2990 1380 3022; x_wconf 78' lang='lat'><strong>³⁶</strong></span> <span class='ocrx_word' id='word_1_252' title='bbox 1405 3006 1441 3051; x_wconf 85' lang='lat' dir='ltr'><strong>aa</strong></span> <span class='ocrx_word' id='word_1_253' title='bbox 1454 2990 1483 3021; x_wconf 79' lang='lat'><strong>³⁷</strong></span> <span class='ocrx_word' id='word_1_254' title='bbox 1499 2986 1587 3051; x_wconf 80' lang='lat' dir='ltr'><strong>luno</strong></span> 
     </span>
     <span class='ocr_line' id='line_1_26' title="bbox 197 3095 1589 3181; baseline 0 -22"><span class='ocrx_word' id='word_1_255' title='bbox 197 3098 312 3160; x_wconf 87' lang='lat' dir='ltr'><strong>centius</strong></span> <span class='ocrx_word' id='word_1_256' title='bbox 333 3097 379 3178; x_wconf 88' lang='lat' dir='ltr'><strong>llt,</strong></span> <span class='ocrx_word' id='word_1_257' title='bbox 402 3098 508 3179; x_wconf 85' lang='lat' dir='ltr'><strong>quibas</strong></span> <span class='ocrx_word' id='word_1_258' title='bbox 529 3101 696 3165; x_wconf 74' lang='lat' dir='ltr'><strong>anewribns</strong></span> <span class='ocrx_word' id='word_1_259' title='bbox 716 3108 794 3166; x_wconf 72' lang='lat' dir='ltr'><strong>nnn</strong></span> <span class='ocrx_word' id='word_1_260' title='bbox 815 3109 861 3165; x_wconf 90' lang='lat' dir='ltr'><strong>est</strong></span> <span class='ocrx_word' id='word_1_261' title='bbox 882 3100 1073 3178; x_wconf 80' lang='lat' dir='ltr'><strong>excellentia,</strong></span> <span class='ocrx_word' id='word_1_262' title='bbox 1096 3106 1234 3180; x_wconf 75' lang='lat' dir='ltr'><strong>mutaque</strong></span> <span class='ocrx_word' id='word_1_263' title='bbox 1255 3098 1383 3181; x_wconf 80' lang='lat' dir='ltr'><strong>dignitas</strong></span> <span class='ocrx_word' id='word_1_264' title='bbox 1404 3095 1589 3178; x_wconf 79' lang='lat' dir='ltr'><strong>evangelicis</strong></span> 
     </span>
     <span class='ocr_line' id='line_1_27' title="bbox 196 3205 1662 3290; baseline -0.001 -21"><span class='ocrx_word' id='word_1_265' title='bbox 196 3206 296 3270; x_wconf 86' lang='lat' dir='ltr'><strong>verbis</strong></span> <span class='ocrx_word' id='word_1_266' title='bbox 318 3225 472 3289; x_wconf 77' lang='lat' dir='ltr'><strong>expressa,</strong></span> <span class='ocrx_word' id='word_1_267' title='bbox 496 3216 528 3271; x_wconf 93' lang='lat' dir='ltr'><strong>nt</strong></span> <span class='ocrx_word' id='word_1_268' title='bbox 545 3207 636 3289; x_wconf 78' lang='grc' dir='ltr'><strong><em>ρΙοσι</em></strong></span> <span class='ocrx_word' id='word_1_269' title='bbox 657 3231 696 3273; x_wconf 83' lang='grc' dir='ltr'><strong>οι</strong></span> <span class='ocrx_word' id='word_1_270' title='bbox 714 3231 771 3290; x_wconf 80' lang='lat' dir='ltr'><strong>per</strong></span> <span class='ocrx_word' id='word_1_271' title='bbox 791 3231 827 3272; x_wconf 82' lang='lat' dir='ltr'><strong>ae</strong></span> <span class='ocrx_word' id='word_1_272' title='bbox 845 3212 895 3274; x_wconf 89' lang='lat' dir='ltr'><strong>ani</strong></span> <span class='ocrx_word' id='word_1_273' title='bbox 916 3210 1031 3273; x_wconf 87' lang='lat' dir='ltr'><strong>Christo</strong></span> <span class='ocrx_word' id='word_1_274' title='bbox 1059 3208 1236 3286; x_wconf 78' lang='lat' dir='ltr'><strong>mnaeniat,</strong></span> <span class='ocrx_word' id='word_1_275' title='bbox 1257 3224 1332 3289; x_wconf 89' lang='lat' dir='ltr'><strong>pnro</strong></span> <span class='ocrx_word' id='word_1_276' title='bbox 1353 3213 1453 3271; x_wconf 89' lang='lat' dir='ltr'><strong>antem</strong></span> <span class='ocrx_word' id='word_1_277' title='bbox 1465 3205 1589 3287; x_wconf 79' lang='lat' dir='ltr'><strong>laomim,</strong></span> <span class='ocrx_word' id='word_1_278' title='bbox 1661 3224 1662 3237; x_wconf 58' lang='lat'>¹</span> 
     </span>
     <span class='ocr_line' id='line_1_28' title="bbox 197 3314 1588 3403; baseline -0.001 -24"><span class='ocrx_word' id='word_1_279' title='bbox 197 3334 372 3398; x_wconf 84' lang='lat' dir='ltr'><strong>qammqaam</strong></span> <span class='ocrx_word' id='word_1_280' title='bbox 394 3317 509 3383; x_wconf 83' lang='lat' dir='ltr'><strong>eximiis</strong></span> <span class='ocrx_word' id='word_1_281' title='bbox 523 3326 610 3384; x_wconf 88' lang='lat' dir='ltr'><strong>aneto</strong></span> <span class='ocrx_word' id='word_1_282' title='bbox 627 3320 723 3400; x_wconf 88' lang='lat' dir='ltr'><strong>donia,</strong></span> <span class='ocrx_word' id='word_1_283' title='bbox 744 3326 867 3383; x_wconf 72' lang='grc' dir='ltr'><strong><em>οοιιοιιι</em></strong></span> <span class='ocrx_word' id='word_1_284' title='bbox 887 3318 986 3384; x_wconf 88' lang='lat' dir='ltr'><strong>altero</strong></span> <span class='ocrx_word' id='word_1_285' title='bbox 1003 3317 1109 3403; x_wconf 71' lang='lat' dir='ltr'><strong>prada</strong></span> <span class='ocrx_word' id='word_1_286' title='bbox 1131 3316 1293 3380; x_wconf 81' lang='lat' dir='ltr'><strong>convenire</strong></span> <span class='ocrx_word' id='word_1_287' title='bbox 1305 3315 1409 3398; x_wconf 78' lang='lat' dir='ltr'><strong>possit</strong></span> <span class='ocrx_word' id='word_1_288' title='bbox 1453 3314 1588 3378; x_wconf 85' lang='lat' dir='ltr'><strong>Pluribus</strong></span> 
     </span>
     <span class='ocr_line' id='line_1_29' title="bbox 199 3423 1589 3511; baseline -0.001 -23"><span class='ocrx_word' id='word_1_289' title='bbox 199 3426 277 3489; x_wconf 80' lang='lat' dir='ltr'><strong>nane</strong></span> <span class='ocrx_word' id='word_1_290' title='bbox 298 3444 434 3490; x_wconf 85' lang='lat' dir='ltr'><strong>oausaam</strong></span> <span class='ocrx_word' id='word_1_291' title='bbox 448 3430 478 3463; x_wconf 79' lang='lat'><strong>⁸⁸</strong></span> <span class='ocrx_word' id='word_1_292' title='bbox 501 3427 684 3511; x_wconf 62' lang='grc' dir='ltr'><strong><em>Αοεοοῑὶοοι</em></strong></span> <span class='ocrx_word' id='word_1_293' title='bbox 708 3436 836 3511; x_wconf 89' lang='lat' dir='ltr'><strong>enarrat,</strong></span> <span class='ocrx_word' id='word_1_294' title='bbox 857 3448 893 3493; x_wconf 86' lang='lat' dir='ltr'><strong>ao</strong></span> <span class='ocrx_word' id='word_1_295' title='bbox 914 3427 1045 3511; x_wconf 87' lang='lat' dir='ltr'><strong>pluribus</strong></span> <span class='ocrx_word' id='word_1_296' title='bbox 1067 3433 1135 3509; x_wconf 88' lang='lat' dir='ltr'><strong>post</strong></span> <span class='ocrx_word' id='word_1_297' title='bbox 1145 3426 1345 3508; x_wconf 77' lang='lat' dir='ltr'><strong>Augustinum</strong></span> <span class='ocrx_word' id='word_1_298' title='bbox 1366 3423 1474 3505; x_wconf 82' lang='lat' dir='ltr'><strong>reliqui</strong></span> <span class='ocrx_word' id='word_1_299' title='bbox 1495 3441 1589 3506; x_wconf 79' lang='lat' dir='ltr'><strong>expo-</strong></span> 
     </span>
     <span class='ocr_line' id='line_1_30' title="bbox 197 3533 1590 3620; baseline -0.001 -22"><span class='ocrx_word' id='word_1_300' title='bbox 197 3535 280 3599; x_wconf 87' lang='lat' dir='ltr'><strong>liunt.</strong></span> <span class='ocrx_word' id='word_1_301' title='bbox 323 3534 362 3598; x_wconf 77' lang='lat' dir='ltr'><strong>dt</strong></span> <span class='ocrx_word' id='word_1_302' title='bbox 381 3553 540 3620; x_wconf 89' lang='lat' dir='ltr'><strong>numquam</strong></span> <span class='ocrx_word' id='word_1_303' title='bbox 561 3541 591 3602; x_wconf 93' lang='lat' dir='ltr'><strong>in</strong></span> <span class='ocrx_word' id='word_1_304' title='bbox 619 3539 696 3603; x_wconf 85' lang='lat' dir='ltr'><strong>lianc</strong></span> <span class='ocrx_word' id='word_1_305' title='bbox 717 3546 846 3603; x_wconf 87' lang='lat' dir='ltr'><strong>mentem</strong></span> <span class='ocrx_word' id='word_1_306' title='bbox 866 3537 1027 3615; x_wconf 80' lang='lat' dir='ltr'><strong>venissent,</strong></span> <span class='ocrx_word' id='word_1_307' title='bbox 1049 3537 1075 3599; x_wconf 89' lang='lat' dir='ltr'><strong>si</strong></span> <span class='ocrx_word' id='word_1_308' title='bbox 1097 3534 1278 3618; x_wconf 76' lang='lat' dir='ltr'><strong>evangelicis</strong></span> <span class='ocrx_word' id='word_1_309' title='bbox 1299 3533 1398 3596; x_wconf 84' lang='lat' dir='ltr'><strong>verbis</strong></span> <span class='ocrx_word' id='word_1_310' title='bbox 1426 3551 1487 3597; x_wconf 91' lang='lat' dir='ltr'><strong>non</strong></span> <span class='ocrx_word' id='word_1_311' title='bbox 1510 3533 1590 3597; x_wconf 85' lang='lat' dir='ltr'><strong>aliud</strong></span> 
     </span>
     <span class='ocr_line' id='line_1_31' title="bbox 198 3634 1588 3730; baseline 0 -21"><span class='ocrx_word' id='word_1_312' title='bbox 198 3643 296 3709; x_wconf 77' lang='lat' dir='ltr'><strong>efferri</strong></span> <span class='ocrx_word' id='word_1_313' title='bbox 318 3653 522 3710; x_wconf 84' lang='lat' dir='ltr'><strong>ornamentum</strong></span> <span class='ocrx_word' id='word_1_314' title='bbox 543 3655 704 3730; x_wconf 87' lang='lat' dir='ltr'><strong>putassent,</strong></span> <span class='ocrx_word' id='word_1_315' title='bbox 726 3665 814 3730; x_wconf 90' lang='lat' dir='ltr'><strong>quam</strong></span> <span class='ocrx_word' id='word_1_316' title='bbox 836 3644 915 3730; x_wconf 91' lang='lat' dir='ltr'><strong>quod</strong></span> <span class='ocrx_word' id='word_1_317' title='bbox 935 3634 1132 3728; x_wconf 89' lang='lat' dir='ltr'><strong>protestantes</strong></span> <span class='ocrx_word' id='word_1_318' title='bbox 1154 3644 1339 3721; x_wconf 72' lang='lat' dir='ltr'><strong>ensdmant,</strong></span> <span class='ocrx_word' id='word_1_319' title='bbox 1372 3651 1403 3708; x_wconf 86' lang='lat' dir='ltr'><strong>et</strong></span> <span class='ocrx_word' id='word_1_320' title='bbox 1425 3645 1588 3724; x_wconf 74' lang='lat' dir='ltr'><strong>praedica-</strong></span> 
     </span>
    </p>
   </div>
   <div class='ocr_carea' id='block_1_3' title="bbox 201 3854 1587 4040">
    <p class='ocr_par' dir='ltr' id='par_1_7' title="bbox 201 3854 1587 4040">
     <span class='ocr_line' id='line_1_32' title="bbox 264 3854 1494 3936; baseline -0.004 -20"><span class='ocrx_word' id='word_1_321' title='bbox 264 3857 308 3932; x_wconf 80' lang='lat'><strong>²⁸)</strong></span> <span class='ocrx_word' id='word_1_322' title='bbox 342 3857 420 3930; x_wconf 77' lang='lat' dir='ltr'><strong>Apud</strong></span> <span class='ocrx_word' id='word_1_323' title='bbox 451 3858 578 3918; x_wconf 84' lang='lat' dir='ltr'><strong>Basiliam</strong></span> <span class='ocrx_word' id='word_1_324' title='bbox 608 3862 636 3917; x_wconf 89' lang='lat' dir='ltr'><strong>iu</strong></span> <span class='ocrx_word' id='word_1_325' title='bbox 663 3861 807 3936; x_wconf 87' lang='lat' dir='ltr'><strong>prooemio</strong></span> <span class='ocrx_word' id='word_1_326' title='bbox 836 3861 871 3917; x_wconf 91' lang='lat' dir='ltr'><strong>de</strong></span> <span class='ocrx_word' id='word_1_327' title='bbox 982 3859 1028 3934; x_wconf 83' lang='lat'><strong>³⁸)</strong></span> <span class='ocrx_word' id='word_1_328' title='bbox 1048 3858 1126 3913; x_wconf 74' lang='lat' dir='ltr'><strong>Cant</strong></span> <span class='ocrx_word' id='word_1_329' title='bbox 1146 3855 1260 3912; x_wconf 76' lang='lat' dir='ltr'><strong>Felicem</strong></span> <span class='ocrx_word' id='word_1_330' title='bbox 1280 3854 1387 3926; x_wconf 73' lang='lat' dir='ltr'><strong>urgelit.</strong></span> <span class='ocrx_word' id='word_1_331' title='bbox 1407 3854 1494 3911; x_wconf 56' lang='lat' dir='ltr'><strong>aaa</strong></span> 
     </span>
     <span class='ocr_line' id='line_1_33' title="bbox 201 3961 1587 4040; baseline -0.018 2"><span class='ocrx_word' id='word_1_332' title='bbox 201 3963 302 4021; x_wconf 60' lang='lat' dir='ltr'><strong>5⁰⁶⁵⁰l⁰</strong></span> <span class='ocrx_word' id='word_1_333' title='bbox 320 3964 388 4038; x_wconf 83' lang='lat' dir='ltr'><strong>net,</strong></span> <span class='ocrx_word' id='word_1_334' title='bbox 415 3981 441 4021; x_wconf 70' lang='lat' dir='ltr'><strong>fl·</strong></span> <span class='ocrx_word' id='word_1_335' title='bbox 463 3966 491 4021; x_wconf 73' lang='lat'><strong>⁷·</strong></span> <span class='ocrx_word' id='word_1_336' title='bbox 981 3965 1027 4040; x_wconf 84' lang='lat'><strong>³⁴)</strong></span> <span class='ocrx_word' id='word_1_337' title='bbox 1047 3963 1076 4020; x_wconf 88' lang='lat' dir='ltr'><strong>lu</strong></span> <span class='ocrx_word' id='word_1_338' title='bbox 1089 3963 1161 4020; x_wconf 86' lang='lat' dir='ltr'><strong>libro</strong></span> <span class='ocrx_word' id='word_1_339' title='bbox 1175 3961 1383 4018; x_wconf 66' lang='lat' dir='ltr'><strong>penetralium</strong></span> <span class='ocrx_word' id='word_1_340' title='bbox 1397 3962 1587 4018; x_wconf 72' lang='lat' dir='ltr'><strong>taurinensem.</strong></span> 
     </span>
    </p>
   </div>
   <div class='ocr_carea' id='block_1_4' title="bbox 200 4067 1498 4250">
    <p class='ocr_par' dir='ltr' id='par_1_8' title="bbox 200 4067 1498 4250">
     <span class='ocr_line' id='line_1_34' title="bbox 264 4067 1498 4147; baseline -0.004 -19"><span class='ocrx_word' id='word_1_341' title='bbox 264 4071 310 4143; x_wconf 80' lang='lat'><strong>²⁷)</strong></span> <span class='ocrx_word' id='word_1_342' title='bbox 341 4070 420 4143; x_wconf 80' lang='lat' dir='ltr'><strong>Apud</strong></span> <span class='ocrx_word' id='word_1_343' title='bbox 451 4073 572 4129; x_wconf 86' lang='lat' dir='ltr'><strong>eamdem</strong></span> <span class='ocrx_word' id='word_1_344' title='bbox 604 4088 665 4129; x_wconf 88' lang='lat' dir='ltr'><strong>eon.</strong></span> <span class='ocrx_word' id='word_1_345' title='bbox 695 4071 869 4147; x_wconf 79' lang='lat' dir='ltr'><strong>Bononiam,</strong></span> <span class='ocrx_word' id='word_1_346' title='bbox 981 4071 1028 4145; x_wconf 84' lang='lat'><strong>³⁵)</strong></span> <span class='ocrx_word' id='word_1_347' title='bbox 1045 4070 1086 4127; x_wconf 80' lang='lat' dir='ltr'><strong>Ile</strong></span> <span class='ocrx_word' id='word_1_348' title='bbox 1106 4068 1254 4143; x_wconf 85' lang='lat' dir='ltr'><strong>Universo,</strong></span> <span class='ocrx_word' id='word_1_349' title='bbox 1274 4067 1383 4124; x_wconf 82' lang='lat' dir='ltr'><strong>lib.lV.</strong></span> <span class='ocrx_word' id='word_1_350' title='bbox 1403 4067 1498 4140; x_wconf 78' lang='lat' dir='ltr'><strong>capi.</strong></span> 
     </span>
     <span class='ocr_line' id='line_1_35' title="bbox 200 4172 1350 4250; baseline -0.003 -18"><span class='ocrx_word' id='word_1_351' title='bbox 200 4175 247 4233; x_wconf 84' lang='lat' dir='ltr'><strong>lib.</strong></span> <span class='ocrx_word' id='word_1_352' title='bbox 265 4176 297 4233; x_wconf 90' lang='grc' dir='ltr'><strong>ΙΙ.</strong></span> <span class='ocrx_word' id='word_1_353' title='bbox 317 4193 344 4232; x_wconf 90' lang='lat' dir='ltr'><strong>n.</strong></span> <span class='ocrx_word' id='word_1_354' title='bbox 364 4174 392 4232; x_wconf 83' lang='lat' dir='ltr'><strong>t.</strong></span> <span class='ocrx_word' id='word_1_355' title='bbox 981 4175 1027 4250; x_wconf 81' lang='lat'><strong>³⁶)</strong></span> <span class='ocrx_word' id='word_1_356' title='bbox 1048 4174 1077 4231; x_wconf 88' lang='lat' dir='ltr'><strong>lu</strong></span> <span class='ocrx_word' id='word_1_357' title='bbox 1098 4174 1189 4231; x_wconf 74' lang='lat' dir='ltr'><strong>llattn</strong></span> <span class='ocrx_word' id='word_1_358' title='bbox 1209 4172 1281 4231; x_wconf 79' lang='lat' dir='ltr'><strong>xvt.</strong></span> <span class='ocrx_word' id='word_1_359' title='bbox 1304 4172 1350 4230; x_wconf 83' lang='lat' dir='ltr'><strong>ts.</strong></span> 
     </span>
    </p>
   </div>
   <div class='ocr_carea' id='block_1_5' title="bbox 202 4277 1658 5099">
    <p class='ocr_par' dir='ltr' id='par_1_9' title="bbox 203 4277 1589 4463">
     <span class='ocr_line' id='line_1_36' title="bbox 265 4277 1575 4357; baseline 0 -20"><span class='ocrx_word' id='word_1_360' title='bbox 265 4280 310 4356; x_wconf 83' lang='lat'><strong>²⁸)</strong></span> <span class='ocrx_word' id='word_1_361' title='bbox 350 4281 429 4354; x_wconf 72' lang='lat' dir='ltr'><strong>Apud</strong></span> <span class='ocrx_word' id='word_1_362' title='bbox 465 4280 623 4353; x_wconf 73' lang='lat' dir='ltr'><strong>Gregorinm</strong></span> <span class='ocrx_word' id='word_1_363' title='bbox 663 4286 869 4357; x_wconf 76' lang='lat' dir='ltr'><strong>aaziaamnam,</strong></span> <span class='ocrx_word' id='word_1_364' title='bbox 980 4282 1026 4357; x_wconf 78' lang='lat'><strong>³⁷)</strong></span> <span class='ocrx_word' id='word_1_365' title='bbox 1047 4282 1134 4338; x_wconf 85' lang='lat' dir='ltr'><strong>Sarna.</strong></span> <span class='ocrx_word' id='word_1_366' title='bbox 1150 4280 1182 4336; x_wconf 81' lang='lat' dir='ltr'><strong>ll</strong></span> <span class='ocrx_word' id='word_1_367' title='bbox 1203 4280 1237 4336; x_wconf 92' lang='lat' dir='ltr'><strong>de</strong></span> <span class='ocrx_word' id='word_1_368' title='bbox 1257 4285 1405 4337; x_wconf 74' lang='lat' dir='ltr'><strong>eonsemat</strong></span> <span class='ocrx_word' id='word_1_369' title='bbox 1426 4277 1575 4337; x_wconf 76' lang='lat' dir='ltr'><strong>Pnutifloia.</strong></span> 
     </span>
     <span class='ocr_line' id='line_1_37' title="bbox 203 4386 1589 4463; baseline 0.001 -19"><span class='ocrx_word' id='word_1_370' title='bbox 203 4387 276 4445; x_wconf 81' lang='lat' dir='ltr'><strong>Orat</strong></span> <span class='ocrx_word' id='word_1_371' title='bbox 297 4387 355 4444; x_wconf 86' lang='lat' dir='ltr'><strong>Vll.</strong></span> <span class='ocrx_word' id='word_1_372' title='bbox 377 4387 411 4442; x_wconf 88' lang='lat' dir='ltr'><strong>ad</strong></span> <span class='ocrx_word' id='word_1_373' title='bbox 432 4386 589 4459; x_wconf 73' lang='lat' dir='ltr'><strong>Greqonam</strong></span> <span class='ocrx_word' id='word_1_374' title='bbox 609 4396 720 4463; x_wconf 86' lang='lat' dir='ltr'><strong>patrem.</strong></span> <span class='ocrx_word' id='word_1_375' title='bbox 981 4387 1027 4461; x_wconf 77' lang='lat'><strong>³⁸)</strong></span> <span class='ocrx_word' id='word_1_376' title='bbox 1048 4387 1111 4443; x_wconf 87' lang='lat' dir='ltr'><strong>ttini</strong></span> <span class='ocrx_word' id='word_1_377' title='bbox 1129 4402 1239 4460; x_wconf 87' lang='lat' dir='ltr'><strong>prorsas</strong></span> <span class='ocrx_word' id='word_1_378' title='bbox 1254 4387 1347 4443; x_wconf 86' lang='lat' dir='ltr'><strong>miram</strong></span> <span class='ocrx_word' id='word_1_379' title='bbox 1362 4392 1415 4461; x_wconf 87' lang='lat' dir='ltr'><strong>eat,</strong></span> <span class='ocrx_word' id='word_1_380' title='bbox 1436 4388 1589 4445; x_wconf 76' lang='grc' dir='ltr'><strong>οοιιιιίι</strong></span> 
     </span>
    </p>

    <p class='ocr_par' dir='ltr' id='par_1_10' title="bbox 264 4490 1658 4585">
     <span class='ocr_line' id='line_1_38' title="bbox 264 4490 1658 4585; baseline 0 -36"><span class='ocrx_word' id='word_1_381' title='bbox 264 4494 309 4567; x_wconf 81' lang='grc'><strong>”)</strong></span> <span class='ocrx_word' id='word_1_382' title='bbox 329 4492 403 4549; x_wconf 73' lang='lat' dir='ltr'><strong>Orat</strong></span> <span class='ocrx_word' id='word_1_383' title='bbox 424 4491 519 4549; x_wconf 85' lang='lat' dir='ltr'><strong>xxvt.</strong></span> <span class='ocrx_word' id='word_1_384' title='bbox 918 4493 1004 4551; x_wconf 89' lang='lat' dir='ltr'><strong>solnm</strong></span> <span class='ocrx_word' id='word_1_385' title='bbox 1026 4493 1186 4565; x_wconf 61' lang='lat' dir='ltr'><strong>rugamque</strong></span> <span class='ocrx_word' id='word_1_386' title='bbox 1200 4509 1215 4549; x_wconf 90' lang='lat' dir='ltr'><strong>a</strong></span> <span class='ocrx_word' id='word_1_387' title='bbox 1230 4492 1444 4567; x_wconf 74' lang='lat' dir='ltr'><strong>protestantibus</strong></span> <span class='ocrx_word' id='word_1_388' title='bbox 1463 4494 1589 4567; x_wconf 74' lang='lat' dir='ltr'><strong>reparni,</strong></span> <span class='ocrx_word' id='word_1_389' title='bbox 1657 4490 1658 4585; x_wconf 61' lang='lat' dir='ltr'><strong>l</strong></span> 
     </span>
    </p>

    <p class='ocr_par' dir='ltr' id='par_1_11' title="bbox 202 4596 1590 4887">
     <span class='ocr_line' id='line_1_39' title="bbox 264 4596 1590 4674; baseline 0.001 -19"><span class='ocrx_word' id='word_1_390' title='bbox 264 4599 310 4673; x_wconf 78' lang='lat'><strong>³⁶)</strong></span> <span class='ocrx_word' id='word_1_391' title='bbox 330 4599 458 4657; x_wconf 80' lang='lat' dir='ltr'><strong>aenam</strong></span> <span class='ocrx_word' id='word_1_392' title='bbox 479 4600 526 4656; x_wconf 86' lang='lat' dir='ltr'><strong>lib.</strong></span> <span class='ocrx_word' id='word_1_393' title='bbox 543 4600 563 4656; x_wconf 92' lang='lat' dir='ltr'><strong>l.</strong></span> <span class='ocrx_word' id='word_1_394' title='bbox 585 4617 643 4674; x_wconf 88' lang='lat' dir='ltr'><strong>eap.</strong></span> <span class='ocrx_word' id='word_1_395' title='bbox 659 4602 737 4674; x_wconf 82' lang='lat' dir='ltr'><strong>xxi,</strong></span> <span class='ocrx_word' id='word_1_396' title='bbox 759 4604 786 4659; x_wconf 89' lang='lat' dir='ltr'><strong>in</strong></span> <span class='ocrx_word' id='word_1_397' title='bbox 806 4603 868 4660; x_wconf 80' lang='lat' dir='ltr'><strong>iola.</strong></span> <span class='ocrx_word' id='word_1_398' title='bbox 919 4599 965 4656; x_wconf 86' lang='lat' dir='ltr'><strong>ubi</strong></span> <span class='ocrx_word' id='word_1_399' title='bbox 982 4606 1073 4672; x_wconf 90' lang='lat' dir='ltr'><strong>patrea</strong></span> <span class='ocrx_word' id='word_1_400' title='bbox 1089 4596 1196 4657; x_wconf 74' lang='lat' dir='ltr'><strong>nonani</strong></span> <span class='ocrx_word' id='word_1_401' title='bbox 1214 4598 1341 4656; x_wconf 84' lang='lat' dir='ltr'><strong>eoelestia</strong></span> <span class='ocrx_word' id='word_1_402' title='bbox 1358 4598 1503 4672; x_wconf 68' lang='lat' dir='ltr'><strong>numaque</strong></span> <span class='ocrx_word' id='word_1_403' title='bbox 1524 4614 1590 4656; x_wconf 82' lang='lat' dir='ltr'><strong>aaa·</strong></span> 
     </span>
     <span class='ocr_line' id='line_1_40' title="bbox 203 4704 1590 4780; baseline 0.002 -20"><span class='ocrx_word' id='word_1_404' title='bbox 203 4704 289 4761; x_wconf 67' lang='lat' dir='ltr'><strong>Tract-</strong></span> <span class='ocrx_word' id='word_1_405' title='bbox 315 4704 438 4780; x_wconf 78' lang='lat' dir='ltr'><strong>exalta,</strong></span> <span class='ocrx_word' id='word_1_406' title='bbox 475 4711 504 4762; x_wconf 86' lang='lat' dir='ltr'><strong>et</strong></span> <span class='ocrx_word' id='word_1_407' title='bbox 529 4706 564 4764; x_wconf 88' lang='lat' dir='ltr'><strong>de</strong></span> <span class='ocrx_word' id='word_1_408' title='bbox 590 4707 681 4764; x_wconf 83' lang='lat' dir='ltr'><strong>verbis</strong></span> <span class='ocrx_word' id='word_1_409' title='bbox 707 4708 813 4766; x_wconf 80' lang='lat' dir='ltr'><strong>Domini</strong></span> <span class='ocrx_word' id='word_1_410' title='bbox 841 4710 868 4766; x_wconf 88' lang='lat' dir='ltr'><strong>ia</strong></span> <span class='ocrx_word' id='word_1_411' title='bbox 920 4705 1069 4762; x_wconf 82' lang='lat' dir='ltr'><strong>tuebantur.</strong></span> <span class='ocrx_word' id='word_1_412' title='bbox 1103 4706 1158 4763; x_wconf 79' lang='lat' dir='ltr'><strong>Sed</strong></span> <span class='ocrx_word' id='word_1_413' title='bbox 1171 4706 1364 4779; x_wconf 78' lang='lat' dir='ltr'><strong>inscripturus</strong></span> <span class='ocrx_word' id='word_1_414' title='bbox 1384 4705 1497 4778; x_wconf 82' lang='lat' dir='ltr'><strong>quadrat</strong></span> <span class='ocrx_word' id='word_1_415' title='bbox 1515 4704 1590 4780; x_wconf 85' lang='lat' dir='ltr'><strong>qnod</strong></span> 
     </span>
     <span class='ocr_line' id='line_1_41' title="bbox 202 4790 1590 4887; baseline 0 -19"><span class='ocrx_word' id='word_1_416' title='bbox 202 4790 402 4868; x_wconf 75' lang='lat' dir='ltr'><strong>asan.aern.</strong></span> <span class='ocrx_word' id='word_1_417' title='bbox 423 4811 494 4869; x_wconf 83' lang='lat' dir='ltr'><strong>xttt.</strong></span> <span class='ocrx_word' id='word_1_418' title='bbox 521 4828 597 4887; x_wconf 89' lang='lat' dir='ltr'><strong>eapp.</strong></span> <span class='ocrx_word' id='word_1_419' title='bbox 619 4813 717 4871; x_wconf 90' lang='lat' dir='ltr'><strong>l-ll.</strong></span> <span class='ocrx_word' id='word_1_420' title='bbox 919 4811 954 4868; x_wconf 87' lang='lat' dir='ltr'><strong>de</strong></span> <span class='ocrx_word' id='word_1_421' title='bbox 974 4811 1110 4869; x_wconf 79' lang='lat' dir='ltr'><strong>doloribus</strong></span> <span class='ocrx_word' id='word_1_422' title='bbox 1131 4828 1303 4887; x_wconf 83' lang='lat' dir='ltr'><strong>usurpamus,</strong></span> <span class='ocrx_word' id='word_1_423' title='bbox 1324 4827 1378 4869; x_wconf 87' lang='lat' dir='ltr'><strong>noa</strong></span> <span class='ocrx_word' id='word_1_424' title='bbox 1399 4814 1537 4870; x_wconf 81' lang='lat' dir='ltr'><strong>minimum</strong></span> <span class='ocrx_word' id='word_1_425' title='bbox 1557 4810 1590 4868; x_wconf 89' lang='lat' dir='ltr'><strong>il·</strong></span> 
     </span>
    </p>

    <p class='ocr_par' dir='ltr' id='par_1_12' title="bbox 265 4915 1656 4993">
     <span class='ocr_line' id='line_1_42' title="bbox 265 4915 1656 4993; baseline 0.004 -20"><span class='ocrx_word' id='word_1_426' title='bbox 265 4915 312 4992; x_wconf 78' lang='lat'><strong>³¹)</strong></span> <span class='ocrx_word' id='word_1_427' title='bbox 332 4915 362 4973; x_wconf 91' lang='lat' dir='ltr'><strong>ln</strong></span> <span class='ocrx_word' id='word_1_428' title='bbox 382 4917 403 4974; x_wconf 83' lang='lat' dir='ltr'><strong>t</strong></span> <span class='ocrx_word' id='word_1_429' title='bbox 422 4917 484 4974; x_wconf 79' lang='lat' dir='ltr'><strong>Gor.</strong></span> <span class='ocrx_word' id='word_1_430' title='bbox 504 4917 550 4976; x_wconf 76' lang='lat' dir='ltr'><strong>lli</strong></span> <span class='ocrx_word' id='word_1_431' title='bbox 573 4916 620 4974; x_wconf 90' lang='lat' dir='ltr'><strong>ll.</strong></span> <span class='ocrx_word' id='word_1_432' title='bbox 919 4917 1006 4973; x_wconf 87' lang='lat' dir='ltr'><strong>laram</strong></span> <span class='ocrx_word' id='word_1_433' title='bbox 1032 4918 1199 4990; x_wconf 81' lang='lat' dir='ltr'><strong>splendorem</strong></span> <span class='ocrx_word' id='word_1_434' title='bbox 1226 4934 1261 4976; x_wconf 85' lang='lat' dir='ltr'><strong>ex</strong></span> <span class='ocrx_word' id='word_1_435' title='bbox 1287 4918 1476 4993; x_wconf 74' lang='lat' dir='ltr'><strong>aspideatian</strong></span> <span class='ocrx_word' id='word_1_436' title='bbox 1501 4918 1588 4977; x_wconf 80' lang='lat' dir='ltr'><strong>naulia</strong></span> <span class='ocrx_word' id='word_1_437' title='bbox 1655 4934 1656 4979; x_wconf 78' lang='lat' dir='ltr'><strong>t</strong></span> 
     </span>
    </p>

    <p class='ocr_par' dir='ltr' id='par_1_13' title="bbox 269 4984 1656 5351">
     <span class='ocr_line' id='line_1_43' title="bbox 269 5022 1045 5099; baseline -0.001 -20"><span class='ocrx_word' id='word_1_438' title='bbox 269 5022 315 5099; x_wconf 72' lang='lat'><strong>³²)</strong></span> <span class='ocrx_word' id='word_1_439' title='bbox 334 5022 364 5079; x_wconf 82' lang='lat' dir='ltr'><strong>n</strong></span> <span class='ocrx_word' id='word_1_440' title='bbox 383 5023 476 5085; x_wconf 71' lang='lat' dir='ltr'><strong>aaaa.</strong></span> <span class='ocrx_word' id='word_1_441' title='bbox 495 5024 566 5083; x_wconf 80' lang='lat' dir='ltr'><strong>xva</strong></span> <span class='ocrx_word' id='word_1_442' title='bbox 590 5023 635 5085; x_wconf 86' lang='lat' dir='ltr'><strong>ta.</strong></span> <span class='ocrx_word' id='word_1_443' title='bbox 920 5022 1045 5098; x_wconf 68' lang='lat' dir='ltr'><strong>punem.</strong></span> 
     </span>
    </p>
   </div>
   <div class='ocr_carea' id='block_1_6' title="bbox 0 0 1692 5388">
    <p class='ocr_par' dir='ltr' id='par_1_14' title="bbox 0 0 1692 5388">
     <span class='ocr_line' id='line_1_44' title="bbox 0 0 1692 5388; baseline 0 3"><span class='ocrx_word' id='word_1_444' title='bbox 0 0 1692 5388; x_wconf 95' lang='lat' dir='ltr'><strong> </strong></span> 
     </span>
    </p>
   </div>
  </div>
 </body>
</html>
