3324 5382
673 204 820 273 GAPU‘I'
859 204 949 271 Xlll.
1413 212 1417 219 '
1445 204 1508 269 bbb

119 385 212 459 tiaar,
247 385 337 465 atque
368 398 412 442 ear
447 381 622 442 σσσιίσιιίίσ
651 374 789 441 mortuae
813 373 892 459 fidet
917 381 1068 440 ιιιιίίιιίεινι
1087 363 1231 457 ‘protegat
1258 378 1346 456 atque
1374 371 1508 439 stabiliat.

119 489 236 555 Nemini
256 496 353 553 antem
374 488 531 552 obsctnum
554 504 624 551 esse
644 494 743 569 potest
762 503 839 567 quae
860 485 929 549 inde
962 486 1089 550 extiterit
1116 491 1184 549 aiva
1212 484 1345 548 eminens
1374 484 1507 549 eiusdem

119 597 280 679 ιίιιιρσχιί,
316 604 383 661 aiae
409 596 518 679 gradis
547 596 752 679 praerogativa
780 614 848 658 enm
875 595 983 659 ommia
1004 594 1130 677 medam
1150 595 1324 658 auctoritate
1345 594 1507 657 coniuncta.

117 707 199 771 Haec
220 709 299 771 enim
319 707 415 790 potior
436 706 594 769 auctoritas
614 712 684 785 ipra
705 704 726 767 Ι.
751 704 833 769 verbi
854 703 1008 785 στηρίζειν
1035 703 1264 789 musionium
1293 703 1507 786 comprobatur,

15 840 16 843 ¹
118 835 216 899 equa
238 833 428 898 consequens
449 823 496 879 est
516 822 614 897 partes
642 831 747 877 omnes
773 813 924 894 firmandi,
961 814 1184 897 stabiliendique
1214 814 1338 879 aedilicii
1365 813 1508 878 obnoxias
1580 830 1594 845 ·

115 926 159 991 illi
174 943 243 990 ease
257 932 405 1008 oportere,
428 926 475 988 cui
489 926 668 1005 στηριγμός,
689 930 757 1003 ίρισ
778 921 964 1005 stabiliendi,
983 922 1194 1007 fulciendiqae
1215 932 1295 988 aetio
1313 923 1508 987 concreditur.

116 1033 331 1117 comprobetur
351 1033 384 1096 ll
405 1054 467 1095 aiu
489 1040 522 1095 in
543 1029 644 1096 bibliis
664 1042 800 1114 νιινρίιι,
833 1052 892 1115 quo
913 1032 1070 1115 στηρίζειν
1091 1031 1318 1118 aipnificatione
1340 1030 1451 1097 morab
1471 1032 1509 1096 de

116 1147 153 1210 iis
175 1143 330 1209 adhibetur
349 1143 464 1223 solum,
500 1143 551 1226 qui
572 1143 637 1206 iure
657 1143 821 1222 excellunt,
857 1144 1034 1226 iubendique
1064 1151 1208 1227 potestate
1228 1142 1373 1207 iniuntur.
1416 1141 1508 1205 niut-

15 1294 17 1335 ,
117 1255 205 1320 batur
217 1254 245 1287 ‘⁷
270 1253 349 1317 enirn
372 1253 409 1316 de
422 1251 500 1330 Deo,
520 1252 558 1317 de
574 1249 715 1333 Cliriato,
737 1253 774 1316 de
796 1252 953 1333 apostolia,
976 1254 1072 1334 daque
1092 1260 1132 1317 iia
1152 1261 1204 1334 qui
1223 1251 1370 1333 apostolia
1390 1259 1508 1317 υίσσνίσ

117 1365 309 1429 ardiaiatiane
336 1362 523 1439 merdant·
559 1364 597 1426 ita
618 1380 692 1427 uero
714 1363 883 1446 adhibetur,
913 1371 1068 1428 uteorum
1091 1364 1201 1429 iunctio
1222 1383 1258 1427 ac
1281 1381 1385 1426 munus
1407 1380 1508 1443 στηρι-

115 1476 203 1558 γμοῦ
223 1472 418 1556 appellatione
440 1472 620 1554 designetur.
664 1473 723 1538 Sed
753 1480 895 1557 quotquot
916 1476 1232 1557 commemoravimus,
1259 1474 1377 1556 proprio
1400 1472 1509 1556 singuli

116 1584 283 1650 stabiliendi
304 1601 427 1648 munere
449 1581 647 1659 σὺθινιινιώς
670 1582 877 1667 defunguntur.

225 1692 273 1758 Ad
293 1693 370 1756 haee
390 1691 436 1756 tlt
459 1699 648 1775 praeceptum
670 1693 755 1758 Petro
779 1696 944 1777 impositum
966 1693 1183 1758 confirmandae
1204 1692 1325 1757 fratrum
1347 1690 1416 1755 idei
1439 1711 1510 1755 enar

117 1803 224 1892 officia
243 1805 409 1869 conseritur
430 1821 490 1885 quo
510 1802 548 1867 nd
568 1802 760 1868 deferendam
780 1803 868 1867 Petro
889 1803 1086 1869 obedientiam
1107 1803 1212 1867 iratres
1239 1803 1506 1885 obstringerentur.

116 1915 161 1981 Eo
183 1916 273 1999 igitur
297 1920 455 1997 praecepto
477 1912 593 1976 Petrum
615 1914 691 1977 inter
710 1913 876 1996 fratresque
895 1920 922 1976 u
943 1914 1086 1978 inductae
1108 1912 1177 1998 fait
1204 1910 1344 1989 babitus,
1381 1929 1440 1994 quo
1471 1911 1509 1974 ad

15 2030 17 2119 ᾗ
117 2026 250 2090 subditos
272 2024 430 2108 praepositi
451 2022 628 2104 reserantur,
650 2022 726 2087 adeo
747 2031 780 2086 ut
792 2022 896 2087 Petrus
917 2031 1082 2106 praeesset,
1104 2022 1268 2105 iruuesque
1290 2023 1418 2086 vicisdm
1440 2021 1509 2086 sub-

118 2142 219 2201 essent
239 2142 328 2217 atque
348 2132 596 2215 obtemperarent
640 2132 796 2197 Pmeterea
817 2132 863 2196 lv.
887 2150 947 2195 non
969 2140 1060 2197 σιιίισ
1083 2132 1215 2197 Christus
1235 2132 1320 2196 Petro
1342 2132 1460 2213 indixit,
1479 2140 1511 2196 ut

118 2244 225 2309 nanas
247 2243 443 2323 confirmaret,
466 2263 558 2321 ηιισιιι
579 2241 655 2305 illins
677 2241 764 2305 idem
786 2241 926 2305 redderet
946 2242 1100 2306 invictam:
1120 2262 1183 2326 epa,
1206 2244 1307 2325 inquit,
1326 2249 1436 2327 repant
1454 2263 1511 2323 pra

119 2363 149 2419 te
172 2363 288 2418 utnon
309 2350 436 2435 defient
451 2350 535 2433 fider
556 2357 628 2427 tua,·
661 2358 695 2414 tu
718 2371 836 2431 quoque
856 2352 899 2414 ad
909 2350 1037 2436 fratrea
1059 2373 1228 2416 conuersus
1250 2351 1320 2416 atton
1343 2352 1511 2435 aliquando

117 2486 173 2529 coa
200 2485 276 2527 rann.
320 2462 407 2526 Fides
429 2462 517 2544 igitur
536 2459 629 2540 Petri,
666 2469 768 2524 orante
790 2460 919 2541 Christo,
955 2469 1136 2543 consequuta
1159 2469 1218 2542 est,
1241 2471 1276 2524 at
1297 2483 1404 2525 norma
1427 2472 1511 2527 earet

15 2592 17 2651 ς
118 2571 296 2662 infallibilia
325 2569 518 2656 eaanpaltcac
543 2576 694 2633 veritatis.
737 2569 871 2634 Officium
899 2578 996 2635 autem
1021 2579 1116 2634 senet
1141 2571 1331 2653 subiiciendi,
1366 2591 1511 2656 suamque

95 2683 207 2747 ‘iidem
236 2680 274 2746 ad
303 2679 484 2745 infallibilem
513 2697 646 2743 nmmum
660 2681 690 2714 ⁶⁸
709 2679 867 2762 exigendi,
904 2699 943 2744 ex
969 2682 1040 2764 ipsis
1067 2678 1167 2746 rerum
1197 2683 1307 2746 naturis
1332 2690 1512 2746 necessario

119 2800 279 2877 permanat.
324 2792 477 2855 Rationem
499 2790 589 2874 igitur
617 2790 762 2854 ecclesiae
792 2809 863 2854 suae
893 2792 931 2853 ita
953 2790 1085 2854 Christus
1113 2791 1269 2874 disposuit,
1306 2799 1337 2854 ut
1370 2799 1512 2873 quotquot

119 2903 207 2967 futuri
231 2908 315 2965 erunt
335 2900 439 2964 fideles
459 2899 547 2964 tidem
568 2917 667 2980 sunm,
704 2921 808 2963 rerum
829 2901 863 2964 id
881 2908 996 2963 aratura
1015 2897 1199 2986 stapilante,
1226 2900 1263 2964 od
1284 2900 1372 2965 fidem
1393 2901 1510 2984 praedi·

120 3014 326 3094 nationemque
345 3010 423 3074 Petri
445 3017 666 3092 componerent.
710 3009 808 3085 Quare
831 3011 864 3073 V.
885 3004 1027 3087 ἐξουσία,
1057 3012 1250 3093 propriusque
1271 3011 1348 3074 Petri
1369 3012 1509 3093 primatus

120 3119 236 3202 duplici
255 3126 438 3185 conuinciiin
458 3117 547 3182 titulo
569 3120 727 3200 stabilitur,
756 3120 838 3182 titulo
858 3127 988 3182 autento
1009 3126 1179 3197 missionis,
1207 3120 1322 3205 quibis
1345 3123 1511 3185 continetur

120 3231 220 3296 verbis
244 3227 361 3294 clanii
383 3226 585 3314 lepirlatoria,
621 3228 674 3292 καὶ
703 3226 743 3292 σύ
770 3250 845 3292 noae
874 3234 1064 3309 ἐπιστριψσις
1086 3228 1232 3310 στήριξον
1252 3229 1325 3305 τούς
1347 3227 1510 3318 ἀδείιρούς

15 3338 17 3373 ²
120 3362 196 3406 ooo:
232 3340 313 3404 tilulo
340 3338 447 3403 deinde
474 3344 593 3401 aterno
622 3336 794 3424 aiupularia
820 3337 1032 3415 annuncio,
1069 3358 1157 3422 quern
1188 3337 1332 3403 Cbristua
1362 3341 1511 3407 donorum

121 3456 257 3515 amnium
278 3447 409 3533 iarpitar
430 3448 577 3530 expressit
597 3449 745 3531 inquiens,
767 3446 832 3530 lyei
854 3445 890 3512 δὲ
911 3447 1049 3526 ἐδεήθην
1069 3449 1140 3531 περὶ
1162 3452 1231 3524 σοῦ,
1253 3450 1305 3512 lun
1326 3443 1369 3532 μη
1386 3451 1510 3537 ἐκλείπῃ

120 3558 264 3638 ήσίστις
285 3577 353 3623 σου.

229 3669 326 3751 Atque
346 3666 423 3732 haec
443 3684 566 3749 prorsus
587 3668 684 3731 omnia
706 3667 753 3731 vt
782 3668 930 3751 complexi
951 3667 1021 3731 mihi
1043 3669 1263 3732 accuratissime
1288 3669 1424 3733 videntur
1445 3671 1510 3737 Ste-

122 3778 236 3862 pbanns
264 3776 400 3841 dorensis
421 3776 554 3859 antistes,
573 3782 604 3839 et
624 3777 798 3843 'lbeodonrs
819 3778 940 3858 studita,
967 3796 1090 3860 quorum
1112 3780 1193 3861 prior
1213 3780 1243 3842 in
1265 3778 1364 3842 libello
1389 3780 1511 3863 supplici

123 3907 212 3971 quem
230 3886 355 3951 blartino
374 3885 396 3948 l.
419 3886 450 3949 in
471 3885 638 3951 Seeretario
659 3888 751 3952 altero
772 3888 965 3953 lateranensis
986 3887 1091 3970 synodi
1119 3887 1236 3970 obtulit,
1272 3906 1354 3952 suam
1385 3889 1423 3953 de
1452 3890 1511 3973 pri·

122 4005 202 4061 matu
222 3996 299 4059 Petn'
317 3994 405 4059 idem
427 3994 533 4075 edidit,
563 3998 716 4079 inquiens:
751 3997 880 4078 „Beams
902 3998 1003 4061 Petrus
1022 4004 1186 4078 ρνσνσίριισ
1209 4017 1245 4061 ac
1265 3997 1441 4079 specialiter
1462 4000 1511 4063 lir-

123 4125 201 4170 mam
228 4125 300 4189 prae
327 4106 463 4171 omnibus
491 4104 605 4171 habers
631 4109 662 4172 in
683 4107 838 4171 Dominum
860 4105 953 4169 licum
976 4113 1107 4170 nostrum
1129 4114 1158 4169 et
1179 4108 1390 4174 immutabilem
1411 4109 1509 4193 fidem,

123 4223 298 4280 convertere
332 4215 488 4298 aliquando
524 4222 554 4278 et
589 4217 763 4282 condunare
799 4218 964 4300 exagitatos
994 4224 1148 4281 consortes
1188 4234 1259 4281 suos
1295 4227 1324 4282 et
1363 4222 1510 4304 spiritales

124 4327 232 4391 meruit
251 4325 376 4408 iratres3
411 4332 511 4407 utpote
539 4327 752 4411 olaouoptxoip
782 4348 875 4409 super
903 4348 1007 4390 amnes
1036 4326 1159 4409 abipso
1182 4329 1231 4411 qui
1252 4337 1372 4411 propter
1392 4349 1448 4394 nos
1469 4332 1511 4394 in-

125 4443 261 4501 carnatus
281 4443 327 4500 est
346 4434 435 4515 Deus,
455 4444 637 4516 potestatem
658 4444 809 4518 accipiens
831 4446 862 4503 et
883 4435 1108 4501 ισσινιίσίσίσιιι
1129 4440 1376 4502 auctoritatem.“
1412 4440 1509 4505 uteo-

125 4547 215 4611 dorus
235 4563 309 4609 uero
330 4545 501 4610 Pascbalem
522 4546 543 4610 l.
567 4566 627 4610 non
655 4567 743 4612 secus
771 4567 806 4611 ac
826 4548 941 4612 Petrum
971 4549 1105 4629 ipsum”
1139 4546 1308 4630 alloquens,
1346 4549 1509 4613 scribebat:

188 4734 236 4810 ιι)
254 4750 280 4790 η.
301 4732 369 4791 2⁰3·
449 4763 450 4767 =
842 4736 922 4811 bilis,
943 4753 992 4812 par
1012 4751 1065 4794 non
1086 4742 1128 4794 est
1146 4736 1223 4811 lidei,
1245 4737 1284 4793 uti
1304 4741 1425 4811 oportet,
1446 4751 1510 4810 pro-

842 4843 991 4921 ponendae.

191 4942 237 5018 ⁸⁸)
256 4942 353 5003 boma
379 4945 450 5003 enim
475 4959 544 5018 qaae
567 4959 621 5003 non
641 4945 678 5004 sit
696 4945 794 5006 iantti-
905 4949 951 5027 ⁶⁹)
985 4949 1064 5024 Quod
1096 4948 1212 5024 antiquit
1242 4945 1363 5026 patribus
1390 4951 1434 5007 uti
1460 4963 1510 5008 11111
