3324 5382
178 267 241 334 582
664 266 796 335 musti
837 266 1072 338 SECUNDUS

175 439 382 522 Hieronymus,
405 437 528 503 dum¹⁸⁴
550 436 762 503 hasbanicum
783 439 1014 523 interrogatione
1033 438 1181 522 pamellit:
1218 439 1341 522 „Fidem
1371 458 1457 505 suam
1476 459 1568 525 quem

175 547 282 614 vocati
304 566 410 612 eamne
430 565 488 629 qua
509 567 638 610 romana
657 548 748 629 pollet
769 548 907 629 ecelesia,
928 570 966 614 an
989 549 1037 613 iila
1058 567 1135 632 quae
1158 550 1188 612 in
1208 548 1348 632 origenis
1366 549 1568 614 voluminibus

177 653 365 722 contineturi
387 656 413 719 si
435 676 594 720 ronanam
613 658 814 739 responderit,
843 678 915 742 erpo
935 656 1076 722 catholici
1097 661 1229 722 sumus“
1270 657 1366 723 Docet
1386 660 1567 742 amplissima

177 767 426 850 disputatione¹³⁸
449 764 578 847 Optatus,
601 767 651 847 qui
670 768 909 831 commemoratis
933 769 1061 850 quinque
1082 767 1229 832 ecciesiae
1250 768 1375 849 dotibus,
1397 788 1434 832 ac
1455 771 1568 835 unium

175 875 333 939 cathedrae
361 876 460 957 priore
488 874 555 937 loco
583 878 744 954 recensita,
780 877 883 941 insert:
918 876 1020 959 „Eme
1050 876 1189 941 cathedra
1215 885 1309 941 antea
1322 880 1378 957 ¹⁸⁸,
1413 895 1493 960 puae
1520 886 1569 942 est

174 987 267 1068 prime
283 985 321 1047 dc
336 983 460 1064 dotibus,
475 984 551 1048 sedit
565 985 645 1067 prior
659 985 770 1066 Petras,
792 987 839 1048 cui
853 987 998 1049 successit
1009 985 1114 1051 Linus.
1127 1033 1134 1049 .
1148 1034 1171 1067 .,
1186 985 1313 1052 Demeso
1328 987 1450 1052 siricius
1465 987 1567 1069 hodie,

176 1096 226 1177 qui
247 1101 349 1159 noster
368 1100 414 1158 cst
433 1096 547 1175 socius,
584 1115 654 1158 eunt
681 1116 741 1175 paco
768 1095 853 1158 nobis
883 1104 966 1159 tatus
991 1093 1074 1159 ardis
1101 1098 1283 1160 commercio
1312 1096 1503 1161 tormamrum
1531 1106 1566 1161 tn

175 1226 240 1271 nna
259 1212 477 1269 commentante
497 1211 645 1269 acenteta
666 1205 861 1269 concordat.“
902 1204 947 1268 Ne
974 1223 1061 1287 quum
1090 1223 1162 1269 vero
1189 1204 1327 1269 elabendi
1347 1209 1452 1271 rimam
1474 1207 1569 1271 dona-

175 1317 251 1378 tistis
272 1323 402 1398 apertam
422 1314 584 1396 relinquat,
605 1313 781 1394 uterumque
801 1321 919 1378 coebum
940 1332 1001 1377 non
1022 1316 1118 1378 minus
1139 1314 1298 1379 cathedrae
1318 1318 1443 1396 unitate,
1475 1334 1567 1399 mam

177 1425 291 1489 dotibus
311 1425 433 1508 reliquis
455 1442 559 1488 carere
580 1422 730 1505 ostendnt3
752 1432 853 1487 monet
871 1423 946 1505 „has
966 1424 1005 1488 ita
1025 1424 1081 1487 sibi
1095 1442 1246 1490 connexas
1260 1433 1290 1490 et
1305 1425 1469 1490 individuas
1483 1444 1565 1506 esse,

175 1544 207 1599 ut
228 1535 403 1618 intedigatur
423 1551 482 1597 una
501 1532 539 1597 ab
559 1532 651 1596 altera
673 1534 803 1615 separari
824 1551 884 1598 non
903 1552 1001 1616 posse.
1035 1533 1150 1598 Etenim
1172 1543 1365 1600 numerantur
1384 1538 1415 1598 in
1433 1537 1566 1615 nomine,

177 1647 231 1710 sed
252 1662 312 1709 uno
332 1642 484 1708 intellectu
504 1659 558 1705 suo
580 1643 740 1725 iunguntur
762 1645 793 1706 in
815 1662 958 1725 corpore:
981 1651 1014 1706 ut
1034 1645 1064 1705 in
1085 1662 1173 1708 manu
1193 1645 1286 1728 digiti,
1308 1663 1385 1728 quos
1405 1646 1570 1711 intemhia

175 1755 309 1839 singulos
329 1754 462 1818 videmus
484 1770 553 1816 esse
574 1750 736 1817 distinctos.
779 1753 862 1817 Unde
882 1754 931 1836 qui
953 1760 1036 1816 tenet
1062 1771 1167 1834 ιιιιιιιι,
1203 1762 1279 1818 ιοιοι
1312 1763 1411 1818 teneat
1436 1773 1570 1819 necesse

175 1874 235 1948 cst,
271 1883 338 1929 cum
363 1862 565 1945 unusquisque
593 1881 610 1925 a
637 1862 754 1944 paribus
775 1842 913 1946 ⁴separari
941 1881 1001 1926 non
1029 1865 1129 1945 possit
1172 1863 1257 1928 Adde
1289 1863 1368 1947 quod
1395 1882 1457 1930 uon
1476 1883 1569 1928 unam

174 1976 287 2055 solum,
326 1974 381 2038 sed
401 1990 506 2036 omnes
523 1972 642 2054 proprie
662 1972 856 2054 possidemus.
899 1972 990 2055 igitur
1011 1972 1048 2036 dc
1070 1972 1186 2037 dotibus
1207 1992 1295 2056 supra
1317 1973 1403 2036 dictis
1424 1972 1570 2039 cathedra

176 2094 222 2151 esi
241 2086 349 2167 prime,
369 2104 461 2164 mnam
478 2078 676 2162 proiectam
694 2103 751 2162 per
772 2079 904 2145 Petrum
924 2089 1063 2145 noctram
1083 2085 1188 2161 esse,“
1219 2100 1358 2165 quaeque
1380 2091 1500 2147 ceteras
1523 2085 1569 2147 in·
1645 2062 1646 2079 χ

175 2195 264 2259 cludit
285 2202 372 2276 atque
394 2192 605 2275 complectitur
641 2190 710 2256 Post
724 2209 800 2275 quaa
814 2193 948 2256 oratione
962 2191 1000 2254 ad
1015 2191 1174 2256 donatistas
1188 2210 1351 2258 conversa:
1374 2191 1566 2276 „tntchigite

176 2306 290 2382 clamet,
311 2302 460 2383 velsero,
487 2319 541 2365 vos
562 2319 632 2365 esse
652 2299 727 2364 tilios
748 2302 868 2384 impios,
897 2320 951 2366 vas
973 2320 1042 2365 esse
1063 2318 1163 2365 mmos
1182 2301 1291 2366 fractos
1312 2303 1349 2367 ab
1369 2304 1489 2385 arbore,
1511 2320 1569 2367 vos

177 2431 246 2477 esse
266 2412 417 2477 abscissos
437 2410 572 2494 palmites
593 2428 612 2473 a
631 2408 708 2490 vite,
743 2428 798 2474 vos
819 2429 889 2474 esse
910 2412 1006 2474 riuum
1031 2412 1182 2475 concisum
1209 2430 1226 2475 a
1256 2410 1346 2476 sonte
1389 2411 1458 2475 Non
1484 2415 1568 2476 enim

176 2529 358 2604 potestesse
377 2521 463 2603 origo
484 2522 574 2600 naus,
596 2521 664 2601 quia
686 2538 794 2602 parvus
814 2529 861 2585 est
882 2529 912 2584 et
932 2537 990 2583 non
1012 2519 1049 2583 de
1063 2521 1257 2584 sunamitin:
1278 2529 1329 2585 aut
1346 2521 1436 2584 arbor
1449 2539 1468 2584 a
1481 2538 1569 2585 mmo

176 2631 300 2713 concidi,
323 2648 413 2713 quum
434 2630 523 2695 arbor
545 2629 663 2693 bundate
684 2632 746 2693 suis
767 2629 915 2693 radicibus
935 2629 1072 2712 gaudeat,
1095 2636 1125 2693 ct
1145 2648 1245 2694 remus
1266 2632 1292 2694 si
1311 2629 1400 2693 suerit
1413 2638 1568 2712 exsectus,

177 2749 302 2806 arescat
344 2742 449 2806 Jamne
471 2740 570 2820 vides,
601 2738 692 2802 irater
711 2737 920 2821 Parmenione,
956 2741 1053 2803 iamne
1074 2740 1185 2823 sentis,
1223 2741 1321 2804 iamne
1342 2739 1500 2822 intelligis,
1539 2749 1571 2803 te

177 2854 359 2936 argumentis
380 2851 438 2915 tuis
459 2858 561 2913 conus
582 2857 610 2912 te
632 2845 796 2912 militasset
831 2866 899 2913 curn
925 2850 1080 2931 probatum
1107 2856 1168 2930 est,
1202 2867 1258 2913 nos
1285 2868 1355 2914 esse
1382 2851 1413 2913 in
1434 2849 1569 2913 ecclesia

177 2970 278 3027 sancte
301 2960 460 3041 catholica,
496 2958 572 3043 apud
593 2975 667 3040 quos
689 2966 719 3023 et
738 2959 903 3043 symbolum
926 2958 1072 3022 Trinitatis
1086 2960 1128 2993 ¹³²
1154 2967 1213 3024 eet:
1248 2967 1279 3023 et
1302 2978 1359 3040 per
1386 2957 1570 3023 embedm

181 3070 279 3150 Petri,
301 3090 378 3154 quae
401 3077 502 3134 nostra
523 3075 578 3148 est,
600 3076 630 3131 et
647 3087 704 3149 per
722 3076 824 3149 ιριιιιι
844 3078 964 3133 cerem
986 3068 1070 3132 aaa
1086 3071 1130 3103 ¹⁸⁸
1154 3069 1230 3151 apud
1251 3085 1306 3134 uos
1326 3069 1428 3133 esse“

286 3186 355 3245 162.
398 3179 503 3261 Neque
524 3178 588 3242 beri
609 3196 683 3241 sane
702 3180 807 3260 potuit,
829 3186 862 3241 ut
882 3178 921 3241 de
942 3179 1066 3260 primatu
1086 3177 1173 3259 Peui,
1195 3180 1293 3262 deque
1313 3180 1408 3243 insibs
1429 3179 1567 3243 eoadem

177 3290 287 3354 ituibus
315 3290 399 3353 aliter
426 3288 650 3369 arbitrarentur,
686 3288 792 3370 quibus
822 3294 935 3350 certum
963 3286 1203 3371 exploratumque
1232 3297 1311 3369 erat,
1347 3287 1460 3352 idcirco
1486 3296 1568 3351 buter

178 3400 336 3465 dtaodecim
354 3419 452 3463 annet
474 3395 606 3461 Petram
620 3396 730 3483 fictam
749 3395 917 3479 deiectam,
937 3404 973 3460 at
991 3404 1093 3478 captia
1112 3405 1294 3479 nmaidein,
1316 3397 1567 3480 quamadmodum
1643 3416 1644 3433 ¹

243 3635 303 3712 ¹⁸⁴)
325 3634 391 3690 Con.
412 3632 495 3688 naun.
515 3630 564 3688 tib.
578 3630 599 3688 Ι.
619 3647 646 3688 n.
659 3631 688 3687 4.
705 3646 708 3651 ’
894 3630 1053 3705 simpliciter
1071 3632 1195 3705 accipere
1208 3646 1258 3705 pro
1272 3631 1325 3688 hdo
1338 3647 1371 3687 ac
1383 3630 1565 3705 pmteatme,

242 3774 302 3849 ΙΝ)
332 3774 399 3830 con.
429 3773 548 3830 ramea.
578 3771 627 3828 na.
647 3769 680 3829 n.
711 3787 775 3844 pag.
795 3769 843 3826 ιι.
894 3743 924 3793 '¹²
953 3737 1102 3813 ’ΜΝ
1132 3738 1275 3795 'tm‘
1305 3737 1372 3793 ”iffi
1403 3737 1479 3794 ’Μ
1509 3740 1566 3811 an,

179 3882 244 3938 edit.
264 3881 348 3937 amn,
371 3879 458 3937 ωτι,
893 3859 970 3915 quan
991 3844 1063 3918 qued
1084 3844 1180 3901 Victor
1206 3844 1336 3901 nuceam
1360 3841 1407 3899 tib.
1421 3842 1455 3898 11.
1479 3844 1567 3914 ua

803 4019 809 4031 ,
893 3951 1031 4026 meorum
1053 3951 1196 4007 Trinitatis
1216 3949 1339 4023 appodiat
1379 3948 1472 4022 Νοᾳιιι
1491 3950 1565 4006 ratis

242 4021 301 4094 1η)
334 4019 561 4087 Quemadmodum
593 4019 681 4075 anian
707 4017 843 4089 materna,
893 4064 936 4113 m
960 4057 1107 4133 impedita,
1140 4074 1219 4131 qm
1244 4055 1412 4129 molum,
1445 4055 1565 4129 nm

178 4134 257 4199 atque
277 4128 377 4184 ιιίιιιι
396 4129 580 4201 apmcapatnr,
601 4127 702 4182 unitate
722 4124 844 4181 nimirum

176 4234 314 4307 principii,
335 4233 449 4303 originis
470 4240 547 4305 atque
567 4235 661 4289 acutri.
894 4275 923 4326 up
947 4285 1097 4343 ⁸i¹¹⁰¹¹i¹⁰⁸
1129 4271 1332 4343 ,mmm
1379 4268 1424 4326 D,
1447 4269 1510 4340 μ,
1536 4274 1565 4325 a

244 4370 303 4445 ¹³⁷)
322 4370 438 4429 Dubium
453 4379 630 4448 essepotest,
648 4335 845 4448 'mquidem
892 4376 1013 4452 mandato
1039 4393 1070 4433 se
1096 4377 1247 4452 disputem
1273 4376 1368 4434 scribit
1393 4375 1561 4449 Augustius

177 4484 257 4534 vocet
280 4478 341 4534 heic
365 4479 535 4551 mysterium,
560 4477 752 4551 utaliquando
773 4493 846 4550 sym-
893 4484 1008 4541 Reuact.
1035 4482 1121 4540 lib.1.
1149 4500 1207 4557 cap.
1221 4482 1311 4557 xvii,
1338 4500 1389 4540 nec
1414 4482 1493 4540 atita
1517 4481 1565 4539 ffii

178 4583 266 4640 bolico
286 4589 314 4640 ιι
334 4585 445 4656 mystica
466 4586 675 4662 contundentem
699 4600 731 4641 m
751 4585 843 4658 potius
892 4589 1042 4663 loquuntur.

178 4690 374 4763 synecdochice
404 4697 449 4748 aut
477 4687 538 4749 κατ’
570 4683 668 4768 ἐξοχὴν
695 4692 733 4749 ita
763 4697 845 4748 roret
956 4695 1016 4770 ¹¹⁸)
1035 4694 1088 4753 Ubi
1107 4696 1180 4751 euim
1201 4693 1327 4753 cathedra
1346 4701 1389 4751 est
1408 4694 1495 4770 Petri,
1521 4692 1561 4751 itt
1639 4766 1640 4769 Ἴ

178 4797 361 4871 apostoloru-
377 4798 537 4874 symbolam,
559 4799 621 4871 quia
636 4798 774 4856 trinitatis
787 4814 845 4870 my·
892 4802 1007 4859 ccclesia
1033 4807 1076 4857 eet
1102 4818 1184 4876 super
1203 4801 1307 4858 Petrum
1335 4800 1495 4875 aedificem
1518 4800 1562 4856 ai-

176 4907 286 4961 sterium
306 4909 475 4980 praecipuum
496 4912 538 4963 est
559 4905 678 4963 eiusdem
704 4922 844 4977 argumen-
892 4909 986 4965 mirum
1006 4924 1070 4963 vera
1091 4913 1134 4964 est
1154 4907 1284 4980 ecclesia,
1305 4924 1373 4982 quac
1393 4923 1445 4965 aaa
1466 4912 1559 4981 potest

176 5014 239 5065 tam.
287 5010 374 5066 narra
402 5018 505 5087 tanen,
541 5014 627 5086 iuquit
653 5010 843 5090 cmuubonua,
892 5016 986 5073 escis
1006 5014 1115 5073 dotibus
1135 5014 1250 5086 serenat.

893 4179 995 4220 summa
1016 4163 1070 4219 sibi
1090 4164 1278 4239 responderat-
1320 4163 1395 4221 Unda
1410 4176 1465 4218 uon
1480 4161 1564 4219 mmet
1641 4198 1642 4205 ι
