3358 5400
604 331 751 401 carot·
792 333 917 400 xxiv.
1385 332 1447 397 ¹⁴8

85 519 140 583 que
159 500 312 565 Barnabam
333 501 410 565 Petri
433 499 679 585 οογκοτάβοιοιν,
700 502 900 584 libertatisque
922 500 1181 565 dissimulationem
1201 503 1355 565 imitantes.
1387 501 1447 567 Sed

85 628 174 674 nonne
192 611 234 675 fas
254 618 318 675 erat
338 610 425 674 Petro
446 612 510 675 sive
530 610 671 687 ἐθνικῶς
699 614 762 677 sive
784 609 957 684 ὶοοδοϊκώς
984 630 1038 693 pro
1060 613 1178 692 optione
1198 607 1322 673 viveref
1349 627 1447 673 nonne

84 722 153 783 inter
166 721 223 784 eius
242 720 345 784 faudes
361 722 514 785 recenseri
527 721 635 803 debuit,
659 722 737 803 quod
758 720 931 796 1οοόοιῖκώς
949 722 1147 802 potiusquam
1166 718 1304 795 ἐθνικῶς
1324 721 1446 801 νὶνονοι,

82 848 119 893 ee
137 831 169 892 iis
188 832 234 912 qui
253 835 290 894 ta
310 832 477 912 περιτομῆς
498 838 589 911 erant,
611 828 782 894 offensionis
803 848 903 894 ansam
925 826 1104 910 praeberet?
1123 837 1191 893 sunt
1210 830 1286 894 baec
1306 829 1382 893 adeo
1403 829 1446 892 lu·

81 937 186 1004 rutente
204 948 235 1003 ut
255 941 380 1005 concedi
402 941 439 1006 ab
461 941 596 1005 ominibus
616 942 786 1005 neoessano
809 938 944 1003 debeant.

175 1055 243 1113 stt.
285 1050 375 1131 Atqtd
404 1068 463 1114 non
491 1053 586 1115 minus
610 1049 743 1114 concedi
762 1049 798 1113 ab
826 1049 960 1112 omnibus
988 1049 1091 1130 debet,
1118 1049 1234 1113 Petrum
1262 1058 1293 1113 et
1312 1050 1361 1132 qui
1382 1050 1446 1113 eius

3 1166 5 1193 ³
78 1157 252 1223 imitabantur
279 1155 459 1241 ὑπόκρισιν,
487 1160 566 1224 baud
590 1157 702 1242 ὀρθῶς
723 1158 889 1223 ambulasse
919 1159 998 1239 πρὸς
1019 1160 1073 1237 nic
1094 1155 1253 1237 ἀλήθειαν
1278 1161 1334 1222 τοῦ
1354 1157 1447 1241 εὐοικ-

74 1265 181 1347 yailon.
223 1267 318 1342 Quum
339 1271 429 1351 igitar
450 1269 597 1348 defectus,
625 1268 924 1350 reprehensionisque
951 1287 1055 1332 caussa
1082 1290 1181 1349 neque
1201 1291 1243 1332 ea
1266 1275 1361 1334 amat
1377 1289 1446 1349 pre

3 1406 5 1427 ι
72 1385 179 1456 postte,
192 1450 195 1459 .
208 1400 309 1460 nequa
329 1401 371 1441 em
391 1369 458 1459 ipro
474 1400 562 1458 opere
578 1379 620 1412 ¹⁸⁶
646 1379 760 1442 desumi
780 1380 885 1460 possit,
914 1378 1058 1460 reliquum
1080 1387 1126 1442 est
1145 1386 1176 1441 ut
1196 1378 1274 1441 unde
1297 1397 1333 1443 ea
1352 1379 1446 1461 repeti

73 1487 186 1568 debeat,
207 1490 410 1572 bruestigetur.
453 1487 531 1551 Nibil
552 1497 649 1552 antem
670 1496 826 1572 praeterea
846 1496 980 1571 superest
1002 1506 1088 1570 qrram
1110 1488 1266 1570 propositi,
1289 1488 1446 1570 operisque

72 1606 206 1675 amiur,
233 1600 284 1681 qui
305 1597 377 1662 alius
398 1599 434 1661 ab
456 1617 494 1662 eo
515 1597 603 1662 fuerit
629 1616 717 1679 quem
738 1598 793 1662 sibi
815 1598 915 1662 Petrus
935 1600 1154 1681 praestituerat,
1184 1600 1292 1680 quique
1315 1600 1345 1661 in
1364 1597 1445 1661 dam·

72 1725 136 1770 uuna
158 1709 352 1792 evangelicae
378 1708 518 1773 libertatis
540 1707 649 1773 cedere
676 1726 765 1790 posse
786 1708 942 1772 videretur.
986 1707 1104 1774 Scilicet
1124 1707 1182 1771 hoo
1203 1727 1292 1771 unum
1315 1707 1353 1769 ob
1375 1724 1446 1770 ocu·

71 1815 114 1880 los
133 1816 276 1882 babuerat
295 1817 411 1911 Ιζοιηιο,
433 1827 464 1882 ut
484 1818 609 1883 honesta
630 1826 733 1899 suapte
753 1825 855 1882 natma
875 1821 1048 1882 oeconomia
1069 1820 1257 1882 circumcisos
1278 1816 1381 1880 fideles
1403 1816 1445 1879 le·

70 1928 156 2008 niret,
185 1928 302 2010 illisque
329 1936 449 2011 paterna
476 1930 682 1993 benevolentia
709 1928 900 1993 satisfaceret
942 1926 1002 1993 Sed
1027 1927 1111 1991 aliter
1130 1946 1165 1991 ac
1191 1928 1255 2009 ipse
1276 1927 1372 1989 animo
1394 1924 1445 1989 de·

69 2036 229 2118 signasset,
262 2046 428 2120 susceptam
451 2041 652 2122 οἰκονομίαν,
682 2047 891 2122 paternamque
919 2033 1155 2119 σογκατάβοισιν
1181 2037 1359 2119 interpretati
1380 2042 1447 2100 sunt

71 2163 134 2210 eum
153 2148 262 2230 reliqui
283 2148 388 2228 iudaei,
411 2157 471 2212 tum
491 2152 618 2232 ipsemet
637 2148 795 2229 Barnabas,
818 2148 867 2230 qui
889 2168 928 2211 ex
950 2167 985 2211 ea
1007 2145 1166 2210 deduxisse
1187 2147 1243 2209 visi
1265 2153 1341 2229 sunt
1362 2143 1446 2208 nefus

3 2330 4 2349 χ
71 2274 139 2320 esse
157 2256 300 2332 ἐθνικῶς
321 2259 439 2339 vivere,
468 2260 608 2342 ipsasque
637 2265 743 2342 gentes
771 2258 892 2322 iudaicis
914 2258 1050 2321 institutis
1070 2256 1174 2321 subiici
1195 2263 1340 2338 oportere.
1382 2254 1446 2317 llos

71 2368 214 2449 estquod
236 2385 332 2432 nexus
350 2368 486 2449 mutare
508 2370 647 2433 orationis
669 2367 866 2450 demonstrat,
888 2367 946 2431 boc
968 2366 1047 2449 quod
1068 2366 1286 2450 anteoedentia,
1308 2368 1447 2431 comun-

69 2475 107 2538 lia
129 2485 159 2539 et
179 2479 335 2560 sequentia
357 2480 541 2560 persuadent
584 2480 680 2554 Quare
700 2478 777 2543 Petri
799 2478 898 2560 culpa,
920 2479 946 2541 si
967 2496 1043 2559 quae
1061 2481 1101 2512 ¹⁵⁷
1125 2477 1190 2556 brit,
1213 2485 1377 2560 mutaque
1399 2478 1447 2541 illa

70 2582 135 2667 fuit,
167 2586 226 2650 buc
248 2589 339 2653 redit:
369 2590 447 2672 quod
466 2608 556 2672 quum
575 2590 741 2654 rectissima
766 2596 865 2651 mente
893 2587 922 2650 id
950 2589 1047 2669 egerit
1074 2587 1153 2669 quod
1171 2588 1252 2651 nullo
1273 2590 1338 2651 iure
1358 2590 1447 2651 iater-

3 2680 5 2693 ⁴
69 2678 226 2779 dicebatur,
248 2720 309 2762 aon
332 2709 412 2763 satta
431 2701 605 2781 providerit,
628 2699 698 2782 quid
718 2699 782 2778 alii,
805 2715 892 2761 secus
913 2714 948 2759 ao
968 2697 1033 2778 ipse
1053 2696 1152 2775 vellet,
1176 2704 1206 2758 et
1224 2704 1343 2778 praeter
1364 2699 1448 2760 oiso-

70 2806 181 2888 νομίον
202 2810 251 2871 cui
272 2808 495 2891 obsequendum
515 2828 584 2875 esse
609 2809 783 2889 crediderat,
805 2816 908 2869 essent
927 2808 998 2870 inde
1018 2807 1190 2870 deducturi.
1234 2806 1342 2879 llerum
1364 2805 1446 2888 culpa

70 2932 106 2976 ne
125 2915 201 2979 baec
224 2925 285 3001 est,
308 2921 392 3001 siqua
411 2928 510 2985 tamen
530 2930 592 3001 est,
621 2927 741 3003 propter
762 2937 848 3001 mam
869 2917 971 2980 Petrus
992 2925 1042 2981 aut
1062 2917 1225 3001 dopmutict
1246 2922 1362 2978 οικονίο
1385 2934 1447 2978 me·

69 3025 121 3086 rito
143 3036 315 3111 accusetur,
346 3037 395 3093 aut
416 3049 552 3113 suprema
574 3031 706 3094 errasse
727 3030 898 3092 auctoritate
920 3022 1098 3091 censeatur?
1128 3026 1250 3088 iniurius
1269 3026 1299 3088 in
1319 3024 1447 3087 lectores

70 3153 182 3220 essem,
207 3140 233 3202 si
254 3157 356 3221 puram
377 3148 534 3224 putamque
556 3140 729 3204 calumniam
750 3136 983 3220 argumentando
1004 3136 1181 3199 refeberem.

174 3254 246 3311 318.
287 3249 327 3312 At
347 3250 451 3313 Paulus
473 3250 553 3314 illum
574 3249 778 3333 reprehendit,
808 3256 838 3311 et
859 3245 1044 3328 ἔμπροσθεν
1064 3243 1192 3310 πάντων
1213 3244 1446 3309 commonefecit

68 3354 155 3429 Quasi
183 3376 258 3422 vero
286 3358 316 3422 id
348 3378 407 3443 ego
435 3378 561 3443 negem,
590 3367 639 3424 aut
666 3361 898 3442 quesissemus
928 3365 1064 3420 amente
1086 3355 1204 3439 quidem
1231 3363 1260 3419 et
1282 3354 1448 3439 οὶκονομ1ο

68 3462 142 3530 Petri
161 3469 375 3550 alienissimus,
401 3492 458 3550 per
477 3493 512 3533 se
533 3480 634 3535 tamen
654 3475 784 3544 nemius,
811 3474 922 3547 quique
942 3474 974 3530 in
994 3465 1189 3550 eccnpelicoe
1209 3463 1361 3530 libertatis
1380 3485 1447 3545 per·

67 3582 179 3642 ιιίοἰονι
201 3577 284 3642 trebi
301 3589 413 3660 posset,
435 3600 488 3662 par
509 3600 568 3645 non
587 3580 691 3652 fuisset
711 3588 742 3645 ut
761 3578 867 3643 Paulus
886 3576 1040 3640 consilium
1061 3578 1147 3640 iniret
1169 3576 1448 3659 commonendinPe·

68 3689 119 3769 tri,
140 3689 303 3771 initumque
325 3699 544 3773 exsequeretur.
587 3690 659 3753 lbud
680 3692 772 3754 miror
791 3708 851 3753 non
874 3687 1036 3752 advertisse
1057 3694 1251 3769 protestantes
1273 3705 1332 3769 quo
1353 3694 1447 3769 pacto,

3 3778 4 3783 ἵ
68 3814 162 3877 quave
183 3800 298 3861 ratione
319 3798 423 3863 Paulus
443 3801 582 3864 restiterit
602 3799 703 3883 Petro,
725 3800 865 3881 illumque
886 3798 1154 3862 commonefecerit
1195 3797 1244 3862 An
1262 3796 1303 3860 illi
1325 3798 1448 3882 doymo

68 3913 163 3970 ticum
191 3927 339 3985 morem,
359 3907 572 3991 fallacemque
597 3912 857 3991 praedicationem
884 3905 1013 3973 obiecitf
1045 3907 1183 3970 anillam
1204 3927 1257 3972 sua
1278 3911 1448 3973 auctoritate

68 4015 104 4077 ad
124 4015 255 4080 officium
276 4015 447 4081 revocavit?
477 4022 654 4103 accipiantur
673 4021 818 4102 ipsissima
839 4019 917 4083 Pauli
933 4023 975 4054 ¹⁵⁸
1000 4018 1105 4082 rerba:
1151 4017 1194 4082 lsi
1219 4015 1277 4095 ori,
1305 4018 1448 4117 ἰονδοζος

68 4122 237 4209 ὑπάρχων,
261 4125 401 4202 ἐθνικῶς
423 4126 477 4212 ζῇς
498 4128 552 4192 καὶ
573 4124 632 4191 οὐκ
654 4127 835 4206 ὶοοδιιῖκοῖς,
855 4131 884 4192 tf
898 4124 938 4193 τοὶ
953 4127 1035 4205 ἔθνη
1051 4127 1241 4209 ἀναγκάζεις
1263 4127 1449 4205 ἰουδαΐζιινς

66 4242 96 4296 aa
123 4243 158 4299 tu
188 4242 270 4317 ipae,
308 4244 360 4318 qut
396 4238 526 4301 taddeus
557 4236 719 4315 Ιὶοι1,οι’κ,
752 4261 814 4302 non
844 4260 887 4303 em
914 4238 1016 4323 lepram
1049 4239 1245 4301 iudaeorum
1271 4246 1448 4313 nemone,

68 4345 126 4408 aed
151 4343 293 4410 libertate
313 4368 351 4410 ec
371 4367 433 4427 qua
454 4345 566 4412 atbairi
577 4346 748 4431 famantur,
774 4346 898 4413 vivebas
915 4353 975 4426 ¹⁵⁹,-
1006 4348 1146 4429 quidest
1167 4348 1249 4429 quod
1267 4332 1302 4411 tu
1322 4355 1389 4430 ipse
1403 4350 1445 4383 '⁸‘

134 4529 198 4605 ¹⁵‘)
218 4528 346 4587 Custodia
367 4531 438 4587 enim
457 4530 581 4603 legalium
602 4532 653 4589 etsi
671 4533 738 4589 auti·
851 4531 910 4608 ¹⁸⁸)
932 4531 1015 4589 Galat
1036 4531 1069 4588 ll.
1092 4531 1138 4589 14.

75 4642 172 4711 antr,
193 4636 309 4694 nondam
330 4643 418 4695 morea
437 4639 519 4695 noxia
540 4644 671 4695 eraserat.
851 4637 912 4713 ¹⁸⁹)
931 4637 1061 4710 Enallage
1081 4644 1238 4714 temporum,
1257 4644 1285 4694 et
1297 4654 1359 4696 usos
1373 4655 1450 4712 prae-

783 4744 887 4819 sentis,
907 4738 971 4823 ζῇς,
990 4760 1040 4821 pro
1060 4744 1232 4820 imperfecto,
1252 4737 1332 4818 ῐζης,
1351 4761 1400 4820 per
1418 4761 1449 4801 se

133 4847 196 4922 ¹⁶⁷)
218 4848 320 4905 Nullam
341 4849 410 4906 enim
431 4850 523 4926 fuisse,
544 4859 571 4907 et
587 4851 651 4908 olim
672 4866 736 4908 con·
782 4855 863 4923 patet.

66 4952 214 5010 tenderunt
232 4954 329 5028 plures,
352 4963 379 5012 et
399 4956 594 5039 inpraesentia
616 4973 668 5014 noa
687 4959 735 5016 de·
847 4954 907 5031 ¹⁶⁰)
935 4956 984 5012 Vel
1012 4957 1036 5012 si
1061 4971 1110 5029 pro
1136 4957 1163 5013 rt
1182 4956 1256 5027 legas
1276 4952 1351 5025 κοῖς,
1377 4972 1446 5030 quo-

66 5067 131 5117 sunt
151 5061 197 5133 qui
218 5062 357 5119 affirment.
781 5080 845 5120 nam
863 5069 948 5136 pacto
968 5070 998 5118 ta
1018 5064 1087 5135 ipsa.

1146 5160 1232 5235 16*
