3300 5402
648 353 794 421 CAPUT
836 352 896 421 IV·
1400 360 1459 419 sut

76 542 113 586 ac
134 528 201 586 uus
222 544 318 604 super
336 542 427 604 ment
439 519 581 606 similata
598 531 645 585 eat
665 521 814 599 ecelesia,
836 539 897 584 non
917 521 1013 586 minus
1035 523 1066 584 ia
1087 521 1252 586 christianis
1273 521 1461 588 monimentis

72 639 217 712 proprius
239 651 309 696 esse
330 632 426 712 Petri,
454 650 542 714 quam
573 632 603 694 in
634 633 763 696 mmanis
784 633 971 696 monimentis
999 631 1241 713 appellationibus
1262 631 1403 717 refricant
1432 640 1462 696 et

77 744 185 805 er'eta'ct
208 741 316 823 Scipio,
340 739 535 823 lletellusque
556 741 779 825 distinguantur.

183 849 275 914 Porro
295 850 352 914 bne
374 849 517 914 formulae
545 856 624 913 tanta
652 852 851 914 consensione
866 858 1014 933 receptae,
1034 852 1223 932 omniumque
1244 869 1301 914 usu
1321 851 1461 934 frequen·

74 967 151 1024 tatae
172 960 315 1023 eiusmodi
335 966 412 1040 sunt,
434 966 466 1022 ut
485 980 576 1022 auam
596 960 798 1024 demonstrent
820 967 976 1045 oriqurem
1001 982 1251 1042 communemque
1259 959 1359 1043 fidem
1381 970 1461 1044 pate·

75 1070 189 1134 iaciant
233 1070 321 1134 Suam
338 1069 542 1132 demonstrant
562 1064 723 1153 originem,
747 1070 887 1153 illamque
909 1089 969 1134 non
988 1071 1075 1135 aliam
1095 1091 1114 1134 a
1135 1070 1240 1134 Christi
1262 1070 1378 1151 verbis,
1410 1072 1461 1134 leri

74 1177 170 1262 ταύτῃ
190 1180 228 1262 τῇ
247 1184 345 1262 ndrpq
365 1173 567 1260 οἰκοδομήσω
588 1200 652 1263 μου
674 1173 729 1257 edu
747 1179 929 1257 ἐκκλησὶσκι
951 1199 1137 1246 communem
1163 1199 1236 1244 vero
1265 1179 1353 1244 fidem
1380 1188 1462 1263 pate·

75 1288 193 1365 iaciunt,
214 1306 303 1371 quum
326 1288 396 1351 nihil
418 1288 456 1350 sit
477 1286 595 1370 vulgato
620 1290 823 1372 constantique
849 1290 989 1373 loquendi
1006 1309 1063 1354 usu
1083 1291 1119 1354 ad
1140 1290 1228 1354 tidem
1249 1291 1461 1357 ostendendam

75 1402 140 1464 sive
160 1399 418 1479 accommodatius,
440 1400 504 1462 sive
526 1398 658 1463 ualidius
700 1398 791 1482 lgitur
812 1396 921 1479 ublate,
944 1397 984 1463 ab
1006 1398 1154 1477 emntbua,
1178 1421 1298 1481 semper
1319 1401 1461 1465 creditum

76 1519 133 1589 est,
155 1510 261 1574 Christi
276 1509 366 1574 verba
388 1509 425 1573 ad
439 1508 555 1572 Petrum
569 1516 714 1590 spectare,
736 1508 832 1590 iisque
846 1508 962 1573 Petrum
977 1509 1123 1575 ecclesiae
1138 1509 1357 1573 fundamentum
1372 1510 1462 1573 desti·

75 1621 150 1684 nari.
192 1620 281 1701 Atqui
301 1617 377 1682 haec
391 1625 437 1681 est
458 1617 505 1680 illa
520 1616 601 1694 bdes,
624 1617 672 1681 illa
687 1619 750 1700 ipsa
765 1617 931 1699 scripturae
953 1620 1162 1702 interpretatio,
1182 1638 1269 1702 quana
1283 1621 1463 1701 antiquiores

73 1730 202 1792 maxima
222 1734 418 1810 protestantes
432 1727 674 1810 oppugnandam,
697 1726 979 1811 convellendamqua
1005 1730 1169 1810 credidere,
1190 1737 1221 1793 et
1241 1737 1462 1813 propterquam

73 1847 169 1903 tantm
182 1838 292 1919 turbas,
314 1844 469 1920 malosque
490 1836 627 1901 tumuitus
641 1837 785 1901 aduersas
800 1838 960 1903 catholicos
975 1840 1116 1903 conviciis
1133 1844 1337 1919 papularum,
1360 1858 1461 1901 roma·

71 1955 227 2024 nanuum
256 1945 523 2028 sapbutarumque
549 1953 666 2010 nomios
696 1947 886 2011 concitarunt
929 1948 1000 2012 'lhiti
1029 1949 1158 2011 omnium
1187 1946 1320 2011 manibm
1345 1954 1463 2010 contro·

73 2058 237 2121 versimum
260 2056 334 2137 libri,
356 2058 581 2139 criticorumque
603 2074 755 2120 sacromm
777 2050 915 2139 συλλογὴ
937 2077 986 2121 mc
1007 2057 1044 2121 ab
1065 2076 1157 2122 onere
1178 2056 1276 2120 levant
1297 2058 1463 2120 testimonia

71 2166 235 2246 recitandi,
260 2172 495 2248 potestatemque
517 2164 626 2230 iaciunt
646 2167 856 2248 concludendi,
889 2186 986 2251 nequa
1007 2168 1207 2248 consuluisse,
1243 2167 1284 2230 uti
1305 2165 1461 2248 debebant,

71 2284 269 2359 protestantes
291 2275 465 2340 christianae
487 2277 663 2359 antiquitatis
684 2279 870 2358 sententiam,
891 2296 990 2360 neque
1011 2277 1051 2340 illi
1072 2277 1269 2359 adquievisse,
1291 2276 1345 2339 sed
1367 2276 1404 2340 ab
1426 2295 1462 2340 ea

73 2387 180 2450 demus
201 2404 260 2449 non
280 2388 345 2450 sinc
365 2393 434 2450 nota
453 2384 628 2467 impudentis
649 2388 820 2451 temeritatis
843 2387 1028 2451 discessisse.

184 2503 233 2561 64.
277 2495 387 2559 Verum
402 2497 460 2558 iam
474 2496 563 2559 telam
576 2503 691 2576 retexo,
713 2495 869 2561 ὑπόθεσιν
883 2497 920 2561 ad
935 2496 1032 2560 limam
1048 2514 1169 2577 revoco,
1190 2497 1384 2578 sciscitarque
1399 2498 1462 2560 iura

74 2625 115 2670 an
129 2606 234 2669 iniuria
255 2623 396 2687 praesens
420 2605 533 2687 dequo
559 2605 731 2669 disserimus
752 2614 848 2671 texam
870 2604 1022 2670 obremus
1041 2604 1192 2669 habeatur.
1235 2605 1343 2669 Habari
1364 2612 1462 2668 autem

75 2715 237 2778 obscurum
251 2731 312 2776 non
326 2732 416 2795 posse
431 2714 587 2797 contendo,
610 2718 851 2800 argumentisque
866 2717 1017 2781 confirmo.
1061 2714 1085 2777 E
1100 2714 1205 2796 quibus
1220 2716 1344 2796 primum
1359 2716 1396 2777 sit
1410 2734 1462 2776 ne·

70 2846 166 2911 quare,
190 2842 226 2887 ac
240 2824 358 2887 ommno
372 2824 556 2888 huiusmodi:
578 2826 742 2890 obscuritas
763 2834 859 2890 textm
874 2829 971 2909 siqua
992 2827 1038 2905 sit,
1061 2844 1098 2888 ea
1120 2824 1249 2888 dimanet
1269 2831 1385 2906 oportet
1398 2824 1463 2887 sive

74 2954 116 3001 ex
130 2935 266 3014 lectione,
281 2935 346 2997 sive
360 2954 400 2997 ex
410 2933 561 2998 vocabulis
574 2953 710 3001 seorsum
724 2938 863 3019 acceptis,
878 2938 943 2999 sive
957 2955 997 3001 ax
1010 2935 1175 3018 phrasibus,
1190 2935 1254 2999 siva
1271 2933 1462 2996 exorationis

73 3051 230 3124 structura,
252 3045 315 3106 sive
330 3061 370 3106 ex
385 3044 505 3108 materia
520 3043 617 3108 cidem
631 3046 772 3109 subiecta.
816 3046 847 3110 st
862 3047 940 3109 enim
956 3045 1087 3109 allectio
1105 3046 1143 3107 sit
1164 3050 1254 3125 certa,
1277 3050 1307 3105 et
1321 3040 1463 3105 vocabula

74 3157 154 3234 trita,
177 3161 207 3217 et
223 3153 346 3235 phrases
365 3161 545 3235 compertae,
568 3161 598 3216 et
612 3151 755 3232 σύνταξις
768 3155 882 3235 usitata,
907 3163 937 3218 et
951 3156 1072 3219 materia
1087 3154 1254 3235 conspicua,
1276 3151 1373 3214 nullm
1394 3169 1463 3213 esse

74 3264 161 3326 locus
183 3261 353 3326 obscuritati
372 3269 478 3343 potest
520 3261 599 3325 Nrbil
619 3270 717 3326 numm
744 3263 849 3326 burum
870 3265 900 3326 in
928 3262 1029 3326 verbis
1050 3263 1155 3327 Christi
1178 3260 1382 3326 desideratur:
1404 3277 1464 3322 non

74 3373 213 3436 lectionis
227 3372 381 3451 cerbmdo,
397 3390 487 3454 quum
501 3391 538 3436 aa
552 3372 589 3437 sit
603 3372 775 3437 indubitata:
798 3392 857 3437 non
875 3374 1083 3438 vocabulorum
1098 3380 1129 3436 et
1142 3372 1292 3454 phrasium
1307 3369 1463 3445 evidentia,

72 3500 167 3564 quum
189 3500 226 3545 aa
247 3483 284 3545 sit
305 3480 560 3562 splendidissima,
593 3481 762 3564 nullumque
783 3490 919 3546 occmrat
946 3482 1118 3547 vocabulum
1141 3481 1295 3556 insolens,
1326 3479 1464 3560 nullaque

70 3591 193 3674 phrasis
214 3590 366 3672 impedita:
389 3609 449 3654 non
470 3598 616 3656 structura
637 3591 674 3654 ad
696 3591 782 3675 leges
806 3610 969 3674 expressa,
998 3611 1087 3674 quum
1113 3610 1149 3655 ea
1177 3592 1214 3654 sit
1235 3589 1464 3671 simplicissima:

71 3719 137 3763 non
159 3700 286 3782 denique
308 3702 429 3764 materia
451 3704 628 3784 conspicua,
657 3719 746 3783 quum
778 3721 814 3765 ea
837 3702 875 3765 sit
897 3701 983 3765 obvia
1010 3710 1098 3784 atque
1126 3702 1219 3783 plana.
1262 3701 1370 3782 Nequit
1390 3716 1465 3781 ergo

71 3818 176 3873 textus
197 3811 315 3874 censeri
328 3809 481 3894 obscurus,
503 3829 603 3894 neque
623 3830 663 3873 ex
676 3811 808 3874 ciusdem
823 3811 999 3876 obscuritate
1017 3813 1112 3892 repeti
1127 3811 1402 3873 commentariorum
1421 3811 1463 3841 '⁹⁵

73 3921 214 3999 varietas,
237 3938 294 4002 qua
316 3939 419 3984 secum
441 3923 512 4003 ipsis
533 3929 563 3985 et
584 3938 650 3983 cum
672 3919 823 3983 catholicis
844 3926 1039 4002 protestantes
1062 3921 1231 4002 confligunt.

186 4028 222 4092 Et
236 4029 273 4092 de
287 4031 440 4095 asmentia
459 4031 576 4113 quidem
593 4037 690 4093 textus
705 4029 889 4110 praeclarum
911 4030 1122 4111 estiudicium,
1142 4030 1221 4112 quod
1242 4048 1303 4091 non
1323 4029 1407 4111 pauci
1428 4048 1467 4090 ex

71 4138 292 4220 antiquioribus
306 4140 532 4222 protestantibus
548 4140 659 4219 tulere,
683 4138 820 4220 quodque
834 4140 1017 4203 recentiores
1031 4139 1163 4222 plerique
1179 4157 1283 4202 omnes
1297 4145 1467 4220 sequuntur.

74 4248 236 4330 Negarunt
257 4249 297 4311 illi
319 4250 412 4312 videri
438 4249 557 4313 dubium
577 4267 677 4331 posse,
700 4268 737 4311 an
758 4270 854 4313 unum
874 4249 1012 4330 idemque
1034 4248 1204 4312 subiectum
1220 4249 1326 4331 duplici
1349 4251 1468 4311 nomine

79 4354 176 4419 Petet
207 4377 241 4419 ac
264 4365 373 4437 petrae
401 4358 598 4441 significetur:
626 4366 737 4439 negant
765 4357 889 4439 idipsum
918 4366 1060 4441 quotquot
1087 4360 1245 4422 recentiori
1273 4366 1369 4423 aetate
1396 4359 1469 4421 scri·

74 4474 212 4549 pserunt.
255 4465 364 4531 Eorum
392 4469 574 4548 nominibus,
602 4466 883 4550 qaasw01nus··⁶
907 4476 937 4532 et
955 4468 1128 4533 lloecherus
1145 4473 1187 4504 ¹⁹⁷
1211 4470 1379 4549 laudarunt,
1402 4467 1469 4530 addi

75 4668 143 4710 cum
170 4659 212 4709 ter
238 4653 396 4710 beatissimo
418 4660 446 4710 et
465 4653 539 4711 omni
564 4652 644 4709 laude
669 4653 753 4726 digno
868 4654 930 4729 ⁸⁰⁵)
948 4672 992 4712 un.
1014 4658 1155 4713 55-56.

76 4761 107 4816 b.
128 4758 209 4815 Patro
231 4760 363 4833 apostolo,
385 4760 430 4832 qui
451 4765 494 4816 est
513 4756 602 4831 erispa
622 4758 669 4816 sal
688 4777 754 4836 κρη-

73 4864 127 4931 πὶς
148 4860 199 4939 τῆς
219 4861 375 4940 nudaberis
394 4863 548 4940 ἐκκλησίας,
571 4864 618 4922 καὶ
637 4860 688 4939 σῆς
707 4855 754 4942 ip
869 4866 928 4941 ¹⁰⁸)
949 4884 982 4923 n.¹
997 4868 1044 4925 55.

72 4961 210 5041 θοδόξου
230 4970 346 5038 emma
366 4962 382 5030 ὁ
402 4969 539 5047 duplione,
559 4972 670 5030 nudavit
688 4971 754 5028 Dio·

72 5093 191 5136 scoram
214 5078 386 5152 episcopatus
406 5076 566 5150 dignitate.“
868 5078 928 5152 ¹⁶²)
948 5095 974 5133 n.
997 5079 1043 5134 56.

128 5201 258 5256 Pas-agua,
273 5203 449 5242 commentarius.
1211 5176 1259 5250 26
