3266 5416
616 272 762 340 CAPUT
800 274 857 338 III.
1386 276 1428 338 80

65 448 128 527 nin,
153 452 325 528 captumque
345 443 471 508 hominIs
492 444 698 527 praerogativa
720 445 894 524 excederet,
924 463 980 527 qua
1002 445 1067 527 qais
1095 450 1197 508 auctor
1214 442 1427 510 benedictionis

66 560 199 638 ingentes
220 573 327 618 omnes
347 554 547 618 refundendae
568 554 747 637 perhibetur.
789 553 982 618 Nihilominus
1004 563 1034 618 et
1055 574 1120 618 eam
1143 555 1311 636 dIgnitatem
1332 556 1427 619 Abra·

64 666 137 729 hano
161 683 350 745 concessam,
381 672 411 727 et
438 664 514 726 hano
540 666 568 727 ei
596 665 832 746 praerogatiuam
861 664 1012 743 tributam,
1045 682 1133 726 nemo
1162 672 1293 727 nostmm
1315 665 1428 746 estqui

38 756 195 837 ‘unciolae
238 773 288 836 Ad
314 774 426 837 dininas
446 792 521 856 ergo
543 771 621 854 quod
643 774 744 836 attinet
765 772 864 854 dotes,
887 774 1004 836 secerni
1027 772 1184 855 diIIgenter
1204 774 1293 837 debet
1313 792 1429 837 earum·

60 884 117 947 dem
137 882 219 965 plena
242 901 279 945 ac
302 885 397 945 nativa
418 882 569 965 possessio
591 882 865 962 emancipatione,
894 878 969 964 puae
990 884 1065 946 intra
1087 891 1185 946 certos
1205 881 1278 945 fines
1301 890 1331 945 et
1352 878 1429 945 cinn-

58 993 149 1074 λόγως
168 991 346 1054 conteratur.
389 991 439 1054 llla
458 988 603 1067 ἀκίνητος
624 999 678 1071 est,
701 1009 798 1073 neque
812 990 876 1054 fieri
896 1000 994 1073 potest
1014 1001 1043 1056 ut
1058 992 1193 1076 supellex
1206 993 1243 1055 sit
1258 999 1427 1065 creaturae:

58 1102 122 1165 haee
138 1098 261 1177 κινητὸς
285 1110 349 1181 est,
371 1121 406 1164 ac
427 1108 513 1183 prout
533 1102 627 1162 visum
649 1098 713 1162 Deo
735 1100 834 1180 luerit,
857 1101 1018 1165 adhibetur.
1054 1103 1130 1177 onte
1151 1103 1229 1166 enim
1251 1100 1291 1164 alr
1310 1102 1428 1164 homine

56 1213 183 1275 remotius
205 1229 296 1292 quam
317 1209 456 1287 θεοτηςὲ)
476 1216 507 1272 et
527 1211 664 1291 scriptum
683 1217 782 1273 tamen
796 1215 824 1245 ⁷⁰
847 1212 987 1294 legimus:
1011 1232 1066 1296 epo
1086 1213 1168 1287 diet,
1192 1213 1234 1275 dit
1255 1219 1338 1274 eatis.

149 1320 253 1403 Neque
281 1320 485 1386 vehementius
513 1336 702 1382 commovere
739 1336 794 1383 nos
823 1320 945 1384 alterum
975 1321 1079 1401 dehet,
1114 1340 1218 1385 munus
1249 1321 1427 1385 fundamenti

58 1430 191 1493 sublimius
210 1448 297 1509 esse,
320 1449 407 1511 quam
428 1437 459 1492 ut
481 1429 646 1511 exspectari
668 1428 704 1492 ab
726 1428 844 1493 homiue
865 1432 972 1512 possit,
996 1450 1031 1494 ac
1052 1448 1168 1494 rursum
1190 1432 1335 1513 granulis
1358 1448 1426 1494 esse

57 1544 193 1619 momenti,
216 1542 359 1622 quam'ut
379 1537 505 1602 hominIs
527 1558 625 1621 curae,
647 1539 808 1621 studiisque
829 1540 989 1623 prudenter
1010 1541 1200 1622 permittatur.
1243 1539 1332 1613 Otiosi
1354 1556 1427 1602 vero

57 1657 97 1711 aut
114 1651 203 1714 minor
226 1656 311 1713 esset
332 1651 523 1730 praestantia,
553 1657 602 1712 aut
625 1650 720 1711 minor
748 1650 779 1711 in
802 1667 839 1711 eo
862 1648 1029 1731 dilheultas,
1058 1656 1090 1711 ut
1118 1668 1156 1711 en
1176 1666 1236 1711 uno
1257 1647 1427 1711 homiaeiu

58 1761 262 1823 universitatem
284 1760 417 1841 gentium
431 1759 597 1823 benedictio
621 1757 839 1822 diffunderetur.
883 1759 983 1840 ltaque
1005 1760 1130 1840 spectari
1144 1757 1233 1822 homo
1255 1756 1352 1838 dehet,
1374 1756 1428 1821 sed

63 1868 130 1930 sInul
149 1887 214 1931 eum
234 1866 301 1932 Deo
316 1870 357 1947 ⁷¹,
378 1886 438 1930 non
459 1886 593 1932 seorsum
614 1889 631 1932 a
653 1869 727 1950 Deo,
750 1868 848 1931 utrina
870 1875 1047 1932 sustentatus
1062 1869 1190 1950 numine,
1212 1887 1271 1931 non
1293 1868 1429 1950 propriae

63 1976 228 2041 inbecillitati
258 1978 430 2059 permIssus.
473 1977 543 2052 Quis
571 1996 661 2060 porro
688 1978 831 2059 ambigat,
861 1984 956 2039 utrum
984 1976 1074 2039 homo
1103 1996 1169 2040 cum
1197 1977 1278 2057 Deo,
1307 1978 1429 2057 elusque

61 2088 161 2150 numine
181 2086 372 2150 confirmatus
393 2087 476 2151 obire
498 2088 579 2150 vices
599 2090 692 2170 possit
712 2086 908 2166 fundamenti,
931 2103 1042 2168 easque
1064 2088 1185 2170 explere
1205 2095 1321 2171 partes,
1354 2105 1429 2167 quae

59 2194 218 2260 fundamenti
246 2197 386 2279 propriae
408 2204 492 2278 sunt,
520 2205 550 2259 et
579 2196 683 2280 quibus
705 2195 829 2260 aedilicii
857 2196 952 2258 unitas
971 2195 1109 2259 constatl
1137 2195 1241 2260 videor
1263 2215 1337 2280 ergo
1360 2195 1430 2259 mibi

59 2304 186 2370 affirmare
212 2304 419 2370 concludendo
447 2324 552 2389 posse,
580 2306 648 2370 inde
668 2307 850 2389 pottssinnnn
877 2313 980 2369 contra
1000 2305 1076 2369 Petri
1101 2303 1277 2387 ὑπεροχήν,
1306 2305 1431 2387 dignita·

59 2420 161 2497 enque
187 2415 371 2479 fundamenti
400 2413 583 2478 dilbcultates
596 2418 625 2448 ²²
651 2415 813 2498 predoleei,
842 2415 925 2499 quod·
947 2433 1007 2478 non
1030 2417 1100 2479 sads
1122 2416 1159 2478 ad
1180 2416 1430 2498 supematrualem

60 2523 176 2588 ordinem
199 2525 338 2589 divinitus
359 2525 535 2605 institutum,
566 2525 727 2607 iugemque
746 2525 852 2589 Christi
871 2526 1083 2608 praesentiam,
1114 2544 1170 2609 qua
1192 2526 1339 2591 ecclesiae
1361 2543 1430 2610 pro-

60 2634 147 2716 spicit,
168 2636 284 2698 animus
306 2633 480 2697 advertatur.

61 2824 134 2897 aad,
163 2825 380 2906 orpaiappoeopot
406 2827 435 2887 dl
462 2822 597 2906 Χριστοῦ.
645 2830 716 2899 Quid
764 2847 823 2905 cap.
842 2830 925 2889 xvtt.
944 2831 991 2888 22.
1017 2849 1075 2888 earn
1099 2824 1186 2901 δόξαν
1208 2833 1261 2889 ittn
1287 2832 1430 2909 Impertiit,

61 2933 102 2990 uei
126 2937 206 3009 ipsius
236 2939 344 2993 risione
374 2926 539 2992 sublimius?
574 2942 602 2991 ct
627 2943 714 2992 tannen
764 2954 842 3013 qnam
871 2939 984 3011 ipsemet
1004 2954 1018 2992 a
1041 2936 1117 2993 Patre
1143 2944 1299 3013 acceperat3
1325 2939 1433 3011 partici-

63 3045 158 3098 testatnr
179 3043 272 3099 lcor.
286 3042 355 3098 lllll.
371 3040 416 3098 12.
438 3041 547 3097 Paulus:
568 3038 716 3116 Βλέπομεν
764 3046 855 3118 patio,
876 3058 1102 3117 anpemorunnqno
1122 3060 1257 3100 munerum
1278 3045 1431 3100 communio

61 3137 105 3222 peip
127 3138 188 3223 ἄρτι
210 3144 245 3205 δι’
274 3139 407 3224 ἐςότττρου
427 3147 456 3204 ab
476 3145 628 3222 αἰνίγματι,
653 3140 717 3205 τότε
765 3150 914 3205 arctissime
935 3148 1069 3205 cohaeret.

63 3244 249 3323 nantem
282 3245 354 3328 '¹0⁶⁹
381 3244 536 3325 nmmum.
584 3255 654 3323 ⁰⁰¹⁶
680 3255 715 3310 'l
827 3287 873 3361 70)
893 3286 935 3343 ns.
956 3286 1083 3344 rxxxu.
1103 3289 1131 3343 a.
1156 3289 1216 3345 ωτι.
1239 3289 1301 3347 τοο.
1322 3289 1355 3345 x.
1378 3289 1432 3345 sa:

64 3356 248 3417 admirationem
283 3359 403 3415 ciendam
435 3359 549 3415 validius
580 3365 715 3432 potestate
763 3383 831 3469 Ἐγώ
851 3386 933 3461 εἶπα,
959 3392 1023 3449 θεοί
1044 3392 1111 3451 ἐστι

17 3478 19 3495 “
65 3466 197 3522 'willeadi
222 3455 359 3539 peccataI
392 3469 535 3520 ettamen
562 3465 714 3538 haeoipsa
827 3534 853 3565 ar
1267 3525 1275 3547 ‚
1327 3528 1334 3548 '

66 3571 179 3639 apostolis
199 3571 356 3628 conceditur
372 3571 435 3627 doh.
450 3570 577 3627 xmae:
603 3561 656 3626 ‘Aa
675 3589 714 3627 n.
858 3533 872 3609 )
904 3534 994 3590 llalth.
1022 3533 1141 3590 XXVIII.
1169 3534 1227 3591 20:
1269 3534 1334 3612 Epa)
1364 3534 1432 3612 pff

65 3688 107 3727 roa
123 3666 209 3750 α’φῆττ
226 3669 280 3743 τοίς
299 3667 447 3751 &pennatae
467 3666 593 3752 ἀφίονται
611 3667 713 3742 αὐτοῖς.
763 3630 841 3714 ὑμῶν
860 3628 1029 3752 dmum&
1045 3631 1097 3705 ’ἃς
1110 3630 1223 3717 'Ilm’
1244 3635 1295 3708 ἕως
1308 3638 1358 3716 ’ἧς
1371 3659 1433 3700 ‘'v''

68 3778 124 3844 (laid
147 3784 241 3839 rictute
261 3782 356 3839 edendi
378 3783 503 3839 miracula
524 3783 558 3838 ab
579 3783 714 3839 homiuum
764 3741 868 3810 ”Mac
887 3761 937 3801 του
959 3742 1066 3810 αἰῶνος·

67 3884 228 3944 Inbecillitate
242 3877 410 3944 seiunctiusl
430 3890 560 3943 ettamen
578 3889 717 3944 confirmat
827 3885 872 3959 Π)
894 3885 966 3941 Sana
985 3886 1050 3943 nihil
1071 3885 1200 3961 erebrius,
1221 3887 1432 3947 confidentiusae

67 3988 168 4048 Christus
187 3993 247 4052 ioh.
265 3993 336 4050 XIV.
355 3991 408 4048 12:
441 3982 532 4067 ’Apris
551 3984 627 4067 α’μὴτ
647 3991 715 4070 λέγω
766 3993 909 4064 opponitur
928 4007 1007 4065 quam
1028 3993 1092 4048 illud
1112 3992 1132 4047 l.
1147 3991 1208 4048 Cor.
1231 3991 1275 4047 lll.
1299 3992 1350 4048 ll:
1380 3987 1432 4051 Θο-

67 4082 134 4166 Iptlr,
155 4088 171 4154 ὁ
190 4088 323 4156 πιστεύων
342 4096 379 4163 alc
398 4096 458 4173 aps,
477 4089 514 4156 vd
534 4092 602 4176 ἔργα
620 4087 643 4155 ei
662 4092 715 4175 ἐγώ
764 4094 856 4172 pilton
881 4090 936 4174 peip
962 4088 1047 4155 ἄλλον
1074 4088 1161 4163 ov'daIc
1192 4088 1308 4155 δύναται
1339 4100 1433 4156 delean

69 4195 143 4269 ποιοῖ,
166 4195 287 4270 unissime
306 4195 427 4277 ποιήσει·
454 4202 500 4260 καὶ
520 4200 632 4279 μείζονα
651 4197 715 4265 τού-
764 4195 845 4277 nepot
869 4195 918 4261 τότ
937 4202 1069 4278 κτίμενον,
1096 4193 1128 4269 ὅς
1148 4203 1221 4261 ἐστιν
1240 4194 1344 4277 Ἰησοῦς
1362 4202 1435 4282 Χρι-

70 4319 114 4359 tov
130 4300 238 4381 ποιήσοι.
274 4310 410 4366 Videlicet
429 4326 487 4365 cum
508 4326 542 4366 eo
562 4319 717 4385 anpematn·
764 4300 837 4375 στός.
878 4309 961 4378 Quasi
980 4324 1047 4365 nero
1069 4316 1114 4366 aut
1135 4310 1206 4366 aliud
1221 4325 1236 4364 a
1251 4309 1358 4366 Christo
1375 4311 1433 4368 lun·

71 4409 220 4487 raliordina,
240 4432 318 4488 quem
330 4415 402 4472 Deus
424 4417 536 4488 primum
558 4417 666 4492 delegit,
687 4423 716 4474 et
765 4416 917 4472 dementum
939 4415 1042 4471 censeri
1063 4422 1171 4489 posset,
1197 4415 1269 4488 quod
1289 4433 1304 4472 a
1326 4415 1432 4474 Christo

75 4513 102 4568 td
122 4533 191 4588 quem
213 4521 305 4595 lapsos
330 4522 451 4578 hommes
476 4540 524 4596 per
543 4524 715 4597 Ualgeuitum
766 4523 826 4595 Ipso
846 4522 1009 4594 praelautum
1030 4526 1086 4595 est,
1109 4537 1140 4576 ac
1160 4523 1238 4577 unius
1258 4522 1357 4579 Christi
1377 4525 1432 4580 ulr-

76 4625 208 4680 nrmavit:
235 4643 294 4682 cum
314 4643 344 4682 ea
366 4627 463 4683 Christi
483 4626 638 4703 οἰκονομίᾳ,
664 4646 715 4702 qne
767 4633 822 4684 tute
843 4628 983 4684 consistit:
1011 4633 1057 4683 aut
1081 4628 1227 4684 Inauditum
1255 4633 1341 4703 esset,
1369 4633 1431 4684 eta

78 4722 126 4781 lob
143 4729 196 4786 IV.
215 4733 242 4788 9.
270 4732 411 4806 apostolos
432 4732 540 4807 ditexit,
571 4737 716 4809 sicutipse
766 4733 909 4790 bibliorum
935 4733 1127 4790 cousuetudine
1153 4733 1283 4807 alienam,
1312 4740 1340 4789 ut
1364 4748 1432 4807 quaa

79 4828 250 4903 diligebatur
271 4839 362 4911 Patre,
390 4856 439 4912 qua
465 4854 514 4895 eos
541 4856 566 4895 v.
591 4838 636 4896 15.
662 4855 716 4895 uon
766 4839 862 4895 Christi
886 4840 996 4912 propria
1021 4844 1094 4912 suat,
1122 4837 1216 4895 eadem
1238 4856 1297 4895 cnm
1318 4837 1431 4895 homini-

80 4929 185 5012 δούλους,
213 4946 260 5002 scd
286 4941 382 5021 φίλους
404 4945 579 5019 nuncupavit,
612 4951 639 5002 et
664 4961 716 5017 qua
765 4944 815 5000 bus
835 4945 890 5000 slot
908 4945 1112 5016 participatione
1133 4920 1291 4999 eommunia.
