3374 5388
220 284 283 344 448
705 280 838 348 amati
879 281 1113 350 SECUNDUS

209 448 411 536 fundamenti
424 467 582 532 personam
595 448 681 514 Petro
694 451 841 533 adscribit,
863 451 977 532 dicens,
1000 452 1114 516 καὶέπὶ
1134 448 1230 534 ταύτῃ
1242 452 1396 534 τῇπέτρᾳ.
1439 448 1600 531 Respectus

218 566 316 622 autem
343 566 420 621 mum
451 561 672 641 perspicuitate,
704 560 909 644 evidentiaque
939 570 1073 625 secretos
1101 562 1295 624 commiscent
1323 566 1536 642 protestantes:
1568 578 1601 622 ac

219 667 336 731 Petram
358 686 446 749 quem
468 667 599 732 Chr-imus
625 667 751 733 summm
778 676 894 753 πέτρον
916 671 1053 751 affirmat,
1081 672 1137 753 ipsi
1165 669 1291 733 iatunun
1313 667 1487 752 οἰκοδόμον
1516 670 1601 733 iuter·

219 783 387 858 pretentur:
416 785 574 860 partesque
595 777 754 843 architecti
773 799 847 863 qaas
868 779 922 845 sihi
951 780 1008 844 hoe
1030 782 1059 844 in
1081 780 1149 844 loco
1170 779 1301 844 Chrisurs
1322 779 1492 856 vindicavit,
1521 777 1603 842 Petro

220 886 363 966 delerant,
385 893 417 949 at
437 886 516 950 illum
530 892 737 970 praerogativa
747 888 961 976 fundamenti,
984 909 1042 973 qua
1063 891 1220 973 insignitur
1239 888 1397 969 aClaisto,
1418 888 1533 951 facilius
1553 907 1602 951 ex·

220 995 356 1078 spolient.
398 995 511 1078 Ecquid
529 999 607 1060 enim
629 1001 774 1082 estquod
796 999 882 1064 Petro
903 1001 1079 1082 promissum
1101 996 1246 1063 censenti
1274 999 1353 1080 qaod
1385 1000 1450 1079 ipse
1472 1004 1602 1060 ennam

218 1113 338 1187 prunus
367 1113 535 1170 namterto
562 1105 647 1171 uerit
674 1110 832 1173 ecclesiam
859 1117 940 1175 esset
972 1109 1157 1174 collecturus.
1200 1109 1260 1175 Sed
1290 1110 1369 1173 actio
1397 1107 1472 1172 haec
1499 1115 1547 1170 est
1570 1126 1604 1171 ac

222 1214 331 1279 iunctio
351 1218 407 1280 τοῦ
427 1216 611 1299 οἰκοδόμου,
633 1237 693 1282 non
712 1226 810 1282 autem
832 1238 937 1282 munus
959 1227 989 1282 et
1009 1216 1135 1301 ἀξίωμα
1151 1220 1206 1295 τῆς
1227 1222 1350 1299 πέτρας.

329 1326 467 1408 Sequitur
487 1326 579 1392 altera
600 1328 784 1410 depravatio,
808 1347 865 1411 qua
886 1336 1011 1392 insuam
1033 1326 1251 1392 anecdotorum
1280 1335 1340 1391 aiut
1363 1334 1605 1407 nummumque

222 1445 418 1520 corrumpunt
461 1437 592 1502 Cirristas
613 1441 692 1502 enim
716 1457 781 1501 eam
804 1438 891 1501 Petro
912 1438 1029 1521 domm,
1059 1439 1297 1521 sanctionemque
1324 1437 1494 1519 pollicetur,
1530 1455 1606 1518 qaae

222 1546 367 1609 vocabulo
382 1545 714 1630 euenursnndanenu,
730 1554 781 1610 cut
791 1546 968 1628 aedificium
978 1569 1145 1628 enumquam
1154 1547 1401 1612 commonendam
1413 1544 1605 1608 incumberet.

226 1652 275 1717 Tu
299 1677 343 1736 ea,
365 1658 466 1738 inquit,
491 1653 622 1734 Petram,
652 1666 683 1721 el
709 1678 803 1738 caper
823 1655 903 1720 hanc
922 1665 1043 1738 puram
1062 1655 1235 1740 oedificabo
1254 1655 1412 1720 eccleciam
1432 1676 1550 1734 muru,
1579 1664 1607 1717 et

218 1773 328 1845 portae
342 1764 439 1849 insert
451 1787 511 1829 non
519 1765 744 1846 praevalebunt
759 1768 911 1831 ndcercrrr
926 1788 1002 1830 enne
1039 1767 1158 1850 Propria
1172 1774 1271 1831 autem
1286 1766 1512 1847 immediataqae
1526 1772 1609 1828 notia

222 1874 409 1955 fundamenti,
431 1894 490 1958 qao
504 1883 659 1954 tnctctunu,
674 1885 952 1958 sempiternamque
965 1876 1129 1941 aedilicium
1144 1884 1331 1956 sustentetur,
1353 1882 1437 1939 netto
1451 1883 1498 1939 est
1512 1872 1607 1939 uate

222 1982 320 2048 tantu
350 1993 380 2048 et
401 1994 610 2063 comtentr'ne,
638 1995 721 2051 notio
748 2006 823 2069 qaae
856 2005 954 2069 neque
983 1987 1013 2049 iu
1039 1987 1109 2050 dote
1142 2005 1240 2069 neque
1267 1988 1296 2048 in
1326 1985 1475 2049 iunctione
1501 1987 1609 2066 repom*

222 2101 327 2175 potest,
349 2112 425 2176 quae
438 2102 582 2174 perennis
602 2095 679 2160 haud
701 2098 747 2178 sit,
767 2097 821 2160 sed
844 2094 1002 2161 dtinbntm
1024 2116 1060 2161 ac
1082 2094 1206 2180 efflant.
1250 2095 1380 2159 Christus
1400 2095 1488 2179 igitar
1511 2095 1611 2158 dotem

222 2202 460 2285 sanctionemque
485 2203 571 2267 Petro
599 2206 726 2287 spondet
753 2223 811 2269 nou
840 2213 1058 2285 temperantem
1087 2225 1123 2269 ac
1150 2204 1279 2290 sianum
1311 2205 1366 2269 sed
1392 2211 1613 2284 sempiterna·

223 2319 310 2394 atque
325 2320 524 2394 coartantes,
547 2314 687 2397 illamque
709 2316 835 2379 futurum
857 2317 1003 2381 ecclesiae
1024 2324 1138 2399 petram
1160 2316 1231 2379 dicit
1247 2322 1375 2396 propter
1394 2334 1509 2376 munuc
1532 2314 1617 2393 quod

222 2442 390 2502 numquam
420 2432 501 2486 ercet
523 2424 703 2488 deritmum.
748 2426 819 2500 Quis
842 2444 931 2508 porro
952 2427 1054 2490 credat
1075 2425 1225 2489 eiusmodi
1255 2424 1345 2487 tuisse
1363 2429 1498 2504 primun
1519 2443 1612 2487 omn·

224 2531 295 2613 gelli
314 2532 573 2614 pmedicatiouem
589 2552 646 2615 qua
667 2533 769 2597 Petrus
791 2535 913 2598 iudaeos
935 2556 971 2599 ac
988 2536 1116 2620 gentiles
1137 2535 1173 2598 ad
1196 2535 1340 2599 Christum
1362 2530 1524 2616 perduxit?
1546 2535 1614 2614 quis

223 2640 322 2725 lingat,
345 2643 412 2706 ideo
435 2643 552 2708 Petrum
573 2650 685 2728 tuqdcr
706 2644 812 2709 adesse
834 2645 996 2725 ecclesiae,
1025 2654 1171 2728 umquam
1192 2663 1324 2727 perenne
1351 2644 1484 2707 eiusdem
1508 2644 1614 2706 mnan-

224 2760 368 2833 mentam,
401 2754 479 2835 quod
505 2754 652 2838 evangelii
674 2755 920 2837 pmedicationem
950 2758 1014 2839 ipse
1045 2763 1161 2840 inques
1187 2756 1393 2835 auspicetur?
1428 2755 1617 2835 praeteriere
1665 2806 1666 2813 ,

222 2861 389 2925 iamdudum
411 2862 486 2926 haec
514 2865 625 2944 omnia,
659 2874 690 2927 et
713 2866 769 2928 nisi
795 2866 1031 2946 praeteriissent,
1058 2873 1224 2928 etmnnnn
1256 2864 1382 2926 ecclesia
1412 2862 1615 2926 inchoaretur.

222 2969 285 3034 Nisi
299 2988 374 3053 erqo
393 2971 541 3035 affirmare
552 2973 673 3055 placeat,
695 2992 783 3056 posse
804 2993 858 3057 pro
873 2974 992 3039 arbitrio
1013 2975 1164 3039 distinctas
1185 2974 1378 3054 diversasque
1399 2971 1616 3035 vocabulorum
1665 2972 1666 2985 ¹

222 3079 452 3161 significationes
473 3084 672 3147 commisceri:
694 3086 827 3165 nuspiam
848 3087 906 3148 iam
921 3103 990 3148 esse
1013 3084 1160 3147 eeclesiae
1182 3081 1412 3146 laudamentum:
1437 3082 1616 3145 ecetesiam-

223 3207 282 3270 qae
303 3192 395 3272 ipsam
417 3191 454 3254 ab
476 3211 514 3256 eo
535 3193 666 3256 avulsam
686 3194 911 3277 dissipatamque
933 3196 1046 3276 iacere,
1072 3193 1129 3257 alia
1150 3190 1319 3274 quaerenda
1340 3198 1387 3255 est
1408 3209 1515 3255 eornm
1537 3209 1616 3273 quae

224 3299 356 3363 Chrishrs
374 3300 446 3364 dixit
466 3303 612 3366 sincerior
633 3304 843 3385 interpretatio.

331 3435 415 3509 Quod
437 3438 491 3499 nisi
513 3437 570 3518 liat,
592 3445 661 3517 ipen
681 3457 799 3521 qaoque
815 3445 961 3502 orntmrrta
977 3446 1092 3501 cerdon
1107 3436 1326 3521 periclitabitur.
1369 3437 1399 3502 Si
1416 3438 1496 3500 enim
1512 3435 1619 3499 Petrus

225 3550 344 3625 propter
357 3546 509 3626 primatum
531 3548 775 3629 praedicationis,
807 3556 984 3629 coactosque
1011 3548 1135 3630 primam
1166 3545 1295 3609 fideliam
1317 3553 1437 3625 coetus,
1467 3545 1621 3609 eeclesiae

225 3654 324 3736 πέτρα
338 3654 432 3717 dictas
452 3657 656 3738 erdstimetar3
686 3656 761 3721 illias
789 3658 936 3722 dunutaxut
956 3657 1103 3721 ecclesiae
1132 3665 1228 3739 πέτρα
1249 3652 1351 3720 haberi
1371 3657 1496 3738 poterit,
1530 3674 1620 3738 qnam

224 3766 286 3829 suis
307 3766 371 3846 ipse
392 3767 471 3829 caris
493 3768 678 3830 exstruxerit.
721 3767 787 3831 Sais
810 3774 907 3832 autem
929 3769 1026 3845 caris,
1049 3784 1163 3847 suoque
1187 3767 1349 3830 ministerio
1370 3767 1489 3828 nonani
1511 3772 1622 3849 seryu-

225 3873 309 3938 lnrcn
338 3874 454 3955 aliquot
476 3885 580 3938 coetus
602 3875 728 3939 Domino
750 3876 902 3941 dedicavit.
946 3878 1034 3940 Caius
1057 3877 1147 3958 igitar
1168 3877 1316 3940 ecclesiae
1346 3881 1444 3957 πέτρα
1462 3874 1622 3939 habendus

226 3981 305 4048 eniti
334 3983 536 4064 particularia
551 3986 707 4067 dumtaxat,
729 4006 865 4069 quaeqae
886 3989 1020 4070 angustis
1034 3987 1177 4065 locorum,
1200 4004 1453 4069 personarumque
1477 3986 1623 4049 limitibus

226 4094 364 4158 finiretur.
407 4095 542 4161 Testatur
561 4115 633 4160 vero
655 4096 785 4161 Christus
808 4097 872 4161 lore
889 4097 1005 4161 Petram
1026 4105 1138 4179 petram
1159 4103 1188 4158 et
1208 4094 1426 4158 handamentam
1448 4112 1511 4158 nou
1534 4095 1624 4158 haias

227 4205 340 4268 illiasve
363 4205 526 4287 ecclesiae,
547 4206 601 4269 sed
623 4207 674 4283 τῆς
696 4205 860 4284 ἐκκλησίας
880 4229 952 4290 μου,
975 4207 1121 4270 ecclesiae
1144 4205 1321 4288 simpliciter,
1344 4203 1493 4268 eeclesiae
1518 4203 1624 4268 catha

228 4314 311 4395 linae,
335 4314 480 4378 ecclesiae
495 4315 532 4379 ad
554 4314 642 4378 hinem
665 4334 759 4399 asque
773 4317 960 4381 saeculorum
976 4316 1167 4399 explicandae
1188 4323 1275 4396 atque
1299 4312 1518 4378 diffundendae.
1565 4314 1624 4379 Sua

229 4425 317 4505 igitar
347 4425 454 4487 veritas
470 4427 656 4507 promissioni
677 4426 783 4490 Christi
804 4445 863 4490 non
884 4434 1049 4507 constaret,
1080 4426 1106 4488 si
1125 4444 1160 4487 ea
1180 4425 1218 4488 de
1238 4424 1464 4507 praedicationis
1489 4428 1621 4509 primatu

228 4534 422 4615 acciperetur.
1115 4534 1121 4545 “

337 4668 412 4742 Ouid
438 4669 518 4750 qaod
546 4671 673 4734 ecclesia
706 4689 798 4752 saper
818 4671 934 4736 Petrum
959 4671 1156 4753 aedificanda,
1187 4687 1322 4752 quaeque
1352 4669 1438 4733 Petro
1469 4678 1625 4753 umqua-

229 4779 418 4843 iundamento
440 4776 637 4859 incumberet,
668 4777 732 4844 iore
760 4779 936 4862 inmodtltr,
965 4790 1201 4867 cunctanterque
1220 4786 1336 4843 ntctrte
1360 4777 1561 4862 perhibetur?
1593 4786 1624 4840 et

225 4896 336 4971 portae
355 4885 460 4970 mseri,
482 4888 522 4950 ait
541 4886 693 4972 Dominus,
719 4909 780 4952 non
797 4888 1018 4969 praevalebunt
1046 4891 1198 4955 aduersus
1227 4910 1304 4953 euru.
1347 4889 1432 4962 ome
1463 4907 1542 4954 vero
1571 4907 1624 4952 ec·

231 4997 402 5078 etesiarum,
432 5016 504 5082 qaas
535 4997 637 5061 Petms
672 5016 723 5062 sna
751 4998 968 5079 praedicatione
1003 5002 1162 5081 exstruxit,
1190 5017 1322 5083 quasque
1353 4995 1445 5064 Petra·
1472 4998 1624 5067 nanas
