3374 5388
640 330 786 398 CAPUT
829 329 919 398 vttt.
1409 332 1470 395 481

78 501 310 585 Chrysostomus
325 506 370 582 ⁰²,
389 500 562 564 Anastasius
589 499 693 563 suscita
706 504 735 534 ⁸⁸
765 506 796 563 et
822 498 965 581 Eulogius
985 497 1252 579 alemudrisms⁸',
1284 519 1301 562 e
1329 516 1387 580 quo
1416 502 1471 563 ista

77 611 171 674 relert
184 614 214 645 ‘⁰
236 610 369 674 Pholius:
394 607 477 690 „⁶022
499 607 556 673 dani
580 610 671 672 τοῦτο
693 605 766 673 ot'r'ts
787 607 866 690 πρὸς
886 606 1054 686 Ἰωάννην,
1081 601 1153 673 οὔτε
1169 605 1253 690 prpdc
1274 610 1380 691 &aptis
1402 628 1472 674 τιυυι

78 723 145 784 τῶν
179 718 341 797 μαθητῶν
371 720 432 806 ἔφη
457 721 476 781 d
504 713 625 801 Σωτιὶρ
652 720 708 782 τό·
743 718 839 783 δώσω
868 718 918 782 σοὶ
947 716 1003 793 τοὶς
1031 718 1196 794 nistresis
1223 715 1384 799 βασιλείας
1408 721 1473 782 tois

80 827 247 911 οὐρανῶν,
278 829 331 893 xci
357 822 397 892 ml
427 827 517 907 ἐξῆς·
543 825 614 893 dtt’
643 825 662 907 ἢ
684 829 763 912 πρὸς
790 828 923 909 Πέτρου.
966 829 1038 893 ldco
1066 847 1123 891 uec
1149 826 1276 891 Joltanni
1304 846 1361 891 noc
1387 826 1471 892 alteri

82 940 210 1020 cuipiam
230 956 249 1001 e
267 937 416 1021 discipulis
430 938 565 1003 Salvator
585 939 672 1003 dixit:
692 939 744 1003 tibi
765 939 842 1003 dabo
856 937 956 1002 omues
977 939 1064 1020 regni
1087 938 1254 1003 caelorum:
1278 938 1331 1001 sed
1353 938 1470 1002 Petro.“

191 1047 380 1111 Consentiunt
394 1049 420 1080 ⁶¹
445 1046 572 1111 Hilarius
593 1050 665 1111 st⁸²
687 1048 877 1127 Ambrosius,
908 1066 1033 1130 quorum
1062 1049 1118 1111 iste
1144 1048 1303 1111 occasione
1333 1047 1472 1112 facinoris

83 1155 164 1237 quod
196 1157 226 1218 in
255 1155 419 1239 cmugoliis
432 1159 461 1190 ⁵³
494 1156 534 1219 de
560 1157 646 1221 Petro
666 1165 817 1238 narratur,
846 1158 955 1238 inquito
993 1156 1100 1237 „Tollit
1129 1174 1204 1239 ergo
1224 1156 1327 1221 Petrus
1356 1175 1471 1221 aurem.

81 1265 181 1339 Qum
201 1263 327 1330 esunt
349 1268 417 1347 quia
437 1267 501 1348 ipse
523 1273 578 1348 est,
599 1270 649 1350 qui
670 1268 784 1349 accepit
804 1265 908 1331 closer
924 1272 1012 1351 repeti
1033 1263 1209 1341 casurum
1230 1265 1280 1328 illc
1300 1267 1378 1331 enim
1400 1285 1472 1330 con·

81 1373 202 1437 demnat
222 1376 272 1456 qui
293 1382 324 1438 et
344 1375 484 1456 absolvit,
515 1378 652 1458 quoniam
674 1377 753 1440 idem
776 1375 937 1458 alligandi
960 1383 990 1440 et
1009 1375 1144 1440 solvendi
1163 1375 1285 1457 adeptus
1315 1384 1362 1441 est
1388 1384 1471 1458 potc-

78 1491 197 1549 statem.
241 1483 327 1548 toltit
348 1493 447 1548 autam
468 1503 571 1549 aurem
585 1486 662 1550 male
681 1486 842 1565 audientis,
864 1486 938 1549 tollit
952 1492 1049 1549 autem
1071 1485 1169 1567 gladio
1190 1483 1349 1565 spirituali
1369 1503 1471 1548 aurem

79 1595 253 1657 interiorem
270 1593 347 1656 male
361 1594 582 1677 intelligentiss‘
621 1596 657 1660 Et
671 1599 701 1660 iu
722 1599 934 1660 novatianos⁵⁴
958 1598 1107 1660 invecttts:
1130 1594 1235 1674 „Quod
1250 1612 1335 1677 orgo,
1355 1595 1403 1670 uit,
1425 1595 1471 1657 isti

82 1710 204 1784 possunt
225 1710 411 1767 ammutium
423 1712 523 1769 tecum
542 1704 654 1769 ltabom
668 1707 718 1788 qui
732 1703 834 1769 clueas
848 1712 936 1789 repat
957 1722 1017 1769 nou
1041 1705 1213 1786 suscipiunt,
1233 1710 1377 1786 negantes
1392 1703 1472 1785 quod

81 1813 227 1877 diruittere
254 1823 376 1896 peccata
402 1812 556 1879 debeauti
588 1815 668 1896 quod
702 1815 820 1898 quidem
855 1823 939 1879 recte
966 1814 1004 1879 de
1031 1833 1066 1880 se
1093 1812 1236 1894 latentur,
1275 1830 1335 1876 nou
1362 1812 1471 1877 habent

80 1924 161 1986 enim
186 1919 279 1986 Petra·
304 1921 516 2005 ἐυιιιέὁιοιαιυ,
553 1924 825 2008 quiPetrisedem
847 1923 1024 2004 (allidam)
1048 1923 1250 2004 nonhabent,
1272 1941 1359 2005 quam
1382 1923 1471 2004 impia

81 2032 227 2096 diuisione
252 2032 452 2117 discerpunt.“

147 2197 193 2272 Η)
213 2197 242 2254 Iu
262 2197 353 2254 llatth.
374 2198 446 2255 hom.
461 2198 527 2257 ttv.
548 2217 573 2256 u.
592 2199 620 2256 2.
802 2198 874 2272 quod
900 2197 980 2255 Petro
1010 2197 1072 2256 heic
1101 2196 1249 2273 promittit,
1285 2195 1312 2252 id
1340 2195 1471 2271 apostolis

148 2301 194 2379 ⁵⁸)
215 2302 243 2359 lu
257 2303 299 2359 Ps.
314 2303 360 2360 VI.
380 2322 442 2379 pag.
457 2306 524 2363 349.
546 2306 667 2363 ductarii
682 2305 752 2379 apud
801 2310 896 2377 postea
925 2304 1050 2361 omuibus
1077 2305 1235 2378 promisisse
1263 2303 1361 2374 legitur
1380 2302 1470 2358 Ilatth.

83 2408 285 2465 combensium.
801 2409 897 2466 XVIII.
920 2409 972 2486 te,
1003 2417 1030 2466 st
1050 2415 1113 2484 post
1132 2409 1354 2466 resurrectionem
1375 2423 1471 2481 reapse

147 2513 192 2589 ⁵¹)
213 2514 280 2571 Coo.
299 2514 466 2572 Novatiauos
486 2516 533 2572 lib.
547 2517 580 2574 ll.
602 2516 672 2591 apud
685 2516 754 2572 Pho·
803 2516 949 2573 contulisse
967 2516 1030 2574 Ich.
1050 2516 1109 2573 XX.
1129 2514 1277 2590 21—23,
1298 2520 1328 2570 ul
1347 2515 1473 2585 agnoscit

84 2621 168 2694 liuto,
188 2620 254 2677 God.
276 2620 421 2678 cdlxxx.
802 2621 1019 2695 I’Ireopltplactus
1039 2623 1067 2678 iu
1087 2637 1146 2695 cap.
1166 2621 1238 2678 XVI.
1258 2619 1414 2678 llattltaai.“

148 2724 194 2800 ⁸⁶)
215 2725 277 2782 Loc.
294 2728 339 2785 cit.
360 2727 406 2783 ulti
428 2742 491 2784 mox
512 2728 618 2784 subdit:
639 2722 753 2797 „Toriso
862 2727 900 2784 tt
920 2727 939 2783 l.
961 2727 1033 2800 quod
1053 2728 1181 2785 Sulcerus
1202 2727 1236 2783 de
1256 2727 1335 2783 Petro
1357 2726 1471 2783 alitrmat

80 2830 134 2907 ptr
153 2848 236 2907 puoto
254 2824 270 2889 ὁ
291 2824 441 2909 Εὐλόγιος,
468 2825 662 2911 ιιιθοιιώιυρου
681 2829 753 2909 μᾶλ-
802 2836 923 2891 moisen
941 2836 1053 2892 nocuisse
1072 2834 1268 2908 respondente,
1296 2833 1470 2889 lalsissimum

82 2936 134 2995 tm
158 2929 179 3011 ἢ
205 2930 394 3018 ἀληθέστερον
419 2939 510 3017 λέγων.
557 2942 616 2998 Ηοο
644 2941 752 3013 quidem
803 2956 863 2997 esso
891 2941 1145 3014 comprobavimus:
1175 2956 1261 3013 neque
1287 2941 1373 2996 miuus
1401 2938 1471 2995 lla

83 3044 216 3116 Eulogius
243 3046 323 3121 dicit,
351 3048 400 3104 sed
426 3048 460 3103 ud
484 3048 753 3106 υυιέιέιιυέἐέιυέἐιιυυι
803 3050 917 3105 veritato
945 3047 1070 3104 abludere
1095 3048 1261 3104 ostendimus
1281 3062 1349 3120 quae
1370 3047 1405 3102 de
1424 3046 1470 3101 lo-

84 3153 172 3222 magis
192 3168 270 3225 quam
291 3153 331 3210 od
349 3156 494 3212 ceritatem
518 3155 644 3227 loquitur.
692 3155 751 3211 Etsi
802 3169 897 3211 οοιυιιιι
917 3154 1111 3229 purcllcls'asto
1136 3154 1354 3211 comminiscitur.
1395 3153 1472 3213 Prae·

83 3258 154 3313 culm
176 3259 254 3314 I'atro
275 3259 375 3316 dicturo
396 3266 446 3335 est,
467 3250 529 3317 ἀλλ’
550 3251 600 3319 οὖν
619 3262 649 3319 ἐν
668 3278 752 3338 προς-
802 3265 874 3316 tersa
894 3259 939 3316 ttt.
954 3260 1026 3319 aliud
1040 3267 1083 3319 ast
1101 3262 1209 3332 infinite
1228 3276 1364 3335 merem,
1385 3266 1471 3316 utrum

80 3355 153 3435 ώπῳ
173 3359 224 3421 τοῦ
243 3363 397 3441 κορυφαίου
424 3365 471 3424 καὶ
490 3375 550 3433 τοῖς
569 3365 677 3434 λοιποῖς
696 3362 753 3424 sois
801 3369 933 3440 promissa
959 3367 1021 3424 heic
1048 3369 1126 3424 Petro
1153 3362 1281 3437 ἐξουσία,
1316 3366 1375 3421 aliis
1406 3365 1470 3419 item

80 3464 225 3544 μαθηιυῐι
242 3460 261 3542 ἦ
281 3463 395 3545 τοιαύτη
419 3466 531 3542 ἐξουσία
556 3472 677 3542 ddidoro,
705 3490 752 3531 se·
802 3475 934 3546 apostolis
967 3490 1111 3547 eorumque
1141 3471 1342 3529 successoribus
1373 3470 1470 3526 collata

80 3580 232 3631 rumtamen
252 3577 280 3632 iu
300 3593 416 3650 persona
436 3580 587 3655 corpplusi
606 3582 687 3637 etiam
710 3597 754 3637 ce-
802 3580 999 3654 puomtteaos
1026 3579 1126 3656 lucrit3
1157 3596 1188 3635 ac
1215 3579 1287 3635 uliud
1310 3578 1472 3635 commotius

81 3682 150 3738 toris
182 3681 322 3755 discipulis
354 3685 416 3740 talis
449 3692 572 3759 potestas
604 3685 667 3742 data
696 3692 752 3741 est:
801 3687 967 3761 percontari,
994 3693 1079 3742 nuum
1100 3686 1165 3742 nihil
1186 3685 1277 3741 Petrus
1295 3684 1407 3759 proprii
1426 3699 1471 3737 ac·

82 3788 298 3861 quandoquidem
319 3791 401 3846 etiam
423 3792 489 3866 illis,
514 3795 560 3866 qni
579 3809 627 3866 per
646 3808 754 3849 succes·
803 3794 920 3867 ceperit,
951 3792 1016 3849 nihil
1037 3807 1088 3865 quo
1110 3793 1242 3865 apostolis
1271 3792 1367 3847 cetone
1392 3806 1471 3863 prae-

80 3895 189 3951 siousm
211 3895 244 3950 alr
265 3896 299 3951 iis
319 3898 513 3955 sacerdotalem
529 3898 687 3971 dignitatem
709 3916 754 3954 ac·
802 3899 923 3955 terretur.
958 3899 1023 3955 lllnd
1044 3899 1222 3955 ecclesiastici
1243 3899 1390 3970 scriptores
1411 3894 1470 3969 plus

81 4006 220 4074 ceperunt,
240 3992 291 4075 τήν
310 3993 397 4077 αὐτήν
416 4010 556 4079 reposcitur
574 3999 626 4063 τοῦ
645 4003 753 4080 desponis
801 4006 885 4061 semel
913 4005 1025 4079 docent,
1053 4005 1106 4062 hoc
1126 4006 1188 4078 quin
1209 4004 1340 4075 doceant,
1370 4001 1470 4074 apertis

80 4106 131 4163 καὶ
160 4098 232 4163 λύειν
263 4102 390 4177 ἐξουσίαι
422 4102 599 4187 πιστεύομεν,
631 4111 751 4167 camdem
802 4111 941 4167 sententiis
959 4111 1118 4167 iudciautur.
1152 4110 1230 4179 Quod
1243 4118 1270 4167 et
1283 4111 1388 4167 illorum
1403 4124 1471 4183 quae

79 4213 208 4270 solvendi
227 4214 384 4289 ligandique
403 4223 564 4290 potestatem
585 4217 680 4273 adesso
694 4235 752 4273 cre·
802 4217 961 4274 adduximus
988 4218 1141 4274 testimonia
1168 4218 1299 4291 probaui,
1334 4223 1361 4272 at
1389 4215 1470 4271 multo

79 4317 201 4375 dimus.“
802 4327 881 4381 etlam
897 4324 1010 4382 reddent
1029 4323 1180 4380 euidentius
1202 4340 1270 4397 quaa
1290 4323 1456 4379 subiicimua.

143 4424 191 4481 llis
208 4424 308 4501 relatis,
329 4427 420 4500 pergit
433 4428 559 4485 Suicerns
574 4429 600 4485 in
615 4428 751 4486 Thesauro
863 4455 908 4532 ιι)
937 4455 977 4514 De
998 4455 1092 4513 prim
1123 4456 1170 4512 lib·
1192 4456 1238 4514 vl·
1266 4474 1292 4513 n·
1314 4455 1363 4530 37,
1396 4461 1423 4510 ep
1443 4455 1469 4509 ὴ,

80 4530 117 4586 ad
137 4546 165 4586 r.
186 4526 271 4600 sisic,
292 4530 367 4604 §.ll
390 4533 470 4589 u.2:
511 4534 647 4610 „Optime
685 4536 751 4593 Natu
800 4562 892 4619 Μὴ,
914 4562 1056 4635 αμχγῐ,
1078 4581 1103 4620 n·
1120 4564 1146 4619 7,

79 4641 111 4692 ut
130 4635 294 4695 Ambrosius
315 4639 343 4695 in
363 4639 405 4695 Ps.
418 4638 564 4716 XXXVIII,
585 4640 660 4716 qood
671 4640 752 4699 Petro

79 4744 197 4816 dicitur,
217 4745 350 4820 apostolis
363 4746 476 4805 dedo.
507 4748 600 4803 Petrus
613 4747 683 4804 euim
697 4763 750 4804 nou

80 4867 135 4908 suo
167 4858 283 4928 mutum,
314 4852 363 4909 sed
390 4860 418 4909 et
448 4853 613 4925 collegamn
644 4856 751 4911 uomina
863 4826 909 4903 ω)
931 4829 1023 4885 mh·
1045 4827 1141 4886 xxvl·
1161 4827 1207 4883 ¹9·

79 4956 280 5015 contessionem
302 4959 374 5016 illam
394 4960 529 5034 ediderat,
557 4961 598 5016 To
617 4978 646 5018 sa
668 4960 752 5018 ΟΜ-
864 4958 910 5033 ⁸⁴)
929 4959 969 5020 lle
989 4959 1091 5017 Posuit.
1112 4959 1159 5038 liis.
1173 4957 1194 5014 1.
1215 4973 1274 5030 ουρ.
1289 4955 1348 5012 Vll,
1373 4971 1416 5010 nu.
1430 4954 1469 5011 32

76 5072 156 5139 alsa,
182 5063 271 5123 Filirts
289 5065 340 5126 ttta
359 5067 415 5127 Dei
433 5067 559 5126 siccatis.
676 5067 752 5125 Iludc
802 5065 896 5124 -33.

129 5189 257 5246 Pssugila,
272 5191 449 5235 commentarius.
1208 5165 1253 5241 31

862 4694 958 4786 Μ),Ιιι
978 4695 1040 4752 luc.
1061 4695 1108 4752 tit.
1125 4695 1158 4752 X.
1180 4713 1206 4752 u.
1221 4695 1270 4753 67.
