3300 5402
228 557 312 608 unus
331 555 402 618 prae
423 536 544 617 rebqrus
565 535 700 599 omnibus
719 536 796 600 illins
818 537 965 601 ecdesiac
985 539 1158 620 progressio
1180 546 1260 601 esset
1280 546 1312 601 et
1330 541 1494 604 conduma
1513 540 1591 622 expli

228 647 305 739 catio
327 663 414 727 quam
435 644 565 708 Cbristus
588 646 737 729 condidit„
751 664 898 728 quumque
922 646 1046 728 apostoli
1065 645 1283 729 amplificarunt

337 762 407 818 399.
450 754 475 817 E
503 773 562 837 qno
588 757 699 836 pariter
720 754 799 819 lonte
820 756 887 819 daci
907 757 994 839 origo
1017 755 1106 819 debet
1126 755 1245 820 alterius
1272 758 1433 838 doctrinae,
1463 777 1536 842 qnae
1552 777 1592 822 su

229 870 339 952 premis
357 867 442 929 lineis
461 885 478 928 a
499 864 672 929 Camubono
687 868 740 944 ¹”,
761 838 881 929 (flaudio
896 869 951 944 ¹⁸⁹,
981 873 1012 928 ct
1030 865 1188 929 Mcsnezat
1203 869 1246 900 ¹⁸¹
1270 867 1457 949 adnmbmta,
1483 887 1501 932 a
1520 867 1592 931 Petro

229 988 326 1043 autem
348 977 449 1041 darien
465 978 507 1009 ¹⁸²
531 973 646 1055 plenius
668 993 809 1057 expressa
831 993 867 1037 ac
888 974 977 1038 veluti
997 974 1170 1054 illuminata,
1200 983 1258 1040 tam
1287 976 1346 1039 late
1366 977 1506 1058 deinceps
1525 977 1592 1039 iura

229 1091 297 1171 luit,
324 1096 356 1152 ut
386 1105 446 1151 non
471 1087 628 1169 plerosque
658 1084 747 1148 modo
763 1086 806 1118 ¹⁸³
833 1103 852 1146 e
879 1084 1106 1166 protestantibus
1133 1102 1187 1148 sno
1212 1084 1349 1149 infecerit
1373 1085 1479 1166 halitu,
1507 1104 1592 1149 remu

231 1203 318 1264 edam
340 1219 357 1263 e
379 1197 530 1262 catholicis
552 1196 708 1278 quosdam,
730 1196 830 1276 utique
852 1192 1071 1275 ἀστηρίκτους,
1093 1196 1257 1259 miserrime
1280 1194 1431 1259 afflaverit
1473 1195 1514 1259 Ea
1533 1213 1593 1258 aeto
1630 1152 1631 1205 ¹

229 1310 295 1373 talis
316 1312 374 1372 est:
402 1307 601 1371 necessariam
622 1305 742 1368 omnino
763 1304 845 1367 credi
865 1304 1004 1366 uniutem
1025 1312 1164 1384 oportere
1193 1313 1256 1368 tous
1276 1307 1420 1369 internam
1448 1314 1478 1369 et
1497 1307 1595 1389 spirita

229 1421 306 1500 lem,
329 1439 422 1500 mosa
442 1418 630 1500 conspicuam
651 1421 681 1478 et
703 1421 869 1494 emernam3
899 1411 937 1475 de
958 1412 1014 1476 bac
1029 1414 1109 1476 enim
1131 1415 1308 1478 necessitate
1329 1422 1360 1478 et
1380 1415 1469 1480 biblia
1491 1416 1594 1491 diserta
1629 1416 1631 1473 l

231 1538 261 1594 et
281 1530 466 1592 christianam
485 1525 669 1590 traditionem
690 1525 872 1606 apertissime
893 1521 987 1603 loqu,
1010 1522 1085 1585 adeo
1106 1530 1137 1585 ut
1158 1524 1236 1586 nulla
1257 1512 1422 1588 silveritas
1442 1525 1595 1607 antaplon

230 1640 325 1704 didior
349 1646 397 1703 ant
426 1639 530 1701 maiori
558 1636 728 1700 anctoritate
755 1631 938 1704 confirmata:
967 1631 1044 1694 illam
1070 1638 1174 1725 umen
1190 1651 1287 1714 neque
1307 1632 1466 1697 admodum
1486 1633 1594 1715 amplas

230 1770 298 1815 esse
319 1750 441 1832 lateque.
451 1746 594 1825 (liliosam,
616 1745 670 1809 sed
684 1751 838 1826 angtutam
859 1751 961 1806 contra
975 1744 1029 1820 ¹⁸⁴,
1052 1758 1215 1825 eorumque
1230 1742 1417 1806 emendorum
1432 1762 1508 1827 gyro
1528 1760 1596 1806 com

230 1860 422 1943 prehensam,
444 1875 520 1940 qnos
533 1851 791 1940 fundamentales
806 1855 849 1887 '⁸⁵
872 1853 1025 1934 appellant.
1069 1854 1145 1918 Satis
1166 1871 1293 1934 rumque
1312 1871 1400 1933 esse,
1421 1854 1597 1930 nemeina

230 1970 308 2033 modi
329 1967 498 2051 profitendis
512 1965 639 2028 articulis
653 1963 802 2026 christiani
815 1962 982 2041 dissideant,
1004 1969 1035 2025 at
1049 1962 1135 2025 unius
1149 1962 1340 2043 eiusdemque
1355 1963 1503 2027 ecclesiae
1516 1982 1596 2026 men·

229 2080 281 2142 bra
297 2081 402 2142 merito
425 2077 635 2139 existimentur.
677 2072 702 2135 E
724 2071 827 2153 quibam
842 2070 992 2152 colligunt,
1013 2088 1102 2134 unam
1116 2069 1311 2152 eamdemque
1329 2090 1431 2135 veram
1453 2073 1596 2137 ecclesia

230 2189 393 2251 christianis
415 2183 603 2248 societatibus
617 2181 712 2244 ferme
734 2181 869 2243 ommbns
884 2180 1015 2259 conflari,
1035 2197 1167 2261 musana,
1189 2199 1309 2262 graeca
1330 2184 1507 2264 nestoriam,
1528 2190 1599 2264 estp-

231 2299 348 2376 cbiana,
378 2293 534 2373 waldensi,
564 2290 729 2370 lutherana,
756 2289 925 2371 anglicana,
946 2289 1123 2371 calviniana;
1151 2290 1263 2353 illarum
1285 2291 1363 2354 enirn
1385 2292 1521 2373 dissidia,
1541 2292 1598 2356 licet

230 2407 413 2489 gravissima,
436 2422 501 2466 cam
523 2400 710 2464 nibilominus
731 2401 869 2462 unitatem
889 2400 1007 2462 minime
1029 2399 1180 2481 impedire,
1202 2417 1288 2481 quam
1304 2400 1434 2463 Christum
1450 2402 1596 2483 praecepit,

229 2514 353 2598 apostoli
380 2512 598 2595 praedicamnt,
632 2508 765 2591 symbols
790 2507 935 2586 referunt,
970 2510 1165 2590 universaque
1191 2508 1319 2573 Traditio
1345 2511 1441 2591 poscit
1469 2530 1505 2575 ac
1537 2526 1598 2573 aero

230 2629 317 2690 etiam
338 2624 487 2706 efflagitat
1634 2688 1635 2713 χ

337 2741 406 2797 400.
450 2732 531 2796 lianc
558 2748 618 2813 epo
642 2730 825 2813 opinionem,
854 2729 910 2791 nisi
936 2727 1020 2791 malis
1048 2746 1113 2792 eam
1143 2728 1244 2791 dicere
1265 2732 1411 2812 opinionis
1438 2739 1598 2805 monebam

230 2865 328 2929 neque
350 2826 697 2927 ngunenns'retetlam,
725 2857 823 2921 neque
850 2856 978 2919 operose
1003 2836 1182 2919 prodigabo,
1213 2856 1301 2919 quum
1322 2838 1352 2902 id
1378 2847 1408 2903 et
1431 2841 1551 2904 alteritas
1568 2840 1599 2901 sit
1634 2838 1635 2869 ¹

231 2958 302 3037 loci,
332 2963 362 3018 et
381 2955 435 3016 viri
455 2952 617 3015 doctissimi
636 2949 797 3012 Bossuetus
811 2949 866 3025 ¹⁸⁸,
888 2944 993 3009 iratres
1014 2945 1254 3029 Wallemburgici
1272 2950 1325 3028 ¹⁸⁷,
1345 2948 1479 3013 Nicolius
1497 2953 1549 3027 ¹⁸⁸,
1575 2956 1599 3009 et
1634 2932 1635 2967 ¹

229 3066 338 3148 aliquot
367 3065 454 3127 etiam
470 3064 513 3095 '⁸'
542 3080 560 3124 e
591 3059 817 3142 protestantibus
850 3055 1076 3120 cumulatissime
1107 3055 1294 3137 perfecerint.
1347 3057 1599 3141 intemogatiaaeu

232 3244 308 3368 quam
333 3293 454 3349 coriatus
480 3291 607 3361 institnit,
637 3295 665 3345 et
689 3302 769 3361 super
792 3287 894 3343 l’etrm
1009 3285 1068 3357 ¹⁸⁵)
1096 3285 1124 3341 ln
1149 3285 1245 3356 quibus
1272 3286 1429 3343 deliniendis
1451 3293 1494 3343 tot
1513 3301 1600 3360 propr-

232 3401 392 3457 aedilicavit
945 3390 1050 3446 modum
1077 3397 1247 3447 numerantur
1270 3395 1434 3467 mumanae,
1463 3399 1529 3465 quot
1547 3396 1600 3448 snat

943 3502 1060 3567 quotum
1073 3498 1178 3553 merant
1189 3497 1266 3553 buius
1282 3500 1437 3569 maternalis
1457 3512 1600 3572 propugno

944 3608 1024 3657 toras.

296 3538 356 3610 ¹⁷⁹)
372 3537 401 3592 ln
415 3536 590 3608 responsione
607 3535 640 3591 ad
655 3533 819 3590 Cardinalem
833 3533 895 3588 Per·

232 3646 350 3718 mnium,
379 3658 456 3714 qnam
477 3643 584 3697 nomine
603 3641 698 3698 iacobi
718 3639 832 3711 Augilas
852 3655 894 3694 re·

230 3752 275 3823 pis
295 3750 411 3823 scripsit,
432 3754 460 3804 ct
480 3748 620 3803 Petronius
641 3746 803 3819 amplissime
823 3745 893 3800 relu-
1006 3759 1066 3833 ¹⁸⁶)
1090 3759 1118 3815 1„
1140 3761 1175 3815 tt,
1195 3777 1263 3835 qm
1284 3762 1369 3818 edidit
1389 3769 1480 3819 ωῃιη
1496 3739 1597 3819 'pem

231 3858 306 3912 tavit.
527 3898 533 3909 .
941 3865 1040 3923 lurion.

295 3995 355 4071 1811)
376 3995 405 4051 tn
426 4006 524 4069 opere,
552 3995 594 4049 ou
615 3994 716 4050 nimum
738 3993 815 4067 ruit,
839 3992 893 4048 1³⁶·
1006 4023 1066 4096 ¹⁸⁷)
1092 4021 1121 4079 n
1143 4022 1259 4080 naeus.
1284 4024 1319 4081 ne
1343 4026 1463 4082 asiano
1482 4040 1599 4083 nm

232 4103 298 4158 ient·
320 4102 354 4158 de
374 4101 399 4157 lt
419 4100 534 4156 R⁶s⁰¹¹¹b
556 4097 699 4171 illd-2⁰⁰·
941 4129 1005 4202 riis,
1036 4129 1288 4207 fundamentalibus,
1323 4146 1371 4187 seu
1400 4132 1598 4199 essendslibaa,

295 4242 355 4318 m)
379 4242 461 4298 Μ,
483 4241 516 4297 d,
537 4237 654 4310 ppgpae,
675 4256 736 4312 pag,
751 4239 818 4296 286.
942 4237 1148 4309 eorundemque
1167 4238 1302 4310 oppositis
1321 4238 1467 4295 amoribus.

295 4383 355 4458 ¹⁸²)
375 4382 410 4438 be
430 4383 487 4437 vrai
507 4382 627 4454 sustene
646 4381 680 4436 de
699 4376 819 4453 t'bptisc.
1007 4394 1067 4470 ¹⁸⁸)
1088 4394 1116 4452 ln
1137 4410 1219 4468 opera
1239 4396 1376 4470 inscripto,
1395 4397 1436 4453 lle
1452 4394 1550 4454 t’tJntre
1569 4394 1599 4450 dc

295 4522 355 4595 ¹⁸³)
377 4523 417 4579 ct.
436 4522 564 4580 Binum
578 4520 604 4578 in
617 4522 765 4579 Exercent,
786 4522 822 4580 p,
837 4540 892 4579 a.
941 4495 1065 4576 i’Epiise,
1086 4516 1121 4557 on
1135 4501 1289 4559 licinianos
1302 4503 1338 4559 du
1351 4519 1472 4560 nonnasu
1484 4504 1598 4577 syrim

230 4630 351 4687 ummo
371 4638 399 4689 ct
416 4647 485 4688 cero
503 4632 616 4687 notiosu
634 4631 720 4701 cocis,
740 4628 879 4686 Ecclesia.
941 4608 975 4664 ‘¹⁶
995 4609 1027 4664 Μ·
1048 4608 1149 4664 Jufiffl·

295 4770 355 4845 ¹³⁴)
375 4770 415 4826 Cf.
436 4770 560 4827 liattbsei
581 4769 682 4846 Plaiiii,
704 4770 892 4827 skademiscbe
1004 4765 1065 4840 1”)
1103 4764 1212 4822 couno
1245 4771 1336 4839 potest
1367 4766 1501 4839 Anonymi
1533 4764 1597 4822 tiber

228 4876 334 4952 bedan,
355 4877 427 4934 sut
440 4877 461 4934 l.
483 4892 541 4951 usp.
554 4876 586 4936 lb
940 4870 1133 4929 Amstclodami
1153 4871 1240 4929 editas
1255 4888 1324 4930 anso
1341 4871 1426 4948 idid,
1448 4873 1596 4947 nsunt*
