3258 5400
151 212 212 274 172
666 206 799 272 trouu
840 206 1006 274 PRIMUS

146 378 385 443 decoratum...
406 376 589 443 damascius
608 375 664 443 cdv
677 376 805 459 Πέτρον
826 379 879 443 καὶ
899 374 1053 456 Ἰωάννην.
1096 376 1186 442 Μ
1203 384 1300 441 autem
1316 376 1440 459 apostoli
1460 377 1526 440 ime

148 497 178 553 et
206 488 344 571 dignitate
357 491 385 524 ⁶·
413 508 515 571 pares,
550 496 807 571 commentumque
839 487 906 551 duci
938 487 1042 569 debet,
1079 486 1145 571 plus
1176 488 1354 550 auctoritatis
1380 488 1528 550 universis

149 616 236 680 quam
258 597 381 680 singulis
407 597 497 661 luisse
522 598 667 662 tributum.
708 596 794 661 Nullo
816 598 895 661 enirn
916 596 1070 659 bibliorum
1092 597 1259 658 testimonio
1280 601 1407 675 constat,
1436 596 1528 658 immo

148 708 238 771 certis
264 706 419 770 bibliorum
447 706 575 771 oraculis
603 708 782 791 rabugalur,
808 713 982 790 potestatem
1012 724 1100 787 quam
1130 724 1147 767 a
1174 703 1258 768 Patre
1286 711 1454 786 acceperat,
1487 705 1529 768 ita

151 817 294 881 Christum
323 817 463 899 apostolis
488 817 663 899 contulisse,
693 825 725 880 ut
748 817 881 902 singulte
903 814 1074 896 porticula,
1102 835 1224 877 sum
1248 832 1284 877 ac
1311 812 1442 876 eiusdem
1465 811 1530 893 pls

148 925 257 990 nltudu
277 924 405 1011 eollepto
425 927 544 990 inesset.
589 926 619 991 Si
646 927 714 1009 quid
742 930 819 990 enim
849 945 953 990 omnes
981 926 1067 990 simul
1095 932 1244 1007 poterant,
1275 923 1397 1005 idipsum
1419 922 1531 1006 singuli

148 1038 256 1119 quique
282 1035 337 1100 sibi
365 1055 427 1100 non
453 1038 556 1100 iniuria
582 1036 783 1119 vindicabant3
809 1055 898 1119 quum
924 1055 984 1100 non
1013 1037 1109 1118 magis
1135 1033 1269 1098 omnibus
1290 1051 1377 1116 quam
1403 1031 1529 1116 singulis

149 1146 256 1210 dictum
278 1145 423 1211 luerit⁷⁰t
450 1152 533 1210 naut
552 1154 636 1210 moa
656 1166 704 1210 mc
725 1145 839 1224 Pater,
867 1154 897 1209 et
925 1167 979 1231 epo
1006 1152 1091 1209 mitto
1111 1166 1173 1208 vos.
1217 1144 1312 1218 Quum
1331 1144 1419 1226 igitur
1438 1161 1529 1226 pares

148 1265 247 1320 essent
268 1256 405 1339 apostoli,
428 1275 525 1339 neque
546 1256 675 1321 Christos
697 1275 762 1320 eam
782 1256 935 1320 instinterit
956 1254 1177 1338 gubernationis
1196 1253 1335 1336 lormam,
1363 1272 1439 1336 quae
1459 1248 1529 1335 α’ρι-

147 1366 332 1447 στοκρατική
354 1373 550 1449 nuncupatum
573 1365 609 1428 ab
631 1368 711 1429 omni
730 1365 939 1448 probabilitatis
960 1365 1061 1446 specie
1081 1364 1174 1428 videri
1197 1365 1406 1429 alienissimum
1427 1361 1528 1442 debet,

148 1475 227 1557 quod
248 1483 331 1556 nutu,
352 1476 534 1558 imperioque
555 1476 672 1539 Petmm
694 1484 724 1539 et
744 1474 908 1540 Johaanem
929 1475 1070 1537 miserint.

254 1585 429 1649 Praesertim
451 1603 540 1667 quum
562 1587 666 1668 negari
688 1586 807 1648 minime
828 1585 936 1667 possit,
959 1585 1004 1647 sin
1025 1585 1121 1646 minus
1142 1582 1236 1665 gradu
1258 1589 1288 1645 et
1307 1582 1388 1664 iure,
1410 1581 1528 1645 snmus

148 1703 229 1759 certe
251 1697 350 1778 donis,
378 1695 616 1776 ornamentisque
637 1703 793 1776 utrumque
812 1712 883 1776 prae
904 1693 1025 1776 reliquis
1046 1693 1195 1756 enituisse.
1237 1691 1387 1755 Jobannea
1408 1698 1529 1773 aposto-

147 1805 276 1869 luserat
297 1804 366 1870 κατ’
386 1801 503 1883 ἐξοχὴν
523 1803 662 1885 dilectus,
691 1811 721 1867 et
743 1802 915 1888 βοανεργὲς
936 1802 1018 1866 titulo
1037 1804 1207 1866 nominatim
1228 1803 1398 1884 insignitus3
1423 1800 1529 1864 Petrus

147 1933 221 1978 vero
252 1922 434 1997 quantopere
464 1914 650 1995 excelluerit,
679 1931 739 1975 non
764 1920 811 1978 est
831 1932 884 1976 cur
905 1911 1034 1995 pluribus
1055 1912 1269 1993 comprobetur.
1311 1910 1431 1974 Admitti
1452 1928 1529 1993 ergo

147 2042 207 2088 non
227 2033 341 2107 potest,
364 2031 519 2106 utrumque
538 2023 576 2087 ad
597 2023 720 2087 aliorum
741 2030 838 2086 nutum
862 2024 1002 2086 missione
1022 2021 1206 2104 perfunctum
1227 2039 1305 2084 esse.

253 2133 297 2197 Eo
326 2133 375 2198 vel
399 2135 494 2216 magis
523 2133 602 2216 quod
630 2132 772 2195 eiusmodi
794 2132 938 2195 sententia
964 2130 1001 2194 ab
1023 2132 1158 2214 analogia
1180 2132 1392 2214 Scripturarum
1412 2133 1530 2215 penitus

147 2241 295 2305 dissideat
339 2241 517 2305 Recolantur
537 2242 615 2305 enim
638 2259 841 2323 quaecumque
860 2242 958 2305 omnia
979 2242 1042 2304 sive
1064 2243 1094 2304 in
1116 2241 1288 2324 evangeliis,
1310 2242 1422 2306 sivein
1443 2243 1528 2306 Actis

146 2351 327 2415 reseruntur:
350 2358 398 2413 aut
417 2352 602 2434 perspicuum
623 2350 693 2413 nibil
715 2359 769 2430 est,
791 2358 840 2413 aut
860 2349 946 2433 plane
967 2350 1089 2415 evidens
1112 2352 1270 2416 existimari
1291 2351 1388 2429 debet,
1411 2351 1528 2416 Petrum

147 2463 177 2524 in
197 2462 233 2523 iis
253 2479 329 2543 quae
350 2460 387 2523 ad
404 2479 508 2525 omnes
530 2481 568 2525 ex
590 2478 686 2543 aequo
702 2460 850 2543 apostolos
863 2463 1052 2542 pertinerent,
1073 2463 1181 2543 primas
1202 2461 1256 2524 sibi
1278 2463 1439 2544 sumpsisse
1460 2481 1528 2544 par-

147 2578 208 2652 tes,
236 2577 266 2633 el
294 2572 323 2633 in
353 2570 555 2634 communibus
577 2568 835 2633 deliberationibus
862 2571 953 2632 instar
973 2566 1151 2654 ἡγουμένου
1171 2574 1341 2654 praeivisse.
1383 2572 1481 2647 Quare
1503 2574 1530 2636 si

147 2679 284 2762 religioni
305 2679 390 2743 nobis
411 2682 448 2743 sit
471 2699 488 2742 a
509 2680 672 2744 certissima
693 2679 848 2761 analogiae
869 2678 973 2761 regula
995 2679 1159 2763 discedere,
1182 2681 1380 2763 iudicabimus,
1402 2682 1442 2744 ita
1463 2699 1528 2744 om-

147 2792 227 2852 nium
248 2791 444 2853 consensione
466 2789 558 2871 Petri,
580 2788 780 2871 lobannisque
801 2790 971 2853 missionem
993 2790 1083 2853 lirisse
1105 2793 1298 2872 constitutam,
1320 2798 1351 2853 ut
1371 2790 1420 2853 ille
1442 2789 1528 2853 buius

148 2899 278 2982 consilii,
308 2899 586 2981 deliberationisque
611 2901 748 2983 princeps
777 2909 879 2963 auctor
900 2901 1035 2963 extiterit.
1079 2900 1163 2974 Quod
1187 2902 1223 2964 iis
1246 2900 1431 2964 confirmatur
1452 2919 1529 2983 quae

146 3010 289 3091 deinceps
316 3009 495 3091 subsequuta
524 3008 667 3092 legimus,
696 3010 850 3094 atquibus
873 3008 1044 3091 edocemur,
1076 3009 1191 3073 Petrum
1212 3011 1241 3074 in
1263 3009 1413 3090 obeunda,
1440 3009 1528 3092 perli-

147 3118 312 3201 ciendaque
333 3120 474 3184 missione
496 3121 613 3202 capitis,
636 3120 777 3203 ducisque
798 3138 955 3202 personam
977 3120 1115 3185 induisse.

255 3234 326 3291 214.
368 3228 419 3291 llis
433 3235 531 3292 autem
546 3229 720 3311 compendio
735 3229 905 3313 explanatis,
920 3248 1088 3294 sermonem
1103 3230 1274 3294 concludam
1288 3230 1405 3294 baronii
1419 3228 1529 3310 verbis,

149 3355 225 3419 quae
246 3355 304 3400 non
326 3339 421 3401 minus
443 3340 652 3402 sententiarum
673 3341 814 3423 pondere,
837 3359 923 3423 quarn
939 3343 1119 3423 apertissima
1140 3342 1264 3405 veritate
1278 3340 1528 3403 commendantur.

150 3445 199 3511 Sic
221 3464 296 3528 ergo
316 3447 365 3510 ille
386 3449 417 3510 in
429 3447 592 3511 Annalibus
604 3451 649 3511 ⁷¹:
694 3450 788 3532 „llinc
808 3451 910 3514 videas
932 3457 1112 3532 quantopere
1126 3449 1339 3513 hallucinantur
1360 3457 1528 3531 novatores,

149 3555 198 3637 qui
220 3573 312 3618 caeco
326 3555 426 3620 furore
447 3559 476 3620 in
490 3557 605 3621 Petrum
627 3559 816 3640 insanientes,
838 3559 914 3624 illius
934 3561 1068 3642 primatui
1083 3559 1238 3623 detrahere
1259 3578 1318 3622 non
1340 3559 1527 3641 erubescunt,

149 3766 275 3840 sinceris,
302 3784 379 3840 quam
401 3771 561 3843 apocryphis
581 3771 705 3845 secundi,
732 3773 817 3829 tertii·
864 3775 1040 3848 praesumptis
1071 3774 1189 3831 serviunt
1213 3772 1394 3849 opinionibusq
1424 3778 1453 3829 et
1485 3774 1530 3847 qui

151 3889 202 3945 que
228 3873 327 3929 saeculi
355 3875 522 3931 monimentis
542 3875 633 3932 Petrus
654 3877 760 3934 excellit
784 3894 816 3933 sc
865 3887 927 3936 sunt
947 3883 974 3936 iu
994 3881 1091 3937 ceteris
1112 3879 1298 3951 oculatissimi,
1325 3880 1351 3934 in
1371 3878 1414 3933 bis
1434 3896 1531 3936 coeca·

151 3977 290 4035 sublimior
304 3986 426 4055 apparet,
446 3979 516 4036 unde
535 3982 655 4038 omium
668 3986 816 4057 potentior,
866 3988 916 4043 tire
935 4002 1044 4061 prorsus
1064 3986 1195 4042 videntur.
1236 3983 1314 4053 Quod
1340 3985 1470 4058 exemplis
1490 3988 1530 4043 ri·

151 4084 271 4139 elludni
293 4085 526 4161 interpretatione,
552 4086 649 4175 dicitur
675 4091 702 4145 iu
722 4089 817 4148 littaris
865 4107 956 4148 rorum
991 4092 1222 4163 doctissimorum,
1258 4089 1410 4163 Pearsonli,
1449 4091 1530 4167 llulti,

151 4189 294 4246 Clementis
319 4191 353 4247 sd
379 4191 526 4270 Jacobum3
551 4201 579 4251 et
603 4195 630 4249 iu
655 4195 816 4253 Clementiae
866 4199 1021 4273 Beveregii,
1043 4198 1191 4271 Biughumi,
1213 4196 1293 4269 Cave,
1315 4196 1407 4252 lloruii
1429 4196 1528 4255 adadu

150 4295 273 4368 Epitome
290 4296 316 4369 ς.
331 4295 402 4353 xlv.
418 4298 552 4356 ltarnabas
565 4291 614 4357 τὸν
626 4298 738 4373 Hespor
747 4293 817 4359 dno·
866 4304 1084 4379 comprobarem,
1105 4305 1129 4360 si
1148 4304 1223 4360 locus
1244 4303 1272 4359 id
1292 4302 1381 4358 terret.

151 4392 266 4471 duxeris,
294 4404 440 4461 ostenderas
452 4404 576 4492 Petrum,
596 4408 633 4462 ita
654 4407 815 4464 Clementem
928 4443 957 4475 a·

151 4508 306 4630 ¹¹¹⁰¹l¹¹i⁸¹f¹²
322 4608 335 4623 .
350 4497 440 4625 053⁶?
459 4511 531 4625 “ff‘'
550 4510 672 4587 ffl'ffl’
691 4500 726 4569 δ”
743 4511 817 4631 iffi*
866 4565 918 4622 quo
939 4553 1103 4625 quaerimus,
1124 4557 1292 4623 praestruere
1311 4548 1413 4605 ridear.

151 4630 217 4671 ⁶⁹⁰⁹
236 4615 334 4732 ³⁹¹⁴st
354 4619 489 4736 mm
509 4615 818 4740 ‘'W““WQW
929 4688 1529 4768 70)]ο1ι.)ωί21.οοιι.Μιιιῑιωϋῐῐιι

152 4735 205 4790 σοι,
218 4717 338 4794 Κλημη.
352 4721 561 4796 becestPetauq
576 4742 818 4799 mmmm»
1122 4730 1130 4748 '

152 4825 817 4906 spumantemamnem-
868 4799 1004 4857 ¹⁸4⁰·

153 4953 238 4996 m.
278 4936 333 4994 seo
358 4938 424 4996 nm
447 4940 613 5013 pomposum
633 4940 669 4997 m
689 4944 746 5017 en,
772 4940 817 5013 qu
931 4937 976 5013 71)
995 4937 1038 4994 ad
1060 4955 1103 4996 u·
1124 4934 1233 4996 XXXV·
1253 4933 1279 5009 t·
1293 4934 1339 4994 ³¹·

960 4445 973 4520 )
996 4446 1042 4501 Sic
1061 4444 1169 4519 loquor,
1190 4461 1223 4501 ne
1243 4444 1313 4501 Petri
1334 4445 1475 4518 primatum
1497 4443 1530 4499 de
