3258 5400
142 252 147 257 ’
226 288 286 349 ran
741 282 872 347 urana
913 281 1079 349 ammos

225 460 302 520 ctam
327 462 387 518 tam
418 452 537 533 sedulo,
565 461 684 536 umque
713 440 869 536 diligenter
897 452 1042 516 narrando
1063 459 1285 536 persequuntur.
1326 451 1494 518 Evolaantur
1510 454 1573 515 enin

226 567 340 630 illorum
362 563 579 625 commentarii:
610 561 679 643 quid
700 568 746 625 est
768 561 846 642 quod
870 570 998 625 mentem
1019 565 1156 626 condam
1177 560 1274 627 subint
1299 563 1444 646 singulare
1463 561 1576 624 videlicet

226 674 350 738 sudium
373 689 432 753 quo
454 690 489 734 ea
511 670 696 753 describunt,
720 690 795 753 quae
816 670 853 735 ad
873 672 1151 753 repraesentandam
1170 673 1248 737 Petri
1269 676 1357 737 viam
1377 672 1492 752 iaciamt3
1516 670 1575 733 adeo

228 790 260 847 ut
286 800 352 862 res,
382 788 524 863 gestaque
551 780 628 843 Petri
649 780 772 845 altenim
793 780 831 843 ab
850 783 886 871 bs
906 782 1003 844 locum
1023 789 1155 864 teneant,
1184 800 1260 864 qaae
1281 781 1318 845 ad
1339 782 1491 861 Christum,
1515 784 1577 862 prin

228 911 298 974 ceps
313 891 460 974 evangebi
474 888 652 967 subtectam,
674 890 847 953 reseruntur.
891 890 965 954 Hinc
980 910 1017 954 ea
1031 910 1111 973 cara,
1135 909 1191 973 qua
1206 908 1265 954 non
1279 890 1399 954 illustria
1413 891 1501 954 solum
1519 890 1575 952 ilias

229 1004 368 1082 facinora,
390 998 493 1064 verum
515 1002 601 1063 etiam
617 1000 747 1081 vulgaria
762 1009 849 1082 atque
864 1002 1029 1064 communia
1042 1000 1145 1064 litteris
1165 1002 1353 1083 consignant:
1374 1000 1443 1063 hino
1461 1000 1576 1063 didonem

230 1118 294 1177 eius
315 1111 467 1174 enucleata
488 1112 640 1203 recensio:
668 1102 754 1191 atque
775 1110 844 1173 hino
864 1109 942 1174 Petri
963 1128 1072 1174 nomen
1092 1112 1178 1173 toties
1200 1112 1424 1193 ingeminatum,
1444 1118 1475 1173 ut
1492 1110 1575 1172 nullm

230 1222 266 1285 ab
293 1220 398 1284 Christi
427 1228 456 1282 et
481 1221 553 1283 lesu
578 1219 769 1303 appellatione
801 1219 981 1302 frequentius
1008 1226 1163 1302 repetatm.
1207 1220 1285 1285 Sana
1313 1222 1342 1283 in
1364 1223 1498 1285 universo
1520 1237 1578 1282 novo

230 1338 406 1395 testamento
432 1329 598 1408 lohannes,
634 1330 684 1412 qui
712 1310 810 1392 teme'n
836 1328 969 1392 crebrius
995 1329 1142 1392 ceteris⁴⁸
1171 1339 1362 1413 memoratur,
1397 1332 1507 1394 nonnisi
1530 1337 1579 1391 neto

229 1462 326 1521 aspra
355 1447 482 1525 trigenta
509 1440 621 1502 vicibus
647 1439 780 1501 recurrit
828 1438 917 1520 Atqui
940 1437 1057 1519 Petrus,
1085 1446 1117 1501 ut
1145 1439 1183 1503 de
1205 1441 1368 1523 evangeliis
1390 1443 1483 1507 solnm
1501 1442 1580 1517 dicam

230 1554 378 1634 missaque
395 1550 498 1616 faciam
513 1548 596 1629 Acta,
619 1549 789 1632 litterasque
812 1547 1019 1631 apostolorum,
1042 1548 1154 1613 vicibus
1175 1557 1283 1634 ctpintt
1299 1549 1399 1614 tribua
1421 1550 1578 1626 ablatbaoo,

231 1663 397 1726 octodecim
422 1679 439 1723 a
460 1659 577 1740 Marco,
605 1666 714 1744 rigintt
730 1666 760 1722 'a
780 1658 875 1737 Luca,
906 1664 936 1720 et
956 1677 973 1720 a
992 1656 1127 1721 Jobanne
1153 1665 1280 1743 triginta
1299 1661 1441 1729 budatur.
1483 1660 1578 1722 'lemen

229 1792 269 1835 no
290 1778 376 1853 atque
397 1766 584 1833 inconsulto?
610 1787 698 1832 nemo
726 1768 755 1832 id
777 1771 807 1831 in
828 1768 955 1831 animum
977 1767 1138 1849 induxerit,
1167 1787 1255 1850 quum
1280 1769 1404 1834 effectus
1432 1771 1490 1834 suis
1508 1786 1577 1848 atate

230 1887 364 1961 careant,
392 1899 490 1961 neque
518 1899 621 1944 carere
651 1880 763 1944 caussis
792 1877 912 1959 possint.
954 1876 1053 1939 noant
1075 1895 1149 1959 ergo
1171 1898 1294 1960 caussa,
1324 1881 1509 1962 quaeian
1527 1895 1580 1959 quat

230 1992 268 2055 ad
288 1992 403 2054 Petrum
425 1991 546 2053 attinent
565 1989 775 2068 recensendis,
803 1987 976 2069 exquisitam
999 1986 1074 2050 adeo
1101 2004 1223 2068 operam
1242 1989 1279 2051 ab
1300 1990 1489 2074 evangelistis
1506 1993 1582 2071 post

231 2101 307 2162 lavit
350 2098 499 2171 Quaenam
522 2097 617 2162 veroi
637 2099 677 2162 illi
695 2116 802 2179 nempe
821 2096 976 2177 simillima,
999 2073 1074 2178 quae
1095 2114 1149 2160 eos
1171 2101 1325 2179 permovit,
1345 2107 1379 2162 ut
1399 2100 1489 2180 dicta,
1508 2103 1584 2180 geste

232 2226 290 2289 que
320 2206 423 2269 Christi
453 2207 675 2290 diligentissime
701 2207 930 2271 conscriberent.
973 2205 1114 2270 Similium
1145 2224 1270 2288 namque
1300 2207 1459 2271 effectuum
1486 2225 1533 2289 par
1552 2210 1585 2266 cd

232 2334 352 2379 caussas
382 2317 499 2379 minime
526 2316 681 2381 dissimiles
708 2320 870 2400 assignare.
913 2314 972 2381 Sed
1006 2334 1118 2379 summ
1146 2316 1252 2380 Christi
1276 2316 1402 2399 dignitas
1434 2315 1585 2393 enema

232 2427 305 2507 ipse,
327 2432 470 2507 gestaque
492 2427 556 2489 eius
577 2429 706 2508 principe
728 2428 757 2490 ia
778 2427 844 2490 loeo
866 2426 1052 2489 haberentur.
1095 2425 1193 2489 Potior
1213 2445 1289 2509 ergo
1302 2428 1379 2491 Petri
1393 2429 1526 2512 dignitas,
1543 2443 1585 2506 tptt
1616 2462 1617 2501 t

232 2533 352 2615 reliquis
372 2534 568 2616 praecellebat
589 2537 741 2618 apostolis,
769 2554 903 2618 quaeque
932 2542 996 2597 erat
1016 2534 1206 2617 evangelistis
1232 2536 1482 2618 exploratissima,
1506 2551 1586 2599 caussa

232 2642 335 2707 iisdem
357 2643 418 2725 luit,
440 2651 471 2706 ut
492 2647 554 2727 ipsa
575 2646 721 2710 scribendi
744 2649 856 2710 ratione
876 2644 992 2708 Petrum
1014 2663 1031 2708 a
1054 2646 1162 2708 ceteris
1185 2643 1408 2729 distinguerent,
1432 2649 1585 2713 disbndm

149 2816 157 2823 ,
233 2772 292 2836 que
312 2755 553 2818 demonstrarent

344 2869 409 2926 tot.
453 2866 505 2929 Cui
534 2866 709 2929 distinctioni
729 2863 973 2930 demonstrandae
994 2861 1064 2925 illud
1085 2862 1172 2926 etiarn
1200 2864 1315 2928 cordert
1335 2868 1523 2951 evangelistis
1544 2863 1588 2926 osi

136 2968 142 2984 '
231 2975 420 3054 latissimum,
443 2983 475 3038 ut
496 2979 521 3039 si
542 2975 658 3057 quando
680 2995 716 3039 ea
736 2983 870 3053 manant,
899 2990 975 3054 quae
997 2973 1034 3035 ab
1055 2973 1190 3037 omnibus
1211 2975 1297 3038 simul
1317 2979 1460 3059 apostolis
1480 2973 1589 3051 nanta

233 3083 387 3166 agendave
414 3093 528 3165 essent,
557 3088 607 3147 vix
632 3104 691 3148 non
716 3091 884 3148 constanter
899 3082 1020 3145 Petrum
1042 3082 1214 3167 exhibeant,
1241 3087 1291 3168 qui
1320 3103 1494 3152 communes
1512 3091 1589 3168 partes

232 3211 307 3256 unus
337 3193 451 3275 explet,
482 3197 610 3258 omnium
635 3213 792 3278 personam
820 3192 922 3272 induit,
958 3210 1095 3255 acanus
1122 3194 1251 3256 omnium
1278 3196 1390 3259 vicibus
1421 3196 1590 3280 perfungitur·

233 3303 343 3367 Omnes
366 3323 405 3365 ex
425 3321 520 3385 aequo
540 3305 688 3386 apostolos
710 3304 839 3368 Christus
853 3304 881 3336 ⁴⁴
906 3303 1151 3382 interrogaverat:
1180 3300 1270 3385 ὑμεῖς
1301 3303 1336 3370 tt
1357 3307 1430 3371 rim
1451 3330 1491 3389 pe
1510 3306 1590 3385 tane

235 3407 331 3489 alvum
352 3419 381 3474 at
400 3430 474 3475 unus
489 3421 535 3476 est
548 3414 658 3497 Petrus,
681 3416 729 3498 qui
744 3418 771 3450 ⁴⁸
795 3412 971 3493 respondet:
994 3407 1187 3490 ἀποκριθεὶς
1204 3411 1239 3477 at
1253 3411 1374 3497 Σίμων
1387 3418 1515 3498 Πέτρος
1532 3410 1590 3477 ete.

235 3519 376 3585 Omnibus
394 3540 543 3604 exaequo
563 3524 701 3605 apostolis
715 3522 932 3605 significaverat
944 3523 984 3602 ⁴⁸,
1007 3518 1053 3584 b‘te
1075 3519 1234 3599 δυςκόλως
1247 3524 1397 3600 πλούσιος
1413 3522 1593 3600 ricciarium

236 3633 281 3704 εὶς
301 3628 357 3705 τήν
376 3628 540 3712 βασιλείαν
558 3636 623 3696 τῶν
642 3631 795 3714 οὐρανῶν.
837 3633 877 3695 At
904 3648 979 3693 unus
1008 3632 1138 3693 omnium
1170 3635 1288 3697 nomine
1310 3635 1475 3699 subiecit⁴'
1499 3636 1592 3698 tam:

236 3742 254 3802 ό
273 3739 396 3819 Πέτρος
417 3736 503 3805 εἶπεν
521 3741 624 3823 αὐτῷ·
647 3741 729 3818 ἰδού,
750 3739 841 3823 ἡμεῖς
857 3736 1029 3827 ἀφήκαμεν
1050 3737 1161 3816 πάντα,
1183 3744 1236 3805 καὶ
1256 3740 1522 3828 η’κολουθήσαμεθ
1539 3757 1592 3805 ont·

236 3848 264 3911 τί
286 3842 352 3930 ἄρα
372 3851 457 3912 ἔσται
476 3847 568 3931 ipim
610 3853 715 3915 Coram
737 3851 870 3913 omnibus
885 3854 912 3883 ⁴⁸
934 3849 1104 3932 parabolam
1128 3850 1166 3914 de
1188 3869 1277 3915 servo
1307 3855 1448 3937 vigilante
1470 3868 1594 3936 esposse

234 3967 296 4041 rat,
319 3966 348 4021 at
366 3977 440 4022 unus
454 3959 555 4023 Petrus
571 3980 625 4042 pro
645 3961 778 4024 omnibus
792 3962 820 3994 ⁰
844 3960 1021 4023 sciscitatur:
1044 3959 1140 4041 κύριε,
1163 3959 1242 4041 πρὸς
1258 3960 1341 4044 ἡμᾶς
1355 3959 1412 4042 τήν
1430 3951 1596 4047 παραβολιίν

301 4153 345 4227 ⁴³)
364 4153 404 4210 lie
424 4155 505 4212 Paulo
525 4172 579 4213 non
598 4158 702 4231 loquor,
724 4176 802 4233 quum
819 4160 853 4216 de
867 4174 901 4215 co
1014 4156 1059 4231 ⁴⁴)
1079 4157 1171 4213 ttatm
1191 4158 1261 4215 XVl.
1285 4159 1330 4217 ts.

237 4277 321 4332 ncqm
338 4260 438 4333 loquuti
455 4265 515 4337 sint,
536 4280 621 4337 neque
634 4265 707 4337 loqui
720 4266 903 4336 evangelistae
1013 4321 1041 4351 Η
1079 4319 1118 4373 1,

237 4365 379 4436 potuerint
408 4366 529 4424 Ceterm
543 4369 605 4425 licet
619 4369 818 4442 quatuordecim
832 4371 903 4425 eins-
1045 4321 1059 4396 )
1092 4320 1146 4377 m
1167 4337 1200 4395 γ’·
1217 4321 1263 4378 ¹6⁰
1349 4360 1353 4367 ¹

239 4470 300 4527 dent
320 4472 450 4545 epistolas
472 4474 624 4547 babeamus,
646 4483 673 4532 et
686 4476 771 4532 bacas
787 4478 901 4531 maxima
1013 4483 1058 4556 ⁴⁰)
1079 4483 1171 4539 Mattln
1192 4484 1262 4542 xttt.
1283 4485 1332 4542 23.

238 4575 365 4634 Actorum
390 4586 466 4651 parte
486 4581 519 4638 do
540 4597 574 4637 eo
600 4599 653 4639 uno
680 4584 832 4658 scripserit3
861 4583 902 4639 ni·

237 4682 380 4740 bilominus
406 4702 485 4757 quum
512 4687 604 4744 Petrus
631 4692 657 4745 io
684 4690 715 4746 ll.
740 4688 769 4744 T.
796 4688 901 4745 vicibus
1045 4647 1059 4721 )
1358 4746 1370 4779 Ι

238 4797 346 4847 centone
366 4797 505 4868 octoginta
525 4802 699 4869 memoretur,
721 4796 814 4853 Paulus
834 4811 902 4852 non-
1013 4826 1056 4901 aa)
1078 4827 1140 4883 quc,
1161 4826 1219 4884 xp·
1241 4828 1381 4884 3740·

237 4897 288 4951 nisi
306 4898 410 4955 vicibus
430 4909 538 4958 centnm
550 4905 750 4977 quinquwiato
762 4911 824 4960 cato
843 4904 901 4960 lau·

238 5001 323 5057 datur.
1013 5007 1057 5082 ⁴⁹)
1078 5007 1146 5064 lbld.
1166 5024 1193 5063 r.
1215 5005 1263 5063 41.

1014 4647 1041 4676 ⁴⁷
1080 4642 1148 4703 ibid.
1167 4664 1195 4702 v.
1216 4647 1264 4703 2⁷.
