3258 5400
224 307 285 370 1⁰8
741 298 872 367 ntuuu
912 298 1079 367 sumus

221 494 333 552 neme,
361 472 437 538 sumi
459 489 565 537 caussa
585 488 645 535 non
664 477 777 554 potest,
808 488 885 554 quae
912 469 950 535 ab
975 470 1053 535 illius
1072 468 1199 552 panau
1218 466 1580 552 demembraretur

222 601 298 667 ergo
319 602 377 647 una
399 591 445 647 est
465 600 584 664 caussa,
607 599 683 665 quae
705 599 772 645 cum
789 580 1037 664 evangelistnnrm
1058 578 1156 643 verbis
1177 584 1244 661 apte
1265 579 1419 660 conspirat

327 692 420 757 lmmo
446 710 522 775 quae
550 710 618 755 eum
645 688 829 755 &metm
856 708 974 774 quoque
1000 693 1183 753 terreamur
1208 688 1296 755 unice
1324 691 1476 751 censendi.
1513 688 1579 752 llaec

221 802 283 885 legi
304 820 398 885 penes
418 801 595 867 llettbaeum
607 799 649 884 ¹²,
669 802 778 865 Lucam
794 804 819 836 ¹¹
844 809 875 865 et
894 799 1059 864 Jobannem
1075 802 1113 878 ¹¹,
1136 815 1240 861 omnes
1254 804 1370 878 norunt,
1392 804 1489 860 etnoe
1502 797 1578 879 ipsi¹¹

222 912 443 978 declaravimus.
488 911 548 979 Sed
575 912 622 975 bis
649 911 803 994 primatum
823 908 918 992 Petri,
946 926 1172 991 supremamque
1193 904 1326 971 eiusdem
1352 913 1522 988 potestatem
1540 906 1581 970 de

220 1023 391 1103 monstrari,
420 1038 481 1086 non
505 1040 564 1086 uno
584 1023 643 1085 iam
664 1028 839 1104 argumento
860 1018 1057 1101 confecimus,
1085 1037 1121 1082 ae
1143 1016 1274 1100 plun'bus
1294 1018 1383 1080 etiam
1403 1014 1580 1080 conficiemus

221 1131 384 1195 consensio
413 1149 488 1215 ergo
520 1150 586 1194 eum
612 1129 840 1203 evidentioribus
868 1129 1042 1193 testimoniis
1069 1127 1210 1210 postulat,
1236 1135 1269 1190 ut
1287 1128 1390 1191 umtata
1413 1125 1581 1210 evangelieo

222 1239 361 1322 loquendi
382 1240 419 1304 de
439 1241 525 1305 Petro
547 1241 637 1321 ratic,
660 1258 699 1303 er
717 1238 794 1302 illins
814 1238 946 1321 prolecta
966 1238 1091 1319 primatu
1110 1236 1262 1300 iudicetur.
1503 1218 1506 1221 ¹

330 1353 397 1412 120.
440 1348 525 1423 Quod
545 1350 591 1413 sin
610 1350 706 1412 minus
726 1347 826 1431 beret,
848 1364 954 1411 caussa
974 1330 1051 1429 meac
1066 1344 1257 1410 'moerentia
1279 1352 1376 1426 esset,
1396 1347 1579 1427 rationemque

220 1476 324 1523 eorum
346 1460 475 1523 omnium
503 1459 682 1540 contineret,
711 1457 815 1540 quibus
836 1456 938 1521 Petrus
958 1457 1091 1540 privatim
1112 1455 1283 1520 honestatus
1304 1454 1495 1536 describitur,
1520 1454 1580 1518 nulla

220 1569 337 1651 penitus
357 1569 544 1650 reperiretur.
587 1569 653 1633 Jam
674 1586 714 1632 cx
733 1570 770 1632 iis
793 1585 854 1631 non
875 1584 970 1651 pauca
989 1564 1141 1629 retulimus
1158 1567 1184 1599 ¹¹
1214 1570 1245 1629 et
1265 1562 1478 1646 expendimus:
1504 1582 1582 1645 neqm

219 1677 358 1761 pauciora
386 1686 454 1741 sunt
479 1697 603 1744 numero
630 1696 707 1762 quae
735 1678 873 1741 continuo
902 1658 1068 1740 referemus
1093 1683 1181 1757 atque
1210 1673 1419 1755 expendemus.
1464 1673 1582 1737 Videnu

221 1794 318 1850 antem
339 1786 424 1849 nobis
443 1792 468 1822 ¹¹
494 1788 729 1869 demonstrasse,
758 1794 894 1869 spectere
914 1785 962 1849 illa
984 1785 1022 1849 ad
1041 1787 1195 1868 primatum
1218 1782 1428 1865 asserendum,
1451 1803 1487 1848 ac
1505 1802 1522 1847 e
1539 1783 1583 1865 pri

218 1904 297 1961 matu
323 1897 363 1959 ita
387 1897 533 1981 pendere,
559 1905 592 1961 ut
618 1915 656 1962 eo
686 1897 869 1980 praestituto,
898 1914 959 1959 oon
985 1894 1081 1959 solum
1102 1893 1284 1976 explicentur
1314 1892 1469 1976 facillime,
1496 1910 1581 1957 venen

219 2006 305 2072 etiam
327 2014 474 2089 umquam
495 2009 664 2071 necessaria
684 2006 933 2089 praesentiantur:
956 2023 993 2069 eo
1015 2012 1112 2069 autem
1134 2002 1248 2068 sublato
1264 2006 1301 2084 ¹¹,
1323 2021 1423 2085 neque
1444 2011 1583 2085 utcunque

219 2117 352 2200 intelligi,
375 2134 473 2199 neque
487 2117 593 2181 idonea
614 2116 710 2199 aliqua
730 2116 845 2180 ratione
866 2116 1007 2198 explicari
1026 2115 1148 2199 possint
1192 2113 1223 2177 Si
1244 2130 1318 2194 ergo
1340 2130 1380 2176 ex
1399 2113 1438 2176 iis
1458 2113 1583 2177 subido

219 2227 342 2309 reliquis
365 2227 549 2291 coniiciendo
568 2228 676 2309 possit,
696 2243 786 2308 posse
807 2232 903 2290 autem
925 2225 1130 2307 ostendemus3
1152 2222 1311 2287 tenendum
1332 2230 1387 2303 eat,
1406 2224 1516 2287 nullam
1533 2242 1582 2287 on

221 2338 291 2400 nino
314 2354 400 2419 esse,
423 2336 605 2419 assignarive
627 2354 761 2400 caussam
781 2353 871 2419 posse
893 2355 911 2400 a
931 2336 1055 2417 primatu
1076 2333 1231 2414 diversam,
1253 2351 1329 2414 quae
1348 2331 1583 2412 commendem

221 2447 317 2529 iisque
341 2445 476 2510 omnibns
496 2445 584 2509 faciat
603 2447 690 2528 satis,
712 2463 788 2528 quae
807 2445 893 2508 Petro
912 2445 1046 2527 privatim
1065 2444 1237 2507 obeuntum.

333 2558 401 2618 121.
446 2555 508 2630 Qua
529 2557 559 2619 in
579 2573 615 2619 re
635 2563 677 2621 tot
698 2554 783 2618 nobis
804 2552 1024 2642 suffragentur
1044 2560 1147 2630 tenter,
1170 2560 1242 2635 quot
1259 2559 1326 2617 ante
1347 2553 1470 2618 obortas
1489 2553 1524 2617 de
1541 2551 1582 2614 Pe·

218 2664 255 2727 ui
274 2666 487 2747 praerogativis
508 2667 711 2730 contentiones
733 2668 856 2731 enetitere
875 2665 976 2730 Patres
995 2682 1056 2728 non
1075 2664 1190 2745 pietatis
1211 2665 1317 2743 minus,
1339 2681 1427 2744 quam
1448 2664 1581 2739 sciente,

220 2775 450 2858 eruditionisque
477 2775 554 2839 lama
579 2776 762 2841 nobilissimi.
804 2775 915 2840 Horum
941 2772 1106 2856 catalogum
1124 2790 1199 2837 sane
1219 2772 1342 2855 longum
1361 2781 1464 2838 terunt
1478 2776 1504 2809 ¹¹
1524 2773 1582 2835 Pau

217 2887 327 2966 ninius,
360 2884 543 2949 williboldus
563 2884 696 2950 lleissius
709 2888 738 2919 ²¹
767 2893 797 2949 et
811 2888 838 2919 ¹¹
870 2883 1067 2966 llemacbius3
1094 2900 1181 2946 unam
1201 2889 1300 2947 autem
1321 2883 1516 2967 eamdemque
1533 2899 1583 2957 om

215 2996 296 3059 nium
321 2995 413 3059 luisse
441 2996 615 3059 sententiam
637 2996 851 3060 demonstrent:
880 3001 1037 3077 propterca
1056 2992 1172 3055 Petnrm
1198 2998 1375 3056 ominatur
1403 3013 1440 3057 ac
1458 2999 1584 3074 prinum

215 3106 364 3188 apostolos
382 3123 456 3170 vero
470 3105 601 3188 reliquos
623 3111 795 3169 ooiomtm
815 3103 971 3183 dumtaxat
994 3099 1129 3165 uberem
1148 3099 1214 3167 loeo
1234 3102 1304 3186 lege
1327 3105 1473 3168 constanti
1491 3119 1581 3167 moeu-

215 3218 289 3296 seri,
319 3216 398 3299 quod
418 3216 468 3280 ille
488 3214 695 3296 apostoloram
713 3219 884 3295 prioratum
903 3218 1048 3289 moene,
1067 3217 1204 3292 prtoaoto
1226 3218 1308 3276 taeter
1329 3211 1485 3294 apostolor
1504 3231 1581 3294 pree

215 3331 393 3401 eminuerit,
427 3327 552 3408 insignis
577 3324 666 3389 buerit
692 3322 886 3405 apostolatus
906 3327 1097 3403 pronepote,
1131 3322 1325 3405 apostasiae
1353 3325 1417 3387 saie
1443 3321 1581 3411 ἀδελφόν

217 3436 380 3516 acceperit,
392 3433 527 3516 illosque
547 3434 621 3517 sibi,
642 3435 763 3517 suisque
784 3434 862 3498 curis
883 3429 1028 3513 creditos,
1050 3432 1329 3515 commendatasque
1350 3433 1494 3500 babuerit

214 3665 345 3745 Wilodl
364 3664 411 3724 καὶ
429 3666 628 3746 mimi,
647 3658 725 3736 ὄτᾶς
740 3664 811 3734 κλεῖς
823 3661 881 3726 τῶν
992 3665 1036 3743 ¹¹)
1057 3683 1101 3724 nn.
1122 3667 1170 3725 50.
1190 3682 1266 3740 seqq.

216 3764 343 3851 ⁰¹30W⁰3⁹
362 3773 527 3841 Μῦνθθίς·
996 3772 1039 3849 ¹⁸)
1060 3789 1104 3830 un.
1125 3775 1172 3832 65.
1193 3790 1268 3848 seqq.

282 3905 324 3983 n)
346 3906 436 3963 ml·
457 3904 528 3962 ffl
550 3904 690 3963 1340·
993 3878 1037 3952 Ιθ)
1065 3878 1106 3935 Dc
1135 3879 1250 3937 Primatn
1280 3880 1366 3954 Petri,
1398 3879 1487 3937 libb
1516 3891 1579 3950 capp

984 4015 1024 4027 -
1055 3983 1075 4039 i

254 4118 257 4125 Ι
280 4039 323 4115 ¹³)
343 4038 405 4096 bue.
426 4037 509 4095 XXII·
530 4036 670 4095 3¹·33·
929 3983 980 4042 vu
991 3984 1054 4164 ²⁰)x
1064 4088 1205 4145 Vindiciae
1231 4089 1401 4148 Suanorum
1427 4091 1581 4159 Pvsslfflffle

279 4160 322 4236 ιι)
343 4160 405 4217 Joh,
425 4160 496 4218 χχι,
518 4160 565 4219 15.
586 4176 660 4233 seqq·
929 4193 998 4251 Para„
1013 4192 1034 4250 Ι,
1055 4210 1115 4267 cap.
1130 4194 1151 4251 1.
1173 4199 1239 4251 secl·
1253 4194 1286 4251 ll·

280 4284 324 4361 ¹¹)
344 4301 388 4340 ¹111·
408 4283 456 4341 2⁰·
477 4299 552 4357 veen·
990 4299 1036 4375 11)
1056 4299 1151 4372 otigg:
1165 4305 1193 4356 o
1205 4299 1346 4376 neuque
1357 4280 1580 4359 morumne.

279 4405 322 4483 ¹⁸)
342 4423 386 4462 nn.
406 4405 455 4463 22.
475 4422 549 4479 seqq.
927 4418 1010 4477 pagg.
1032 4402 1099 4462 130.
1120 4422 1196 4480 seqq.

761 4691 1030 4704 *-
