<?xml version="1.0" encoding="UTF-8"?>
<!DOCTYPE html PUBLIC "-//W3C//DTD XHTML 1.0 Transitional//EN"
    "http://www.w3.org/TR/xhtml1/DTD/xhtml1-transitional.dtd">
<html xmlns="http://www.w3.org/1999/xhtml" xml:lang="en" lang="en">
 <head>
  <title>
</title>
<meta http-equiv="Content-Type" content="text/html;charset=utf-8" />
  <meta name='ocr-system' content='tesseract 3.04.00' />
  <meta name='ocr-capabilities' content='ocr_page ocr_carea ocr_par ocr_line ocrx_word'/>
</head>
<body>
  <div class='ocr_page' id='page_1' title='image "./commentariusdep00passgoog_0322.png"; bbox 0 0 3300 5402; ppageno 0'>
   <div class='ocr_carea' id='block_1_1' title="bbox 161 250 1023 322">
    <p class='ocr_par' dir='ltr' id='par_1_1' title="bbox 161 250 1023 322">
     <span class='ocr_line' id='line_1_1' title="bbox 161 250 1023 322; baseline 0.003 -3"><span class='ocrx_word' id='word_1_1' title='bbox 161 250 224 319; x_wconf 67' lang='grc'>810</span> <span class='ocrx_word' id='word_1_2' title='bbox 683 252 817 318; x_wconf 74' lang='lat' dir='ltr'>muts</span> <span class='ocrx_word' id='word_1_3' title='bbox 856 252 1023 322; x_wconf 71' lang='lat' dir='ltr'>Patruus</span> 
     </span>
    </p>
   </div>
   <div class='ocr_carea' id='block_1_2' title="bbox 163 415 1554 1383">
    <p class='ocr_par' dir='ltr' id='par_1_2' title="bbox 163 415 1552 722">
     <span class='ocr_line' id='line_1_2' title="bbox 163 415 1550 507; baseline 0.004 -25"><span class='ocrx_word' id='word_1_4' title='bbox 163 415 340 501; x_wconf 75' lang='lat' dir='ltr'>diversaque</span> <span class='ocrx_word' id='word_1_5' title='bbox 368 418 562 485; x_wconf 84' lang='lat' dir='ltr'>ecclesiastici</span> <span class='ocrx_word' id='word_1_6' title='bbox 589 424 720 504; x_wconf 89' lang='lat' dir='ltr'>corporis</span> <span class='ocrx_word' id='word_1_7' title='bbox 740 424 872 488; x_wconf 83' lang='lat' dir='ltr'>membra</span> <span class='ocrx_word' id='word_1_8' title='bbox 894 422 1117 488; x_wconf 83' lang='lat' dir='ltr'>retunderetur:</span> <span class='ocrx_word' id='word_1_9' title='bbox 1147 440 1221 507; x_wconf 88' lang='lat' dir='ltr'>opus</span> <span class='ocrx_word' id='word_1_10' title='bbox 1241 423 1296 489; x_wconf 85' lang='lat' dir='ltr'>luit</span> <span class='ocrx_word' id='word_1_11' title='bbox 1312 431 1345 488; x_wconf 90' lang='lat' dir='ltr'>ut</span> <span class='ocrx_word' id='word_1_12' title='bbox 1364 424 1395 488; x_wconf 91' lang='lat' dir='ltr'>id</span> <span class='ocrx_word' id='word_1_13' title='bbox 1416 424 1550 488; x_wconf 84' lang='lat' dir='ltr'>essetis</span> 
     </span>
     <span class='ocr_line' id='line_1_3' title="bbox 163 527 1552 616; baseline 0.006 -26"><span class='ocrx_word' id='word_1_14' title='bbox 163 527 291 591; x_wconf 88' lang='lat' dir='ltr'>aeclesia</span> <span class='ocrx_word' id='word_1_15' title='bbox 308 529 450 609; x_wconf 75' lang='lat' dir='ltr'>primatus</span> <span class='ocrx_word' id='word_1_16' title='bbox 472 530 550 610; x_wconf 86' lang='lat' dir='ltr'>quod</span> <span class='ocrx_word' id='word_1_17' title='bbox 569 537 601 593; x_wconf 81' lang='lat' dir='ltr'>tn</span> <span class='ocrx_word' id='word_1_18' title='bbox 623 530 739 595; x_wconf 64' lang='lat' dir='ltr'>cuculo</span> <span class='ocrx_word' id='word_1_19' title='bbox 758 542 905 610; x_wconf 77' lang='lat' dir='ltr'>centrum,</span> <span class='ocrx_word' id='word_1_20' title='bbox 928 552 1025 616; x_wconf 82' lang='lat' dir='ltr'>neque</span> <span class='ocrx_word' id='word_1_21' title='bbox 1047 534 1085 597; x_wconf 91' lang='lat' dir='ltr'>nd</span> <span class='ocrx_word' id='word_1_22' title='bbox 1105 533 1184 597; x_wconf 92' lang='lat' dir='ltr'>illum</span> <span class='ocrx_word' id='word_1_23' title='bbox 1206 536 1302 597; x_wconf 88' lang='lat' dir='ltr'>minus</span> <span class='ocrx_word' id='word_1_24' title='bbox 1323 550 1428 597; x_wconf 85' lang='lat' dir='ltr'>omnes</span> <span class='ocrx_word' id='word_1_25' title='bbox 1451 534 1552 599; x_wconf 78' lang='lat' dir='ltr'>eccle</span> 
     </span>
     <span class='ocr_line' id='line_1_4' title="bbox 163 637 1405 722; baseline 0.005 -21"><span class='ocrx_word' id='word_1_26' title='bbox 163 637 227 701; x_wconf 89' lang='lat' dir='ltr'>siae</span> <span class='ocrx_word' id='word_1_27' title='bbox 246 643 345 719; x_wconf 85' lang='lat' dir='ltr'>partes</span> <span class='ocrx_word' id='word_1_28' title='bbox 367 647 605 720; x_wconf 78' lang='lat' dir='ltr'>convergerem,</span> <span class='ocrx_word' id='word_1_29' title='bbox 627 658 715 722; x_wconf 80' lang='lat' dir='ltr'>quam</span> <span class='ocrx_word' id='word_1_30' title='bbox 737 642 767 704; x_wconf 94' lang='lat' dir='ltr'>in</span> <span class='ocrx_word' id='word_1_31' title='bbox 786 641 845 705; x_wconf 86' lang='lat' dir='ltr'>troc</span> <span class='ocrx_word' id='word_1_32' title='bbox 865 660 969 706; x_wconf 89' lang='lat' dir='ltr'>omnes</span> <span class='ocrx_word' id='word_1_33' title='bbox 990 644 1110 706; x_wconf 88' lang='lat' dir='ltr'>omnino</span> <span class='ocrx_word' id='word_1_34' title='bbox 1130 643 1204 706; x_wconf 90' lang='lat' dir='ltr'>radii</span> <span class='ocrx_word' id='word_1_35' title='bbox 1226 643 1405 707; x_wconf 87' lang='lat' dir='ltr'>coalescunt.</span> 
     </span>
    </p>

    <p class='ocr_par' dir='ltr' id='par_1_3' title="bbox 163 746 1553 1269">
     <span class='ocr_line' id='line_1_5' title="bbox 269 746 1550 835; baseline 0.006 -27"><span class='ocrx_word' id='word_1_36' title='bbox 269 746 408 810; x_wconf 76' lang='lat' dir='ltr'>Rationes</span> <span class='ocrx_word' id='word_1_37' title='bbox 430 749 519 829; x_wconf 81' lang='lat' dir='ltr'>igitur</span> <span class='ocrx_word' id='word_1_38' title='bbox 539 770 582 811; x_wconf 80' lang='grc' dir='ltr'>σο</span> <span class='ocrx_word' id='word_1_39' title='bbox 603 748 750 835; x_wconf 77' lang='lat' dir='ltr'>nnnloptn</span> <span class='ocrx_word' id='word_1_40' title='bbox 770 751 874 815; x_wconf 74' lang='lat' dir='ltr'>dumne</span> <span class='ocrx_word' id='word_1_41' title='bbox 894 752 1080 833; x_wconf 80' lang='lat' dir='ltr'>patefaciunt,</span> <span class='ocrx_word' id='word_1_42' title='bbox 1101 755 1241 816; x_wconf 75' lang='lat' dir='ltr'>unitatem</span> <span class='ocrx_word' id='word_1_43' title='bbox 1264 753 1413 818; x_wconf 67' lang='lat' dir='ltr'>melenae</span> <span class='ocrx_word' id='word_1_44' title='bbox 1434 753 1550 817; x_wconf 76' lang='lat' dir='ltr'>halen</span> 
     </span>
     <span class='ocr_line' id='line_1_6' title="bbox 163 854 1552 946; baseline 0.004 -27"><span class='ocrx_word' id='word_1_45' title='bbox 163 854 230 919; x_wconf 88' lang='lat' dir='ltr'>dam</span> <span class='ocrx_word' id='word_1_46' title='bbox 249 874 318 921; x_wconf 91' lang='lat' dir='ltr'>esse</span> <span class='ocrx_word' id='word_1_47' title='bbox 340 857 429 920; x_wconf 85' lang='lat' dir='ltr'>veluti</span> <span class='ocrx_word' id='word_1_48' title='bbox 450 859 598 940; x_wconf 89' lang='lat' dir='ltr'>proprium</span> <span class='ocrx_word' id='word_1_49' title='bbox 617 858 706 923; x_wconf 89' lang='lat' dir='ltr'>linem</span> <span class='ocrx_word' id='word_1_50' title='bbox 731 861 851 924; x_wconf 88' lang='lat' dir='ltr'>instituti</span> <span class='ocrx_word' id='word_1_51' title='bbox 875 862 1035 943; x_wconf 88' lang='lat' dir='ltr'>primatus,</span> <span class='ocrx_word' id='word_1_52' title='bbox 1063 864 1218 946; x_wconf 85' lang='lat' dir='ltr'>ipsumque</span> <span class='ocrx_word' id='word_1_53' title='bbox 1237 865 1392 946; x_wconf 86' lang='lat' dir='ltr'>primatum</span> <span class='ocrx_word' id='word_1_54' title='bbox 1413 878 1478 926; x_wconf 86' lang='lat' dir='ltr'>non</span> <span class='ocrx_word' id='word_1_55' title='bbox 1498 862 1552 925; x_wconf 89' lang='lat' dir='ltr'>ali·</span> 
     </span>
     <span class='ocr_line' id='line_1_7' title="bbox 163 968 1553 1051; baseline 0.006 -22"><span class='ocrx_word' id='word_1_56' title='bbox 163 971 211 1029; x_wconf 90' lang='lat' dir='ltr'>ter</span> <span class='ocrx_word' id='word_1_57' title='bbox 230 968 358 1048; x_wconf 88' lang='lat' dir='ltr'>spectari</span> <span class='ocrx_word' id='word_1_58' title='bbox 379 974 516 1049; x_wconf 77' lang='lat' dir='ltr'>oportere</span> <span class='ocrx_word' id='word_1_59' title='bbox 538 987 625 1049; x_wconf 89' lang='lat' dir='ltr'>quam</span> <span class='ocrx_word' id='word_1_60' title='bbox 646 970 686 1031; x_wconf 89' lang='lat' dir='ltr'>uti</span> <span class='ocrx_word' id='word_1_61' title='bbox 707 970 879 1051; x_wconf 90' lang='lat' dir='ltr'>principium</span> <span class='ocrx_word' id='word_1_62' title='bbox 899 969 936 1033; x_wconf 82' lang='lat' dir='ltr'>al)</span> <span class='ocrx_word' id='word_1_63' title='bbox 957 971 993 1034; x_wconf 91' lang='lat' dir='ltr'>iis</span> <span class='ocrx_word' id='word_1_64' title='bbox 1014 971 1149 1034; x_wconf 84' lang='lat' dir='ltr'>omnihus</span> <span class='ocrx_word' id='word_1_65' title='bbox 1170 973 1340 1036; x_wconf 89' lang='lat' dir='ltr'>instructum</span> <span class='ocrx_word' id='word_1_66' title='bbox 1361 972 1553 1036; x_wconf 82' lang='lat' dir='ltr'>adornatam·</span> 
     </span>
     <span class='ocr_line' id='line_1_8' title="bbox 164 1075 1552 1163; baseline 0.003 -23"><span class='ocrx_word' id='word_1_67' title='bbox 164 1094 233 1157; x_wconf 77' lang='lat' dir='ltr'>que,</span> <span class='ocrx_word' id='word_1_68' title='bbox 255 1075 360 1158; x_wconf 78' lang='lat' dir='ltr'>quitos</span> <span class='ocrx_word' id='word_1_69' title='bbox 374 1080 654 1159; x_wconf 86' lang='lat' dir='ltr'>praestantissimum</span> <span class='ocrx_word' id='word_1_70' title='bbox 675 1080 792 1143; x_wconf 90' lang='lat' dir='ltr'>unitatis</span> <span class='ocrx_word' id='word_1_71' title='bbox 810 1079 920 1143; x_wconf 91' lang='lat' dir='ltr'>bonum</span> <span class='ocrx_word' id='word_1_72' title='bbox 940 1080 1108 1162; x_wconf 88' lang='lat' dir='ltr'>etprimam</span> <span class='ocrx_word' id='word_1_73' title='bbox 1123 1080 1209 1163; x_wconf 83' lang='lat' dir='ltr'>effici,</span> <span class='ocrx_word' id='word_1_74' title='bbox 1231 1089 1261 1145; x_wconf 88' lang='lat' dir='ltr'>ot</span> <span class='ocrx_word' id='word_1_75' title='bbox 1282 1080 1420 1145; x_wconf 69' lang='lat' dir='ltr'>effectum</span> <span class='ocrx_word' id='word_1_76' title='bbox 1441 1081 1552 1145; x_wconf 87' lang='lat' dir='ltr'>deinde</span> 
     </span>
     <span class='ocr_line' id='line_1_9' title="bbox 165 1183 734 1269; baseline 0.002 -18"><span class='ocrx_word' id='word_1_77' title='bbox 165 1183 305 1251; x_wconf 69' lang='lat' dir='ltr'>malodiri</span> <span class='ocrx_word' id='word_1_78' title='bbox 325 1203 361 1249; x_wconf 89' lang='lat' dir='ltr'>ac</span> <span class='ocrx_word' id='word_1_79' title='bbox 379 1188 496 1269; x_wconf 75' lang='lat' dir='ltr'>protegi</span> <span class='ocrx_word' id='word_1_80' title='bbox 518 1188 613 1252; x_wconf 83' lang='lat' dir='ltr'>vaide</span> <span class='ocrx_word' id='word_1_81' title='bbox 634 1189 734 1269; x_wconf 81' lang='lat' dir='ltr'>possit</span> 
     </span>
    </p>

    <p class='ocr_par' dir='ltr' id='par_1_4' title="bbox 273 1296 1554 1383">
     <span class='ocr_line' id='line_1_10' title="bbox 273 1296 1554 1383; baseline 0.005 -26"><span class='ocrx_word' id='word_1_82' title='bbox 273 1301 342 1358; x_wconf 79' lang='lat' dir='ltr'>tot.</span> <span class='ocrx_word' id='word_1_83' title='bbox 385 1296 470 1370; x_wconf 79' lang='lat' dir='ltr'>Quod</span> <span class='ocrx_word' id='word_1_84' title='bbox 491 1296 581 1361; x_wconf 88' lang='lat' dir='ltr'>altera</span> <span class='ocrx_word' id='word_1_85' title='bbox 603 1298 790 1362; x_wconf 89' lang='lat' dir='ltr'>couiirmatur</span> <span class='ocrx_word' id='word_1_86' title='bbox 812 1299 947 1382; x_wconf 76' lang='lat' dir='ltr'>analogia</span> <span class='ocrx_word' id='word_1_87' title='bbox 967 1299 1055 1382; x_wconf 91' lang='lat' dir='ltr'>plane</span> <span class='ocrx_word' id='word_1_88' title='bbox 1077 1299 1265 1383; x_wconf 74' lang='lat' dir='ltr'>dignissima,</span> <span class='ocrx_word' id='word_1_89' title='bbox 1287 1316 1365 1382; x_wconf 84' lang='lat' dir='ltr'>quae</span> <span class='ocrx_word' id='word_1_90' title='bbox 1384 1301 1487 1364; x_wconf 87' lang='lat' dir='ltr'>animo</span> <span class='ocrx_word' id='word_1_91' title='bbox 1510 1300 1554 1363; x_wconf 92' lang='lat' dir='ltr'>di-</span> 
     </span>
    </p>
   </div>
   <div class='ocr_carea' id='block_1_3' title="bbox 48 1404 1552 1493">
    <p class='ocr_par' dir='ltr' id='par_1_5' title="bbox 48 1404 1552 1493">
     <span class='ocr_line' id='line_1_11' title="bbox 48 1404 1552 1493; baseline 0.003 -25"><span class='ocrx_word' id='word_1_92' title='bbox 48 1414 51 1421; x_wconf 85' lang='lat'>&#39;</span> <span class='ocrx_word' id='word_1_93' title='bbox 164 1404 302 1487; x_wconf 62' lang='lat' dir='ltr'>memus</span> <span class='ocrx_word' id='word_1_94' title='bbox 324 1413 483 1488; x_wconf 88' lang='lat' dir='ltr'>reputetur.</span> <span class='ocrx_word' id='word_1_95' title='bbox 526 1406 567 1470; x_wconf 87' lang='lat' dir='ltr'>Ea</span> <span class='ocrx_word' id='word_1_96' title='bbox 590 1415 687 1472; x_wconf 89' lang='lat' dir='ltr'>autem</span> <span class='ocrx_word' id='word_1_97' title='bbox 705 1430 722 1470; x_wconf 81' lang='lat' dir='ltr'>e</span> <span class='ocrx_word' id='word_1_98' title='bbox 737 1406 852 1488; x_wconf 76' lang='lat' dir='ltr'>duplici</span> <span class='ocrx_word' id='word_1_99' title='bbox 872 1417 1014 1489; x_wconf 80' lang='lat' dir='ltr'>respectu</span> <span class='ocrx_word' id='word_1_100' title='bbox 1038 1428 1074 1473; x_wconf 89' lang='lat' dir='ltr'>ac</span> <span class='ocrx_word' id='word_1_101' title='bbox 1091 1418 1199 1473; x_wconf 83' lang='lat' dir='ltr'>mutuo</span> <span class='ocrx_word' id='word_1_102' title='bbox 1209 1429 1303 1490; x_wconf 82' lang='lat' dir='ltr'>prope</span> <span class='ocrx_word' id='word_1_103' title='bbox 1315 1407 1423 1473; x_wconf 76' lang='lat' dir='ltr'>tamn</span> <span class='ocrx_word' id='word_1_104' title='bbox 1443 1412 1552 1493; x_wconf 75' lang='lat' dir='ltr'>prodit,</span> 
     </span>
    </p>
   </div>
   <div class='ocr_carea' id='block_1_4' title="bbox 80 1514 1555 3797">
    <p class='ocr_par' dir='ltr' id='par_1_6' title="bbox 80 1514 1555 2256">
     <span class='ocr_line' id='line_1_12' title="bbox 165 1514 1554 1601; baseline 0.004 -24"><span class='ocrx_word' id='word_1_105' title='bbox 165 1530 224 1596; x_wconf 82' lang='lat' dir='ltr'>quo</span> <span class='ocrx_word' id='word_1_106' title='bbox 244 1521 275 1579; x_wconf 89' lang='lat' dir='ltr'>et</span> <span class='ocrx_word' id='word_1_107' title='bbox 295 1515 483 1580; x_wconf 72' lang='lat' dir='ltr'>universalis</span> <span class='ocrx_word' id='word_1_108' title='bbox 504 1514 633 1581; x_wconf 85' lang='lat' dir='ltr'>enclesis</span> <span class='ocrx_word' id='word_1_109' title='bbox 654 1517 692 1581; x_wconf 89' lang='lat' dir='ltr'>ad</span> <span class='ocrx_word' id='word_1_110' title='bbox 710 1518 901 1601; x_wconf 77' lang='lat' dir='ltr'>particulares</span> <span class='ocrx_word' id='word_1_111' title='bbox 923 1529 1043 1596; x_wconf 84' lang='lat' dir='ltr'>coetus,</span> <span class='ocrx_word' id='word_1_112' title='bbox 1073 1526 1104 1583; x_wconf 90' lang='lat' dir='ltr'>et</span> <span class='ocrx_word' id='word_1_113' title='bbox 1125 1520 1264 1583; x_wconf 83' lang='lat' dir='ltr'>institutio</span> <span class='ocrx_word' id='word_1_114' title='bbox 1282 1527 1425 1600; x_wconf 73' lang='lat' dir='ltr'>minantis</span> <span class='ocrx_word' id='word_1_115' title='bbox 1448 1520 1489 1584; x_wconf 92' lang='lat' dir='ltr'>ad</span> <span class='ocrx_word' id='word_1_116' title='bbox 1511 1522 1554 1582; x_wconf 86' lang='lat' dir='ltr'>iu·</span> 
     </span>
     <span class='ocr_line' id='line_1_13' title="bbox 164 1624 1552 1711; baseline 0.004 -24"><span class='ocrx_word' id='word_1_117' title='bbox 164 1624 342 1690; x_wconf 85' lang='lat' dir='ltr'>stitutionem</span> <span class='ocrx_word' id='word_1_118' title='bbox 369 1626 496 1691; x_wconf 83' lang='lat' dir='ltr'>refertur</span> <span class='ocrx_word' id='word_1_119' title='bbox 522 1634 741 1708; x_wconf 70' lang='lat' dir='ltr'>episcopm,</span> <span class='ocrx_word' id='word_1_120' title='bbox 775 1631 824 1709; x_wconf 84' lang='lat' dir='ltr'>qui</span> <span class='ocrx_word' id='word_1_121' title='bbox 849 1628 1039 1711; x_wconf 79' lang='lat' dir='ltr'>particulares</span> <span class='ocrx_word' id='word_1_122' title='bbox 1074 1637 1191 1709; x_wconf 82' lang='lat' dir='ltr'>coctas,</span> <span class='ocrx_word' id='word_1_123' title='bbox 1224 1628 1381 1692; x_wconf 80' lang='lat' dir='ltr'>Christo⁷²</span> <span class='ocrx_word' id='word_1_124' title='bbox 1411 1637 1552 1710; x_wconf 85' lang='lat' dir='ltr'>auctore,</span> 
     </span>
     <span class='ocr_line' id='line_1_14' title="bbox 166 1733 1554 1820; baseline 0.002 -21"><span class='ocrx_word' id='word_1_125' title='bbox 166 1733 363 1799; x_wconf 84' lang='lat' dir='ltr'>moderantur.</span> <span class='ocrx_word' id='word_1_126' title='bbox 405 1736 655 1811; x_wconf 78' lang='lat' dir='ltr'>Quemadmodum</span> <span class='ocrx_word' id='word_1_127' title='bbox 678 1739 756 1800; x_wconf 90' lang='lat' dir='ltr'>enim</span> <span class='ocrx_word' id='word_1_128' title='bbox 778 1756 838 1801; x_wconf 90' lang='lat' dir='ltr'>uno</span> <span class='ocrx_word' id='word_1_129' title='bbox 858 1737 1025 1820; x_wconf 87' lang='lat' dir='ltr'>eodemque</span> <span class='ocrx_word' id='word_1_130' title='bbox 1052 1740 1105 1813; x_wconf 77' lang='grc' dir='ltr'>τῆς</span> <span class='ocrx_word' id='word_1_131' title='bbox 1130 1738 1293 1815; x_wconf 79' lang='grc' dir='ltr'><strong><em>ἐκκλησίας</em></strong></span> <span class='ocrx_word' id='word_1_132' title='bbox 1314 1741 1433 1802; x_wconf 88' lang='lat' dir='ltr'>nomine</span> <span class='ocrx_word' id='word_1_133' title='bbox 1456 1742 1488 1802; x_wconf 89' lang='lat' dir='ltr'>in</span> <span class='ocrx_word' id='word_1_134' title='bbox 1510 1738 1554 1802; x_wconf 93' lang='lat' dir='ltr'>di·</span> 
     </span>
     <span class='ocr_line' id='line_1_15' title="bbox 165 1844 1554 1929; baseline 0.005 -23"><span class='ocrx_word' id='word_1_135' title='bbox 165 1844 240 1908; x_wconf 84' lang='lat' dir='ltr'>vinis</span> <span class='ocrx_word' id='word_1_136' title='bbox 254 1847 281 1879; x_wconf 80' lang='lat'>⁷⁸</span> <span class='ocrx_word' id='word_1_137' title='bbox 310 1844 429 1925; x_wconf 91' lang='lat' dir='ltr'>litteris,</span> <span class='ocrx_word' id='word_1_138' title='bbox 457 1847 679 1929; x_wconf 77' lang='lat' dir='ltr'>christianisque</span> <span class='ocrx_word' id='word_1_139' title='bbox 694 1850 721 1880; x_wconf 82' lang='lat'>⁷⁴</span> <span class='ocrx_word' id='word_1_140' title='bbox 747 1847 933 1910; x_wconf 87' lang='lat' dir='ltr'>monimentis</span> <span class='ocrx_word' id='word_1_141' title='bbox 959 1854 1018 1909; x_wconf 74' lang='lat' dir='ltr'>mm</span> <span class='ocrx_word' id='word_1_142' title='bbox 1045 1848 1219 1911; x_wconf 85' lang='lat' dir='ltr'>mdversalis</span> <span class='ocrx_word' id='word_1_143' title='bbox 1243 1848 1476 1913; x_wconf 75' lang='lat' dir='ltr'>orthodoxorum</span> <span class='ocrx_word' id='word_1_144' title='bbox 1503 1866 1554 1912; x_wconf 88' lang='lat' dir='ltr'>so-</span> 
     </span>
     <span class='ocr_line' id='line_1_16' title="bbox 159 1954 1554 2041; baseline -0.001 -22"><span class='ocrx_word' id='word_1_145' title='bbox 159 1954 271 2036; x_wconf 80' lang='lat' dir='ltr'>cietas,</span> <span class='ocrx_word' id='word_1_146' title='bbox 293 1972 380 2037; x_wconf 85' lang='lat' dir='ltr'>quam</span> <span class='ocrx_word' id='word_1_147' title='bbox 401 1956 593 2036; x_wconf 78' lang='lat' dir='ltr'>particulares</span> <span class='ocrx_word' id='word_1_148' title='bbox 614 1964 731 2036; x_wconf 76' lang='lat' dir='ltr'>coecas,</span> <span class='ocrx_word' id='word_1_149' title='bbox 753 1956 858 2038; x_wconf 77' lang='lat' dir='ltr'>quilius</span> <span class='ocrx_word' id='word_1_150' title='bbox 880 1956 928 2019; x_wconf 88' lang='lat' dir='ltr'>illa</span> <span class='ocrx_word' id='word_1_151' title='bbox 950 1962 1073 2036; x_wconf 81' lang='lat' dir='ltr'>conatm,</span> <span class='ocrx_word' id='word_1_152' title='bbox 1096 1957 1304 2041; x_wconf 78' lang='lat' dir='ltr'>designantiu3</span> <span class='ocrx_word' id='word_1_153' title='bbox 1325 1960 1363 2022; x_wconf 89' lang='lat' dir='ltr'>ita</span> <span class='ocrx_word' id='word_1_154' title='bbox 1387 1959 1554 2021; x_wconf 87' lang='lat' dir='ltr'>arctissima</span> 
     </span>
     <span class='ocr_line' id='line_1_17' title="bbox 166 2064 1555 2150; baseline 0.001 -23"><span class='ocrx_word' id='word_1_155' title='bbox 166 2070 212 2127; x_wconf 89' lang='lat' dir='ltr'>est</span> <span class='ocrx_word' id='word_1_156' title='bbox 239 2065 390 2148; x_wconf 75' lang='lat' dir='ltr'>andogia,</span> <span class='ocrx_word' id='word_1_157' title='bbox 420 2084 479 2146; x_wconf 78' lang='lat' dir='ltr'>quta</span> <span class='ocrx_word' id='word_1_158' title='bbox 504 2064 609 2129; x_wconf 84' lang='lat' dir='ltr'>diffusa</span> <span class='ocrx_word' id='word_1_159' title='bbox 635 2065 731 2129; x_wconf 83' lang='lat' dir='ltr'>ultivis</span> <span class='ocrx_word' id='word_1_160' title='bbox 755 2065 985 2129; x_wconf 80' lang='lat' dir='ltr'>orthodoxorum</span> <span class='ocrx_word' id='word_1_161' title='bbox 1018 2065 1237 2130; x_wconf 82' lang='lat' dir='ltr'>ecclesianam</span> <span class='ocrx_word' id='word_1_162' title='bbox 1265 2067 1388 2150; x_wconf 75' lang='lat' dir='ltr'>singuiis</span> <span class='ocrx_word' id='word_1_163' title='bbox 1416 2066 1555 2130; x_wconf 86' lang='lat' dir='ltr'>eiusdem</span> 
     </span>
     <span class='ocr_line' id='line_1_18' title="bbox 80 2173 486 2256; baseline -0.005 -18"><span class='ocrx_word' id='word_1_164' title='bbox 80 2208 82 2213; x_wconf 95' lang='lat'>·</span> <span class='ocrx_word' id='word_1_165' title='bbox 166 2173 295 2256; x_wconf 74' lang='lat' dir='ltr'>paribus</span> <span class='ocrx_word' id='word_1_166' title='bbox 316 2173 486 2240; x_wconf 85' lang='lat' dir='ltr'>devincitur.</span> 
     </span>
    </p>

    <p class='ocr_par' dir='ltr' id='par_1_7' title="bbox 166 2262 1555 3355">
     <span class='ocr_line' id='line_1_19' title="bbox 272 2262 1555 2368; baseline 0 -19"><span class='ocrx_word' id='word_1_167' title='bbox 272 2283 309 2348; x_wconf 85' lang='lat' dir='ltr'>Et</span> <span class='ocrx_word' id='word_1_168' title='bbox 328 2303 401 2349; x_wconf 88' lang='lat' dir='ltr'>sane</span> <span class='ocrx_word' id='word_1_169' title='bbox 422 2284 668 2368; x_wconf 86' lang='lat' dir='ltr'>quemadmodum</span> <span class='ocrx_word' id='word_1_170' title='bbox 687 2285 725 2348; x_wconf 91' lang='lat' dir='ltr'>de</span> <span class='ocrx_word' id='word_1_171' title='bbox 746 2283 830 2348; x_wconf 88' lang='lat' dir='ltr'>hisce</span> <span class='ocrx_word' id='word_1_172' title='bbox 850 2285 986 2348; x_wconf 88' lang='lat' dir='ltr'>omnibus</span> <span class='ocrx_word' id='word_1_173' title='bbox 1006 2262 1161 2348; x_wconf 78' lang='lat' dir='ltr'>verissime</span> <span class='ocrx_word' id='word_1_174' title='bbox 1182 2285 1362 2365; x_wconf 76' lang='lat' dir='ltr'>affirmatur,</span> <span class='ocrx_word' id='word_1_175' title='bbox 1391 2286 1473 2368; x_wconf 83' lang='lat' dir='ltr'>quod</span> <span class='ocrx_word' id='word_1_176' title='bbox 1495 2287 1555 2349; x_wconf 90' lang='lat' dir='ltr'>sint</span> 
     </span>
     <span class='ocr_line' id='line_1_20' title="bbox 166 2393 1553 2475; baseline -0.001 -16"><span class='ocrx_word' id='word_1_177' title='bbox 166 2414 231 2459; x_wconf 86' lang='grc' dir='ltr'><strong><em>ιιιισ</em></strong></span> <span class='ocrx_word' id='word_1_178' title='bbox 251 2395 377 2470; x_wconf 72' lang='grc' dir='ltr'><strong><em>ὀσσιιιι,</em></strong></span> <span class='ocrx_word' id='word_1_179' title='bbox 403 2416 468 2458; x_wconf 79' lang='lat' dir='ltr'>una</span> <span class='ocrx_word' id='word_1_180' title='bbox 488 2401 613 2470; x_wconf 74' lang='grc' dir='ltr'><strong><em>σιόιισι,</em></strong></span> <span class='ocrx_word' id='word_1_181' title='bbox 643 2414 800 2475; x_wconf 74' lang='lat' dir='ltr'>unumque</span> <span class='ocrx_word' id='word_1_182' title='bbox 821 2393 916 2471; x_wconf 56' lang='lat' dir='ltr'>octin-</span> <span class='ocrx_word' id='word_1_183' title='bbox 944 2398 982 2459; x_wconf 88' lang='lat' dir='ltr'>ita</span> <span class='ocrx_word' id='word_1_184' title='bbox 1006 2394 1044 2458; x_wconf 92' lang='lat' dir='ltr'>de</span> <span class='ocrx_word' id='word_1_185' title='bbox 1065 2398 1202 2460; x_wconf 89' lang='lat' dir='ltr'>universa</span> <span class='ocrx_word' id='word_1_186' title='bbox 1226 2394 1457 2459; x_wconf 82' lang='lat' dir='ltr'>orthodoxorum</span> <span class='ocrx_word' id='word_1_187' title='bbox 1480 2413 1553 2458; x_wconf 90' lang='lat' dir='ltr'>oon-</span> 
     </span>
     <span class='ocr_line' id='line_1_21' title="bbox 168 2504 1555 2593; baseline 0.001 -26"><span class='ocrx_word' id='word_1_188' title='bbox 168 2506 254 2593; x_wconf 80' lang='lat' dir='ltr'>elone</span> <span class='ocrx_word' id='word_1_189' title='bbox 274 2504 400 2587; x_wconf 88' lang='lat' dir='ltr'>idipsum</span> <span class='ocrx_word' id='word_1_190' title='bbox 423 2506 517 2586; x_wconf 87' lang='lat' dir='ltr'>repeti</span> <span class='ocrx_word' id='word_1_191' title='bbox 543 2505 646 2585; x_wconf 86' lang='lat' dir='ltr'>debet,</span> <span class='ocrx_word' id='word_1_192' title='bbox 674 2523 764 2587; x_wconf 88' lang='lat' dir='ltr'>quum</span> <span class='ocrx_word' id='word_1_193' title='bbox 789 2523 889 2587; x_wconf 86' lang='lat' dir='ltr'>neque</span> <span class='ocrx_word' id='word_1_194' title='bbox 915 2505 980 2569; x_wconf 89' lang='lat' dir='ltr'>aliis</span> <span class='ocrx_word' id='word_1_195' title='bbox 1001 2505 1177 2588; x_wconf 77' lang='lat' dir='ltr'>imaginihus</span> <span class='ocrx_word' id='word_1_196' title='bbox 1203 2509 1232 2568; x_wconf 91' lang='lat' dir='ltr'>in</span> <span class='ocrx_word' id='word_1_197' title='bbox 1253 2506 1410 2587; x_wconf 76' lang='lat' dir='ltr'>scripturis</span> <span class='ocrx_word' id='word_1_198' title='bbox 1430 2522 1555 2587; x_wconf 82' lang='lat' dir='ltr'>reprae-</span> 
     </span>
     <span class='ocr_line' id='line_1_22' title="bbox 169 2613 1554 2697; baseline -0.001 -18"><span class='ocrx_word' id='word_1_199' title='bbox 169 2621 317 2696; x_wconf 88' lang='lat' dir='ltr'>sentetur,</span> <span class='ocrx_word' id='word_1_200' title='bbox 338 2632 438 2696; x_wconf 83' lang='lat' dir='ltr'>neque</span> <span class='ocrx_word' id='word_1_201' title='bbox 460 2616 565 2677; x_wconf 86' lang='lat' dir='ltr'>minori</span> <span class='ocrx_word' id='word_1_202' title='bbox 589 2616 653 2678; x_wconf 91' lang='lat' dir='ltr'>iure</span> <span class='ocrx_word' id='word_1_203' title='bbox 675 2613 775 2677; x_wconf 89' lang='lat' dir='ltr'>dotem</span> <span class='ocrx_word' id='word_1_204' title='bbox 796 2616 1066 2697; x_wconf 84' lang='lat' dir='ltr'>proprietatemque</span> <span class='ocrx_word' id='word_1_205' title='bbox 1086 2616 1204 2678; x_wconf 88' lang='lat' dir='ltr'>unitatis</span> <span class='ocrx_word' id='word_1_206' title='bbox 1223 2613 1279 2678; x_wconf 82' lang='lat' dir='ltr'>stoi</span> <span class='ocrx_word' id='word_1_207' title='bbox 1300 2614 1435 2677; x_wconf 70' lang='lat' dir='ltr'>dedicet</span> <span class='ocrx_word' id='word_1_208' title='bbox 1468 2613 1554 2679; x_wconf 87' lang='lat' dir='ltr'>Unde</span> 
     </span>
     <span class='ocr_line' id='line_1_23' title="bbox 168 2719 1554 2808; baseline -0.003 -19"><span class='ocrx_word' id='word_1_209' title='bbox 168 2743 290 2789; x_wconf 83' lang='lat' dir='ltr'>aureum</span> <span class='ocrx_word' id='word_1_210' title='bbox 326 2723 525 2808; x_wconf 79' lang='lat' dir='ltr'>Chrysostomi</span> <span class='ocrx_word' id='word_1_211' title='bbox 539 2729 567 2761; x_wconf 81' lang='lat'>⁷⁵</span> <span class='ocrx_word' id='word_1_212' title='bbox 597 2723 731 2788; x_wconf 81' lang='lat' dir='ltr'>effatum:</span> <span class='ocrx_word' id='word_1_213' title='bbox 777 2721 818 2787; x_wconf 78' lang='lat' dir='ltr'>lsi</span> <span class='ocrx_word' id='word_1_214' title='bbox 852 2724 1000 2802; x_wconf 75' lang='grc' dir='ltr'>ἐκκλησία</span> <span class='ocrx_word' id='word_1_215' title='bbox 1028 2723 1114 2787; x_wconf 75' lang='grc' dir='ltr'><strong><em>θεοῦ</em></strong></span> <span class='ocrx_word' id='word_1_216' title='bbox 1138 2728 1236 2799; x_wconf 76' lang='grc' dir='ltr'><strong><em>ἐστιν,</em></strong></span> <span class='ocrx_word' id='word_1_217' title='bbox 1266 2719 1383 2801; x_wconf 77' lang='grc' dir='ltr'><strong><em>ἥνωται</em></strong></span> <span class='ocrx_word' id='word_1_218' title='bbox 1409 2722 1466 2786; x_wconf 80' lang='grc' dir='ltr'>καὶ</span> <span class='ocrx_word' id='word_1_219' title='bbox 1495 2723 1554 2807; x_wconf 74' lang='lat' dir='ltr'>pin</span> 
     </span>
     <span class='ocr_line' id='line_1_24' title="bbox 167 2825 1553 2919; baseline -0.002 -19"><span class='ocrx_word' id='word_1_220' title='bbox 167 2835 267 2911; x_wconf 68' lang='grc' dir='ltr'><strong><em>ἐστιν,</em></strong></span> <span class='ocrx_word' id='word_1_221' title='bbox 297 2832 357 2900; x_wconf 80' lang='grc' dir='ltr'>οὐκ</span> <span class='ocrx_word' id='word_1_222' title='bbox 375 2840 410 2898; x_wconf 76' lang='grc' dir='ltr'>ἐν</span> <span class='ocrx_word' id='word_1_223' title='bbox 429 2830 593 2919; x_wconf 62' lang='grc' dir='ltr'><strong><em>Κορίνθῳ</em></strong></span> <span class='ocrx_word' id='word_1_224' title='bbox 614 2837 727 2917; x_wconf 76' lang='grc' dir='ltr'><strong><em>μόνον,</em></strong></span> <span class='ocrx_word' id='word_1_225' title='bbox 755 2828 838 2899; x_wconf 77' lang='lat' dir='ltr'>dttd</span> <span class='ocrx_word' id='word_1_226' title='bbox 859 2834 912 2898; x_wconf 78' lang='grc' dir='ltr'>καὶ</span> <span class='ocrx_word' id='word_1_227' title='bbox 932 2838 968 2896; x_wconf 76' lang='grc' dir='ltr'>ἐν</span> <span class='ocrx_word' id='word_1_228' title='bbox 988 2832 1072 2918; x_wconf 76' lang='grc' dir='ltr'><strong><em>πάσῃ</em></strong></span> <span class='ocrx_word' id='word_1_229' title='bbox 1091 2836 1128 2916; x_wconf 75' lang='grc' dir='ltr'>τῇ</span> <span class='ocrx_word' id='word_1_230' title='bbox 1148 2825 1329 2916; x_wconf 74' lang='grc' dir='ltr'><strong><em>οἰκουμένη.</em></strong></span> <span class='ocrx_word' id='word_1_231' title='bbox 1358 2831 1395 2896; x_wconf 85' lang='grc' dir='ltr'>τὸ</span> <span class='ocrx_word' id='word_1_232' title='bbox 1414 2831 1479 2915; x_wconf 78' lang='lat' dir='ltr'>yolo</span> <span class='ocrx_word' id='word_1_233' title='bbox 1501 2834 1553 2910; x_wconf 80' lang='grc' dir='ltr'>τῆς</span> 
     </span>
     <span class='ocr_line' id='line_1_25' title="bbox 167 2939 1550 3027; baseline -0.005 -16"><span class='ocrx_word' id='word_1_234' title='bbox 167 2945 331 3023; x_wconf 64' lang='grc' dir='ltr'><strong><em>ἐκκλησίας</em></strong></span> <span class='ocrx_word' id='word_1_235' title='bbox 358 2945 462 3027; x_wconf 72' lang='grc' dir='ltr'><strong><em>ὄνομα</em></strong></span> <span class='ocrx_word' id='word_1_236' title='bbox 489 2943 529 3008; x_wconf 81' lang='lat' dir='ltr'>od</span> <span class='ocrx_word' id='word_1_237' title='bbox 558 2946 742 3027; x_wconf 79' lang='grc' dir='ltr'><strong><em>χωρισμοῦ,</em></strong></span> <span class='ocrx_word' id='word_1_238' title='bbox 768 2939 852 3008; x_wconf 78' lang='lat' dir='ltr'>oillei</span> <span class='ocrx_word' id='word_1_239' title='bbox 881 2943 1025 3019; x_wconf 69' lang='lat' dir='ltr'>immoene</span> <span class='ocrx_word' id='word_1_240' title='bbox 1045 2945 1098 3008; x_wconf 80' lang='lat' dir='ltr'>xci</span> <span class='ocrx_word' id='word_1_241' title='bbox 1118 2946 1307 3026; x_wconf 76' lang='grc' dir='ltr'><strong><em>συμφωνίας</em></strong></span> <span class='ocrx_word' id='word_1_242' title='bbox 1334 2943 1416 3006; x_wconf 75' lang='grc' dir='ltr'><strong><em>ἐστὶν</em></strong></span> <span class='ocrx_word' id='word_1_243' title='bbox 1437 2942 1550 3025; x_wconf 77' lang='grc' dir='ltr'><strong><em>ὄνομα.</em></strong></span> 
     </span>
     <span class='ocr_line' id='line_1_26' title="bbox 169 3052 1552 3132; baseline -0.004 -12"><span class='ocrx_word' id='word_1_244' title='bbox 169 3053 209 3120; x_wconf 71' lang='lat' dir='ltr'>Si</span> <span class='ocrx_word' id='word_1_245' title='bbox 237 3054 367 3121; x_wconf 81' lang='lat' dir='ltr'>ecclesio</span> <span class='ocrx_word' id='word_1_246' title='bbox 391 3052 451 3117; x_wconf 82' lang='lat' dir='ltr'>Dei</span> <span class='ocrx_word' id='word_1_247' title='bbox 475 3063 538 3132; x_wconf 82' lang='lat' dir='ltr'>est,</span> <span class='ocrx_word' id='word_1_248' title='bbox 562 3062 651 3119; x_wconf 81' lang='lat' dir='ltr'>entts</span> <span class='ocrx_word' id='word_1_249' title='bbox 681 3062 710 3117; x_wconf 87' lang='lat' dir='ltr'>et</span> <span class='ocrx_word' id='word_1_250' title='bbox 735 3075 799 3117; x_wconf 80' lang='grc' dir='ltr'><strong><em>ιιιισ</em></strong></span> <span class='ocrx_word' id='word_1_251' title='bbox 821 3061 883 3131; x_wconf 86' lang='lat' dir='ltr'>est,</span> <span class='ocrx_word' id='word_1_252' title='bbox 911 3073 971 3116; x_wconf 91' lang='lat' dir='ltr'>non</span> <span class='ocrx_word' id='word_1_253' title='bbox 992 3052 1093 3117; x_wconf 80' lang='lat' dir='ltr'>soloni</span> <span class='ocrx_word' id='word_1_254' title='bbox 1112 3052 1383 3117; x_wconf 56' lang='lat' dir='ltr'>eneruem„</span> <span class='ocrx_word' id='word_1_255' title='bbox 1404 3058 1499 3117; x_wconf 82' lang='lat' dir='ltr'>etiarn</span> <span class='ocrx_word' id='word_1_256' title='bbox 1519 3058 1552 3114; x_wconf 80' lang='lat' dir='ltr'>tn</span> 
     </span>
     <span class='ocr_line' id='line_1_27' title="bbox 170 3160 1552 3243; baseline -0.004 -13"><span class='ocrx_word' id='word_1_257' title='bbox 170 3172 313 3230; x_wconf 71' lang='grc' dir='ltr'><strong><em>ιιιιιοισιο</em></strong></span> <span class='ocrx_word' id='word_1_258' title='bbox 333 3173 490 3228; x_wconf 78' lang='lat' dir='ltr'>terrorum</span> <span class='ocrx_word' id='word_1_259' title='bbox 511 3162 590 3227; x_wconf 78' lang='lat' dir='ltr'>orbe.</span> <span class='ocrx_word' id='word_1_260' title='bbox 633 3160 795 3227; x_wconf 77' lang='lat' dir='ltr'>Ecclesiae</span> <span class='ocrx_word' id='word_1_261' title='bbox 814 3183 944 3243; x_wconf 81' lang='grc' dir='ltr'><strong><em>ιισσιηιισ</em></strong></span> <span class='ocrx_word' id='word_1_262' title='bbox 963 3182 1072 3226; x_wconf 84' lang='lat' dir='ltr'>nomen</span> <span class='ocrx_word' id='word_1_263' title='bbox 1091 3184 1153 3226; x_wconf 90' lang='lat' dir='ltr'>non</span> <span class='ocrx_word' id='word_1_264' title='bbox 1173 3163 1330 3226; x_wconf 72' lang='lat' dir='ltr'>monsone</span> <span class='ocrx_word' id='word_1_265' title='bbox 1351 3162 1409 3225; x_wconf 84' lang='lat' dir='ltr'>aed</span> <span class='ocrx_word' id='word_1_266' title='bbox 1426 3169 1552 3226; x_wconf 83' lang='lat' dir='ltr'>entonis</span> 
     </span>
     <span class='ocr_line' id='line_1_28' title="bbox 169 3280 653 3355; baseline -0.01 -16"><span class='ocrx_word' id='word_1_267' title='bbox 169 3284 262 3355; x_wconf 76' lang='lat' dir='ltr'>mnne</span> <span class='ocrx_word' id='word_1_268' title='bbox 280 3294 449 3339; x_wconf 75' lang='lat' dir='ltr'>comensem</span> <span class='ocrx_word' id='word_1_269' title='bbox 458 3282 575 3339; x_wconf 78' lang='grc' dir='ltr'><strong><em>’σοσισιι</em></strong></span> <span class='ocrx_word' id='word_1_270' title='bbox 596 3280 653 3336; x_wconf 83' lang='lat' dir='ltr'>est.</span> 
     </span>
    </p>

    <p class='ocr_par' dir='ltr' id='par_1_8' title="bbox 171 3381 1555 3797">
     <span class='ocr_line' id='line_1_29' title="bbox 277 3381 1555 3466; baseline -0.003 -18"><span class='ocrx_word' id='word_1_271' title='bbox 277 3384 415 3448; x_wconf 82' lang='lat' dir='ltr'>iamvero</span> <span class='ocrx_word' id='word_1_272' title='bbox 424 3402 500 3465; x_wconf 87' lang='lat' dir='ltr'>quae</span> <span class='ocrx_word' id='word_1_273' title='bbox 510 3383 562 3446; x_wconf 80' lang='lat' dir='ltr'>nat</span> <span class='ocrx_word' id='word_1_274' title='bbox 570 3386 644 3447; x_wconf 89' lang='lat' dir='ltr'>ratio</span> <span class='ocrx_word' id='word_1_275' title='bbox 655 3384 823 3448; x_wconf 90' lang='lat' dir='ltr'>instituendi</span> <span class='ocrx_word' id='word_1_276' title='bbox 832 3383 999 3466; x_wconf 77' lang='lat' dir='ltr'>singulares</span> <span class='ocrx_word' id='word_1_277' title='bbox 1008 3381 1162 3464; x_wconf 84' lang='lat' dir='ltr'>praesules</span> <span class='ocrx_word' id='word_1_278' title='bbox 1175 3384 1224 3464; x_wconf 85' lang='lat' dir='ltr'>qui</span> <span class='ocrx_word' id='word_1_279' title='bbox 1236 3381 1402 3464; x_wconf 72' lang='lat' dir='ltr'>singrdarm</span> <span class='ocrx_word' id='word_1_280' title='bbox 1413 3387 1555 3464; x_wconf 82' lang='lat' dir='ltr'>regerent</span> 
     </span>
     <span class='ocr_line' id='line_1_30' title="bbox 172 3491 1554 3576; baseline -0.004 -17"><span class='ocrx_word' id='word_1_281' title='bbox 172 3502 292 3574; x_wconf 83' lang='lat' dir='ltr'>mens,</span> <span class='ocrx_word' id='word_1_282' title='bbox 319 3494 444 3575; x_wconf 87' lang='lat' dir='ltr'>illosque</span> <span class='ocrx_word' id='word_1_283' title='bbox 464 3496 494 3556; x_wconf 93' lang='lat' dir='ltr'>in</span> <span class='ocrx_word' id='word_1_284' title='bbox 515 3495 624 3557; x_wconf 91' lang='lat' dir='ltr'>unitate</span> <span class='ocrx_word' id='word_1_285' title='bbox 644 3496 842 3576; x_wconf 74' lang='lat' dir='ltr'>mndnerent3</span> <span class='ocrx_word' id='word_1_286' title='bbox 869 3493 973 3557; x_wconf 89' lang='lat' dir='ltr'>eadem</span> <span class='ocrx_word' id='word_1_287' title='bbox 995 3491 1110 3557; x_wconf 81' lang='lat' dir='ltr'>Christo</span> <span class='ocrx_word' id='word_1_288' title='bbox 1134 3493 1281 3574; x_wconf 91' lang='lat' dir='ltr'>persuasit</span> <span class='ocrx_word' id='word_1_289' title='bbox 1303 3499 1335 3554; x_wconf 91' lang='lat' dir='ltr'>ut</span> <span class='ocrx_word' id='word_1_290' title='bbox 1354 3492 1554 3555; x_wconf 86' lang='lat' dir='ltr'>universalem</span> 
     </span>
     <span class='ocr_line' id='line_1_31' title="bbox 172 3600 1553 3686; baseline -0.003 -18"><span class='ocrx_word' id='word_1_291' title='bbox 172 3611 287 3669; x_wconf 88' lang='lat' dir='ltr'>crearet</span> <span class='ocrx_word' id='word_1_292' title='bbox 300 3605 463 3686; x_wconf 86' lang='lat' dir='ltr'>primatem,</span> <span class='ocrx_word' id='word_1_293' title='bbox 477 3602 676 3685; x_wconf 87' lang='lat' dir='ltr'>universoque</span> <span class='ocrx_word' id='word_1_294' title='bbox 688 3604 758 3666; x_wconf 85' lang='lat' dir='ltr'>ovili</span> <span class='ocrx_word' id='word_1_295' title='bbox 772 3603 955 3686; x_wconf 80' lang='lat' dir='ltr'>praeficeret</span> <span class='ocrx_word' id='word_1_296' title='bbox 976 3601 1043 3665; x_wconf 89' lang='lat' dir='ltr'>Nou</span> <span class='ocrx_word' id='word_1_297' title='bbox 1054 3601 1109 3665; x_wconf 89' lang='lat' dir='ltr'>alia</span> <span class='ocrx_word' id='word_1_298' title='bbox 1123 3601 1260 3665; x_wconf 84' lang='lat' dir='ltr'>videlicet</span> <span class='ocrx_word' id='word_1_299' title='bbox 1274 3608 1372 3664; x_wconf 88' lang='lat' dir='ltr'>mente</span> <span class='ocrx_word' id='word_1_300' title='bbox 1386 3600 1553 3683; x_wconf 78' lang='lat' dir='ltr'>singulares</span> 
     </span>
     <span class='ocr_line' id='line_1_32' title="bbox 171 3711 1551 3797; baseline -0.007 -16"><span class='ocrx_word' id='word_1_301' title='bbox 171 3713 364 3781; x_wconf 71' lang='lat' dir='ltr'>monendos</span> <span class='ocrx_word' id='word_1_302' title='bbox 381 3715 533 3795; x_wconf 87' lang='lat' dir='ltr'>praecepit</span> <span class='ocrx_word' id='word_1_303' title='bbox 548 3716 700 3794; x_wconf 86' lang='lat' dir='ltr'>antistites,</span> <span class='ocrx_word' id='word_1_304' title='bbox 724 3715 772 3797; x_wconf 84' lang='lat' dir='ltr'>qui</span> <span class='ocrx_word' id='word_1_305' title='bbox 787 3715 847 3778; x_wconf 89' lang='lat' dir='ltr'>suis</span> <span class='ocrx_word' id='word_1_306' title='bbox 862 3716 970 3796; x_wconf 88' lang='lat' dir='ltr'>quique</span> <span class='ocrx_word' id='word_1_307' title='bbox 985 3711 1118 3776; x_wconf 83' lang='lat' dir='ltr'>coetibus</span> <span class='ocrx_word' id='word_1_308' title='bbox 1135 3728 1274 3793; x_wconf 86' lang='lat' dir='ltr'>supremo</span> <span class='ocrx_word' id='word_1_309' title='bbox 1289 3712 1352 3774; x_wconf 91' lang='lat' dir='ltr'>iure</span> <span class='ocrx_word' id='word_1_310' title='bbox 1368 3717 1551 3792; x_wconf 79' lang='lat' dir='ltr'>praeessem,</span> 
     </span>
    </p>
   </div>
   <div class='ocr_carea' id='block_1_5' title="bbox 174 3921 1554 5066">
    <p class='ocr_par' dir='ltr' id='par_1_9' title="bbox 174 3921 1553 4318">
     <span class='ocr_line' id='line_1_33' title="bbox 236 3921 1553 4004; baseline -0.005 -19"><span class='ocrx_word' id='word_1_311' title='bbox 236 3927 282 4004; x_wconf 74' lang='lat'>²²)</span> <span class='ocrx_word' id='word_1_312' title='bbox 307 3927 365 3985; x_wconf 90' lang='lat' dir='ltr'>lloc</span> <span class='ocrx_word' id='word_1_313' title='bbox 390 3933 547 4000; x_wconf 72' lang='lat' dir='ltr'>argumento</span> <span class='ocrx_word' id='word_1_314' title='bbox 573 3927 705 4000; x_wconf 75' lang='lat' dir='ltr'>anglicani</span> <span class='ocrx_word' id='word_1_315' title='bbox 726 3927 837 4001; x_wconf 90' lang='lat' dir='ltr'>potissi-</span> <span class='ocrx_word' id='word_1_316' title='bbox 887 3926 946 3981; x_wconf 86' lang='lat' dir='ltr'>bins</span> <span class='ocrx_word' id='word_1_317' title='bbox 968 3924 1113 3982; x_wconf 79' lang='lat' dir='ltr'>monachus</span> <span class='ocrx_word' id='word_1_318' title='bbox 1133 3924 1203 3997; x_wconf 85' lang='lat' dir='ltr'>apud</span> <span class='ocrx_word' id='word_1_319' title='bbox 1216 3923 1348 3996; x_wconf 75' lang='lat' dir='ltr'>Plotium,</span> <span class='ocrx_word' id='word_1_320' title='bbox 1368 3922 1429 3978; x_wconf 85' lang='lat' dir='ltr'>cod.</span> <span class='ocrx_word' id='word_1_321' title='bbox 1443 3921 1553 3996; x_wconf 75' lang='lat' dir='ltr'>cxxll3</span> 
     </span>
     <span class='ocr_line' id='line_1_34' title="bbox 175 4028 1553 4108; baseline -0.004 -18"><span class='ocrx_word' id='word_1_322' title='bbox 175 4050 245 4090; x_wconf 88' lang='lat' dir='ltr'>mum</span> <span class='ocrx_word' id='word_1_323' title='bbox 266 4034 367 4091; x_wconf 84' lang='lat' dir='ltr'>moveri</span> <span class='ocrx_word' id='word_1_324' title='bbox 387 4034 499 4106; x_wconf 88' lang='lat' dir='ltr'>debent,</span> <span class='ocrx_word' id='word_1_325' title='bbox 527 4035 572 4105; x_wconf 85' lang='lat' dir='ltr'>qui</span> <span class='ocrx_word' id='word_1_326' title='bbox 592 4034 711 4091; x_wconf 81' lang='lat' dir='ltr'>divinam</span> <span class='ocrx_word' id='word_1_327' title='bbox 731 4035 837 4108; x_wconf 88' lang='lat' dir='ltr'>episco-</span> <span class='ocrx_word' id='word_1_328' title='bbox 888 4030 1000 4103; x_wconf 78' lang='lat' dir='ltr'>cyrillam</span> <span class='ocrx_word' id='word_1_329' title='bbox 1022 4030 1208 4087; x_wconf 84' lang='lat' dir='ltr'>alexandrinus</span> <span class='ocrx_word' id='word_1_330' title='bbox 1228 4032 1255 4087; x_wconf 90' lang='lat' dir='ltr'>in</span> <span class='ocrx_word' id='word_1_331' title='bbox 1278 4046 1336 4102; x_wconf 86' lang='lat' dir='ltr'>cap.</span> <span class='ocrx_word' id='word_1_332' title='bbox 1353 4028 1431 4086; x_wconf 81' lang='lat' dir='ltr'>xsu.</span> <span class='ocrx_word' id='word_1_333' title='bbox 1452 4029 1553 4103; x_wconf 74' lang='lat' dir='ltr'>lsmse3</span> 
     </span>
     <span class='ocr_line' id='line_1_35' title="bbox 174 4133 1553 4215; baseline -0.004 -19"><span class='ocrx_word' id='word_1_334' title='bbox 174 4154 268 4214; x_wconf 83' lang='lat' dir='ltr'>porum</span> <span class='ocrx_word' id='word_1_335' title='bbox 289 4139 493 4214; x_wconf 83' lang='lat' dir='ltr'>iustitutionem,</span> <span class='ocrx_word' id='word_1_336' title='bbox 514 4154 748 4215; x_wconf 79' lang='lat' dir='ltr'>eorumqocsupra</span> <span class='ocrx_word' id='word_1_337' title='bbox 763 4155 838 4215; x_wconf 89' lang='lat' dir='ltr'>pres·</span> <span class='ocrx_word' id='word_1_338' title='bbox 888 4137 1067 4195; x_wconf 76' lang='lat' dir='ltr'>theodoritus</span> <span class='ocrx_word' id='word_1_339' title='bbox 1098 4140 1125 4195; x_wconf 89' lang='lat' dir='ltr'>iu</span> <span class='ocrx_word' id='word_1_340' title='bbox 1154 4138 1197 4195; x_wconf 83' lang='lat' dir='ltr'>Pa.</span> <span class='ocrx_word' id='word_1_341' title='bbox 1218 4136 1279 4213; x_wconf 82' lang='lat' dir='ltr'>lil3</span> <span class='ocrx_word' id='word_1_342' title='bbox 1312 4134 1488 4194; x_wconf 82' lang='lat' dir='ltr'>Oecomeuius</span> <span class='ocrx_word' id='word_1_343' title='bbox 1519 4133 1553 4191; x_wconf 79' lang='lat' dir='ltr'>nd</span> 
     </span>
     <span class='ocr_line' id='line_1_36' title="bbox 175 4220 1552 4318; baseline -0.006 -15"><span class='ocrx_word' id='word_1_344' title='bbox 175 4246 286 4318; x_wconf 70' lang='lat' dir='ltr'>byteros</span> <span class='ocrx_word' id='word_1_345' title='bbox 306 4220 493 4303; x_wconf 74' lang='lat' dir='ltr'>anctoritatem</span> <span class='ocrx_word' id='word_1_346' title='bbox 513 4252 627 4303; x_wconf 84' lang='lat' dir='ltr'>tuentm.</span> <span class='ocrx_word' id='word_1_347' title='bbox 888 4242 1102 4318; x_wconf 80' lang='lat' dir='ltr'>l.Thess.l13</span> <span class='ocrx_word' id='word_1_348' title='bbox 1128 4249 1157 4299; x_wconf 89' lang='lat' dir='ltr'>et</span> <span class='ocrx_word' id='word_1_349' title='bbox 1176 4242 1297 4316; x_wconf 66' lang='lat' dir='ltr'>synodus</span> <span class='ocrx_word' id='word_1_350' title='bbox 1322 4240 1552 4312; x_wconf 77' lang='lat' dir='ltr'>chalcedonensis,</span> 
     </span>
    </p>

    <p class='ocr_par' dir='ltr' id='par_1_10' title="bbox 175 4338 1553 4754">
     <span class='ocr_line' id='line_1_37' title="bbox 238 4338 1050 4427; baseline 0 -21"><span class='ocrx_word' id='word_1_351' title='bbox 238 4351 284 4426; x_wconf 68' lang='grc' dir='ltr'>Η)</span> <span class='ocrx_word' id='word_1_352' title='bbox 298 4350 320 4406; x_wconf 84' lang='lat'>1.</span> <span class='ocrx_word' id='word_1_353' title='bbox 328 4349 389 4408; x_wconf 86' lang='lat' dir='ltr'>Cor.</span> <span class='ocrx_word' id='word_1_354' title='bbox 400 4352 446 4410; x_wconf 87' lang='lat' dir='ltr'>vl.</span> <span class='ocrx_word' id='word_1_355' title='bbox 457 4338 490 4427; x_wconf 80' lang='lat' dir='ltr'>t‚&#39;</span> <span class='ocrx_word' id='word_1_356' title='bbox 499 4352 589 4427; x_wconf 60' lang='lat' dir='ltr'>xeo,</span> <span class='ocrx_word' id='word_1_357' title='bbox 603 4352 648 4411; x_wconf 77' lang='lat' dir='ltr'>xi</span> <span class='ocrx_word' id='word_1_358' title='bbox 660 4352 707 4427; x_wconf 79' lang='lat'>22,</span> <span class='ocrx_word' id='word_1_359' title='bbox 721 4352 779 4410; x_wconf 87' lang='lat' dir='ltr'>llll.</span> <span class='ocrx_word' id='word_1_360' title='bbox 790 4352 838 4426; x_wconf 78' lang='lat'>28,</span> <span class='ocrx_word' id='word_1_361' title='bbox 889 4367 946 4407; x_wconf 88' lang='lat' dir='ltr'>cau.</span> <span class='ocrx_word' id='word_1_362' title='bbox 967 4348 1050 4406; x_wconf 78' lang='lat' dir='ltr'>xvtt</span> 
     </span>
     <span class='ocr_line' id='line_1_38' title="bbox 175 4440 1553 4533; baseline -0.004 -19"><span class='ocrx_word' id='word_1_363' title='bbox 175 4456 369 4533; x_wconf 63' lang='lat' dir='ltr'>apresens,</span> <span class='ocrx_word' id='word_1_364' title='bbox 390 4459 451 4515; x_wconf 76' lang='lat' dir='ltr'>sn.</span> <span class='ocrx_word' id='word_1_365' title='bbox 466 4458 536 4516; x_wconf 82' lang='lat' dir='ltr'>vor.</span> <span class='ocrx_word' id='word_1_366' title='bbox 556 4459 586 4532; x_wconf 87' lang='lat'>1,</span> <span class='ocrx_word' id='word_1_367' title='bbox 608 4458 653 4516; x_wconf 77' lang='lat' dir='ltr'>ut.</span> <span class='ocrx_word' id='word_1_368' title='bbox 669 4440 838 4531; x_wconf 53' lang='lat' dir='ltr'>assion.</span> <span class='ocrx_word' id='word_1_369' title='bbox 950 4455 995 4529; x_wconf 71' lang='grc' dir='ltr'>Η)</span> <span class='ocrx_word' id='word_1_370' title='bbox 1015 4454 1045 4511; x_wconf 78' lang='lat' dir='ltr'>a</span> <span class='ocrx_word' id='word_1_371' title='bbox 1065 4455 1085 4511; x_wconf 90' lang='lat'>1.</span> <span class='ocrx_word' id='word_1_372' title='bbox 1099 4454 1161 4510; x_wconf 77' lang='lat' dir='ltr'>on.</span> <span class='ocrx_word' id='word_1_373' title='bbox 1181 4454 1253 4511; x_wconf 73' lang='lat' dir='ltr'>uon.</span> <span class='ocrx_word' id='word_1_374' title='bbox 1267 4453 1288 4509; x_wconf 80' lang='grc' dir='ltr'>ι.</span> <span class='ocrx_word' id='word_1_375' title='bbox 1309 4469 1335 4509; x_wconf 79' lang='lat' dir='ltr'>n.</span> <span class='ocrx_word' id='word_1_376' title='bbox 1350 4451 1384 4527; x_wconf 78' lang='lat'>¹3</span> <span class='ocrx_word' id='word_1_377' title='bbox 1403 4451 1473 4509; x_wconf 71' lang='lat' dir='ltr'>unae</span> <span class='ocrx_word' id='word_1_378' title='bbox 1490 4451 1553 4509; x_wconf 67' lang='lat' dir='ltr'>ora</span> 
     </span>
     <span class='ocr_line' id='line_1_39' title="bbox 176 4557 1552 4642; baseline -0.005 -22"><span class='ocrx_word' id='word_1_379' title='bbox 176 4562 197 4619; x_wconf 89' lang='lat' dir='ltr'>l.</span> <span class='ocrx_word' id='word_1_380' title='bbox 211 4563 245 4636; x_wconf 78' lang='lat'>2,</span> <span class='ocrx_word' id='word_1_381' title='bbox 272 4564 376 4622; x_wconf 84' lang='lat' dir='ltr'>Coloss.</span> <span class='ocrx_word' id='word_1_382' title='bbox 390 4565 436 4621; x_wconf 81' lang='grc' dir='ltr'>Ν.</span> <span class='ocrx_word' id='word_1_383' title='bbox 453 4564 505 4638; x_wconf 86' lang='lat' dir='ltr'>to,</span> <span class='ocrx_word' id='word_1_384' title='bbox 532 4572 560 4622; x_wconf 86' lang='lat' dir='ltr'>et</span> <span class='ocrx_word' id='word_1_385' title='bbox 579 4565 665 4642; x_wconf 78' lang='lat' dir='ltr'>Apoo.</span> <span class='ocrx_word' id='word_1_386' title='bbox 686 4564 706 4621; x_wconf 85' lang='lat' dir='ltr'>l.</span> <span class='ocrx_word' id='word_1_387' title='bbox 728 4561 835 4620; x_wconf 78' lang='lat'>4-11</span> <span class='ocrx_word' id='word_1_388' title='bbox 888 4563 982 4635; x_wconf 76' lang='lat' dir='ltr'>gorius</span> <span class='ocrx_word' id='word_1_389' title='bbox 997 4563 1174 4619; x_wconf 76' lang='lat' dir='ltr'>nazianzenus</span> <span class='ocrx_word' id='word_1_390' title='bbox 1191 4567 1259 4617; x_wconf 84' lang='lat' dir='ltr'>orat.</span> <span class='ocrx_word' id='word_1_391' title='bbox 1272 4560 1330 4618; x_wconf 84' lang='lat' dir='ltr'>Xll.</span> <span class='ocrx_word' id='word_1_392' title='bbox 1347 4576 1409 4633; x_wconf 68' lang='lat' dir='ltr'>pag.</span> <span class='ocrx_word' id='word_1_393' title='bbox 1424 4557 1489 4614; x_wconf 84' lang='grc'><strong>190.</strong></span> <span class='ocrx_word' id='word_1_394' title='bbox 1510 4574 1552 4614; x_wconf 88' lang='lat' dir='ltr'>eo-</span> 
     </span>
     <span class='ocr_line' id='line_1_40' title="bbox 175 4656 1552 4754; baseline -0.008 -22"><span class='ocrx_word' id='word_1_395' title='bbox 175 4668 269 4732; x_wconf 65' lang='lat'><strong>-†20·</strong></span> <span class='ocrx_word' id='word_1_396' title='bbox 888 4668 997 4726; x_wconf 82' lang='lat' dir='ltr'>clesiam</span> <span class='ocrx_word' id='word_1_397' title='bbox 1024 4668 1091 4754; x_wconf 80' lang='lat' dir='ltr'>dicit</span> <span class='ocrx_word' id='word_1_398' title='bbox 1117 4657 1240 4741; x_wconf 71' lang='lat' dir='ltr'>depensos</span> <span class='ocrx_word' id='word_1_399' title='bbox 1264 4663 1311 4723; x_wconf 80' lang='lat' dir='ltr'>nni</span> <span class='ocrx_word' id='word_1_400' title='bbox 1334 4656 1482 4739; x_wconf 66' lang='grc' dir='ltr'><strong><em>ἀμέριστον</em></strong></span> <span class='ocrx_word' id='word_1_401' title='bbox 1507 4661 1552 4721; x_wconf 74' lang='grc' dir='ltr'>καὶ</span> 
     </span>
    </p>

    <p class='ocr_par' dir='ltr' id='par_1_11' title="bbox 176 4752 1554 5066">
     <span class='ocr_line' id='line_1_41' title="bbox 238 4752 1553 4850; baseline -0.005 -18"><span class='ocrx_word' id='word_1_402' title='bbox 238 4775 284 4849; x_wconf 84' lang='lat'>⁷⁴)</span> <span class='ocrx_word' id='word_1_403' title='bbox 311 4775 518 4847; x_wconf 72' lang='lat' dir='ltr'>chrysostomus</span> <span class='ocrx_word' id='word_1_404' title='bbox 545 4777 573 4833; x_wconf 90' lang='lat' dir='ltr'>ln</span> <span class='ocrx_word' id='word_1_405' title='bbox 599 4776 738 4850; x_wconf 83' lang='lat' dir='ltr'>Genesin,</span> <span class='ocrx_word' id='word_1_406' title='bbox 766 4776 838 4831; x_wconf 86' lang='lat' dir='ltr'>hom.</span> <span class='ocrx_word' id='word_1_407' title='bbox 887 4764 1010 4849; x_wconf 76' lang='grc' dir='ltr'><strong><em>ὑφοηὸι</em></strong></span> <span class='ocrx_word' id='word_1_408' title='bbox 1041 4762 1077 4827; x_wconf 81' lang='lat' dir='ltr'>n&#39;</span> <span class='ocrx_word' id='word_1_409' title='bbox 1103 4761 1171 4831; x_wconf 76' lang='grc' dir='ltr'><strong><em>ὅλον</em></strong></span> <span class='ocrx_word' id='word_1_410' title='bbox 1203 4752 1323 4848; x_wconf 66' lang='grc' dir='ltr'><strong><em>χιτῶσι,</em></strong></span> <span class='ocrx_word' id='word_1_411' title='bbox 1357 4773 1480 4829; x_wconf 72' lang='lat' dir='ltr'>taciem</span> <span class='ocrx_word' id='word_1_412' title='bbox 1507 4772 1553 4827; x_wconf 77' lang='lat' dir='ltr'>is·</span> 
     </span>
     <span class='ocr_line' id='line_1_42' title="bbox 176 4879 1554 4957; baseline -0.001 -19"><span class='ocrx_word' id='word_1_413' title='bbox 176 4880 289 4955; x_wconf 82' lang='lat' dir='ltr'>xxxu,</span> <span class='ocrx_word' id='word_1_414' title='bbox 310 4882 338 4938; x_wconf 92' lang='lat' dir='ltr'>lu</span> <span class='ocrx_word' id='word_1_415' title='bbox 357 4880 378 4937; x_wconf 89' lang='lat' dir='ltr'>i.</span> <span class='ocrx_word' id='word_1_416' title='bbox 393 4880 501 4938; x_wconf 79' lang='lat' dir='ltr'>adCor.</span> <span class='ocrx_word' id='word_1_417' title='bbox 521 4882 734 4957; x_wconf 61' lang='lat' dir='ltr'>hommum</span> <span class='ocrx_word' id='word_1_418' title='bbox 753 4880 841 4939; x_wconf 87' lang='lat' dir='ltr'>laido-</span> <span class='ocrx_word' id='word_1_419' title='bbox 889 4887 1007 4949; x_wconf 81' lang='lat' dir='ltr'>sectmn,</span> <span class='ocrx_word' id='word_1_420' title='bbox 1040 4879 1240 4952; x_wconf 65' lang='lat' dir='ltr'>daemoneque</span> <span class='ocrx_word' id='word_1_421' title='bbox 1270 4884 1412 4954; x_wconf 70' lang='lat' dir='ltr'>caperem</span> <span class='ocrx_word' id='word_1_422' title='bbox 1438 4893 1474 4937; x_wconf 82' lang='lat' dir='ltr'>oc</span> <span class='ocrx_word' id='word_1_423' title='bbox 1503 4892 1554 4952; x_wconf 80' lang='lat' dir='ltr'>par</span> 
     </span>
     <span class='ocr_line' id='line_1_43' title="bbox 177 4987 1159 5066; baseline -0.004 -22"><span class='ocrx_word' id='word_1_424' title='bbox 177 5002 223 5044; x_wconf 90' lang='lat' dir='ltr'>rns</span> <span class='ocrx_word' id='word_1_425' title='bbox 242 4988 390 5063; x_wconf 84' lang='lat' dir='ltr'>pelusiota,</span> <span class='ocrx_word' id='word_1_426' title='bbox 417 4988 463 5046; x_wconf 88' lang='lat' dir='ltr'>lib.</span> <span class='ocrx_word' id='word_1_427' title='bbox 479 4988 512 5047; x_wconf 86' lang='lat' dir='ltr'>u.</span> <span class='ocrx_word' id='word_1_428' title='bbox 532 4991 613 5066; x_wconf 83' lang='lat' dir='ltr'>epist.</span> <span class='ocrx_word' id='word_1_429' title='bbox 628 4987 768 5065; x_wconf 56' lang='lat' dir='ltr'>OGXLVR</span> <span class='ocrx_word' id='word_1_430' title='bbox 793 4989 841 5047; x_wconf 85' lang='lat' dir='ltr'>io·</span> <span class='ocrx_word' id='word_1_431' title='bbox 889 4994 974 5047; x_wconf 78' lang='lat' dir='ltr'>toturn</span> <span class='ocrx_word' id='word_1_432' title='bbox 993 4990 1159 5044; x_wconf 71' lang='grc' dir='ltr'><strong><em>οοσιιοισσι.</em></strong></span> 
     </span>
    </p>
   </div>
   <div class='ocr_carea' id='block_1_6' title="bbox 0 0 1660 5402">
    <p class='ocr_par' dir='ltr' id='par_1_12' title="bbox 0 0 1660 5402">
     <span class='ocr_line' id='line_1_44' title="bbox 0 0 1660 5402; baseline 0 0"><span class='ocrx_word' id='word_1_433' title='bbox 0 0 1660 5402; x_wconf 95' lang='lat' dir='ltr'> </span> 
     </span>
    </p>
   </div>
  </div>
 </body>
</html>
