3266 5416
188 318 230 380 ⁷⁰
706 277 844 378 naara
878 311 1045 380 curuos

191 489 312 567 gerant,
340 480 495 563 eidemque
515 480 721 563 obsequantur.
762 481 911 547 Affinnsri
931 499 1006 566 ergo
1026 482 1252 546 necimmerito
1272 486 1383 564 potest,
1412 487 1459 544 tot
1478 487 1562 545 tanta·

192 612 250 675 que
273 611 341 656 esse
362 610 438 674 quae
459 594 490 656 in
509 593 586 656 bano
607 591 767 656 coelestem
788 592 999 656 revelationem
1020 593 1237 674 conspirarunt,
1258 598 1290 654 ut
1310 590 1367 654 illis
1386 608 1512 672 οοιιιιι,
1531 609 1562 655 ao

193 702 281 766 veluti
302 698 579 786 οὶνοικεροιλαὶοσος
600 702 775 766 christianae
795 703 980 765 institutionis
1001 701 1215 782 comprehensa
1236 699 1377 764 videatur.

300 817 349 874 54.
391 812 431 875 At
453 829 526 876 vero
547 830 606 875 non
628 819 714 875 antea
735 810 772 875 ad
787 810 823 873 τὸ
843 807 951 894 opopa
971 810 1197 875 describendum
1217 810 1333 874 aceedit
1351 807 1517 873 llattbaem
1530 811 1562 892 ¹',

194 938 281 1002 quarn
301 922 479 1003 praemittat:
522 922 581 1005 „lit
599 929 666 1003 post
686 920 749 985 dies
771 939 826 985 san
848 921 969 984 assumit
988 920 1076 984 lesus
1096 918 1226 985 Petrum
1252 928 1282 984 et
1301 917 1448 983 iacobum
1472 926 1502 982 et
1520 918 1563 982 Jo

192 1030 321 1093 hannem
342 1029 462 1096 fratrem
481 1033 554 1114 eins,
575 1039 605 1095 et
619 1030 698 1094 ducit
711 1030 776 1095 illos
790 1012 819 1093 in
833 1037 962 1093 montem
977 1029 1128 1094 excelsum
1143 1030 1213 1094 κατ’
1229 1027 1315 1093 idion
1327 1046 1468 1093 seorsum
1489 1035 1565 1110 auae

193 1140 356 1222 privatim.“
397 1140 444 1203 Ab
465 1160 501 1204 ea
522 1158 597 1224 ergo
619 1139 760 1223 sirrprrlari
780 1140 957 1203 institutione
978 1139 1116 1222 apostolis
1136 1139 1258 1222 reliquis
1285 1137 1428 1219 seclusis,
1459 1138 1566 1202 Petram

196 1248 321 1331 delegit,
346 1267 433 1331 quem
453 1250 583 1334 plenius,
604 1251 824 1332 accuratimque
845 1248 983 1313 erudiret

302 1358 361 1424 Sed
383 1377 482 1423 nonne
502 1379 561 1424 ama
583 1378 650 1423 cum
670 1360 757 1423 Petro
779 1358 926 1423 Zebedaei
948 1374 1066 1441 quoque
1087 1357 1171 1441 lilios,
1193 1357 1336 1424 tacebam
1357 1365 1388 1422 et
1407 1355 1565 1422 lobannem

196 1468 358 1550 munaus,
388 1469 553 1553 eodemque
574 1469 688 1533 bonore
709 1466 887 1532 cumulavit?
918 1468 997 1551 quod
1017 1486 1085 1532 cum
1104 1469 1191 1533 Petro
1212 1468 1358 1532 Zebedaei
1377 1468 1457 1532 lilios
1469 1471 1499 1502 ²·
1525 1485 1566 1532 so

196 1579 332 1660 ciaverit,
355 1596 414 1643 non
435 1597 531 1661 nego:
554 1579 633 1661 quod
654 1586 751 1641 autem
770 1577 837 1640 illos
859 1578 966 1641 eodem
986 1597 1054 1642 cum
1073 1578 1160 1641 Petro
1181 1596 1304 1642 aunem
1325 1577 1480 1659 babuerit,
1501 1575 1567 1640 affir-

196 1688 269 1750 mari
297 1706 357 1751 non
384 1706 474 1770 posse
495 1687 650 1752 contendo.
693 1687 808 1751 Etenim
830 1692 861 1765 a)
886 1705 946 1752 non
965 1687 1022 1771 illi,
1048 1687 1102 1752 sed
1122 1688 1224 1752 Petrus
1242 1696 1363 1768 mamae
1383 1694 1566 1766 manamaur,

196 1816 293 1880 neque
307 1796 376 1860 beic
396 1799 543 1862 dumtaxat
554 1802 565 1831 ²
575 1801 595 1879 ¹,
617 1797 678 1861 sed·
692 1804 860 1861 constanter
873 1800 920 1859 ²²:
941 1796 1185 1881 παραλαμβάνει
1203 1799 1222 1862 ὁ
1236 1795 1356 1875 Ἰησοῦς
1376 1795 1435 1861 rba
1448 1796 1568 1876 Πέτρον

196 1908 250 1970 καὶ
275 1904 432 1990 Ἰάκωβον
458 1908 512 1971 καὶ
539 1904 696 1982 Ἰωάννην.
739 1905 783 1969 llli
811 1905 846 1985 b)
868 1905 956 1969 natali
982 1924 1037 1971 suo
1067 1906 1193 1970 distincti
1213 1909 1332 1970 nomine
1359 1909 1521 1987 intersunt,
1545 1914 1569 1967 at

197 2018 297 2082 Simon
319 2018 404 2082 adest
416 2020 444 2050 ²⁸
475 2015 591 2080 latidica
613 2011 706 2079 Petra·
724 2015 917 2099 appellatione
937 2017 1077 2098 insignis,
1106 2013 1347 2100 παραλαμβάνει
1365 2012 1423 2079 τὸν
1442 2014 1567 2097 Πέτρον,

197 2144 255 2206 qua
281 2127 359 2189 inter
385 2143 454 2205 eos,
481 2133 629 2206 tamquam
650 2123 776 2188 brmmm
798 2133 884 2208 caput
903 2125 1057 2190 eminebat.
1099 2126 1143 2189 llli
1169 2131 1201 2204 c)
1222 2131 1332 2207 tacent,
1359 2141 1438 2189 maras
1460 2131 1507 2188 cat
1523 2122 1568 2187 Pe

197 2242 259 2297 trus
272 2238 300 2268 ²⁴
324 2236 374 2316 qui
393 2235 528 2316 loquitur,
551 2232 742 2317 ἀποκριθεὶς
762 2232 799 2298 δὲ
819 2234 983 2317 ὀΠεῒρος.
1024 2235 1129 2318 Neque
1150 2235 1182 2312 d)
1202 2235 1330 2318 loquutur
1349 2234 1460 2317 aulum,
1479 2234 1565 2299 Μ’·

199 2345 329 2406 omnium
355 2345 475 2407 nomine
503 2344 646 2426 loquitur,
675 2342 773 2408 καλόν
799 2349 895 2419 ἐστιν,
923 2340 1008 2426 ἡμᾶς
1033 2335 1099 2408 ὦδε
1125 2340 1567 2428 circummundanum

199 2451 259 2515 dux
289 2460 370 2516 esset
401 2460 577 2517 ceterorum.
620 2453 718 2526 Quare
749 2458 780 2530 e)
812 2453 861 2517 ibe
877 2492 878 2495 =
892 2454 1061 2518 nominatim
1075 2457 1116 2536 ¹⁸,
1147 2454 1276 2519 lacobus
1303 2473 1376 2520 vero
1408 2463 1442 2520 et
1470 2455 1567 2521 luban

200 2580 254 2624 nes
276 2563 391 2627 nonnisi
413 2563 522 2626 infinite
546 2562 770 2646 compellantur,
800 2582 837 2627 ac
862 2564 953 2628 veluti
971 2564 1049 2628 Petri
1069 2566 1206 2647 comites,
1235 2564 1339 2647 quibua
1366 2565 1417 2628 ille
1446 2560 1569 2649 praecel-

199 2671 287 2753 leret,
310 2673 328 2735 ό
349 2669 386 2737 δὲ
407 2670 529 2754 Πέτρος
551 2673 604 2736 καὶ
624 2674 654 2737 ci
673 2666 732 2737 cdv
751 2670 847 2757 αὐτῷ.
889 2673 980 2756 igitur
1001 2674 1080 2756 quod
1095 2675 1187 2739 tribus
1207 2676 1299 2741 finisse
1313 2696 1473 2740 emaum
1487 2672 1567 2738 videri

198 2789 308 2863 potest,
337 2783 376 2845 ita
396 2788 495 2846 tamen
517 2784 655 2865 contigit,
683 2801 719 2847 ac
739 2785 778 2847 ita
800 2784 838 2848 ab
859 2783 1216 2867 compellebamur,
1243 2793 1275 2848 ut
1293 2785 1395 2849 Petrum
1416 2792 1515 2865 extet,
1538 2800 1567 2845 ac

197 2895 306 2975 primas
326 2894 444 2957 sortitus
465 2900 611 2976 appareat.
644 2892 647 2897 ’
1610 2978 1611 2983 ¹

307 3012 355 3067 55.
397 3003 476 3077 Quas
501 3010 562 3066 tum
586 3004 673 3066 etiam
699 3005 818 3067 sortitus
840 3010 900 3083 est,
930 3021 1019 3086 quum
1039 3002 1069 3067 id
1090 3003 1169 3084 quod
1189 3011 1254 3068 erat
1273 3005 1369 3086 potius
1390 3006 1420 3068 in
1440 3009 1566 3085 sruccptr

200 3113 377 3196 οἰκονομίᾳ,
400 3112 490 3176 multo
512 3132 599 3195 quarn
618 3119 703 3175 antea
725 3111 899 3176 luculentius
919 3112 1049 3176 Cbristtu
1070 3113 1271 3177 manifestavit.
1312 3113 1356 3179 Eo
1376 3116 1457 3179 enim
1478 3117 1567 3197 mgn-

200 3231 268 3287 ente
289 3231 432 3305 tempore,
455 3240 513 3304 quo
533 3240 602 3287 suas
623 3221 792 3285 mediatoris
808 3227 906 3303 partes
927 3221 1032 3302 abbat,
1052 3238 1088 3285 ac
1108 3229 1204 3286 semet
1224 3223 1433 3288 ostenderet¹'
1459 3238 1567 3290 sermm

200 3331 280 3394 illurn
301 3332 417 3412 iustum,
440 3332 490 3413 qui
510 3331 665 3395 multorum
685 3330 850 3411 iniquitates
869 3329 1016 3410 aboleret,
1038 3348 1127 3412 quum
1141 3335 1171 3366 ²⁸
1195 3332 1318 3398 dixisset
1337 3334 1502 3418 duumuir,
1521 3347 1567 3395 au·

266 3552 309 3629 ¹⁹)
329 3552 421 3608 llattln
441 3551 525 3609 llVll.
548 3552 574 3608 l.
974 3552 1020 3630 ²²)
1045 3553 1086 3612 be
1106 3571 1157 3629 qua
1183 3555 1265 3613 relati
1291 3556 1352 3628 lege
1371 3555 1479 3613 Petrum
1501 3556 1564 3610 sate

263 3657 309 3734 ²⁰)
341 3656 418 3725 Quod
443 3663 582 3730 propterea
609 3658 706 3715 iactum
731 3658 863 3732 arbitror,
912 3659 1030 3731 luendi,
1060 3661 1148 3733 paullo
1178 3662 1331 3735 dbiganbus
1357 3676 1408 3719 suo
1433 3661 1495 3719 loco
1519 3657 1566 3714 db

202 3770 233 3821 ut
250 3760 458 3838 praeclarissimi
478 3764 604 3820 facinoris
625 3764 736 3821 idoneus
756 3765 864 3821 uadum
911 3766 1072 3840 putabimus.

201 3886 324 3928 uumerus
338 3869 488 3928 haberetur.
519 3869 677 3926 Sientcnim
691 3870 775 3926 lutura
790 3868 864 3925 Gbri-
975 3887 1020 3963 22)
1040 3888 1129 3945 m·
1150 3886 1232 3945 xm
1256 3884 1282 3944 p·

202 3978 238 4034 sti
265 3976 354 4049 gloria
380 3975 536 4034 1.tob.v.
559 3974 656 4032 t-e.
685 3982 740 4032 tres
766 3974 864 4032 babere
975 4011 1021 4087 aa)
1041 4010 1109 4067 md·
1129 4027 1156 4067 v·
1172 4010 1200 4066 4·

203 4083 295 4141 debuit
314 4083 348 4139 da
368 4082 444 4139 coelo
464 4087 562 4155 testes,
592 4096 625 4136 ac
650 4081 683 4137 de
709 4086 779 4137 terra
800 4082 864 4137 toti·

203 4189 280 4265 denr3
306 4189 344 4243 ita
365 4194 392 4243 et
410 4187 463 4243 boc
482 4188 540 4244 eius
560 4187 665 4258 gloriae
688 4186 864 4243 rudimentum

202 4302 257 4352 tres
283 4296 358 4368 quasi
379 4294 413 4350 de
433 4294 511 4350 coelo
536 4299 619 4349 testes
645 4292 751 4365 babuit,
779 4291 864 4350 Deum

202 4402 322 4475 Patrem,
349 4401 474 4474 fluitem,
501 4399 603 4455 liliam:
632 4405 687 4455 tres
712 4398 812 4471 pariter
832 4396 865 4452 dc

165 4514 169 4519 '
204 4514 284 4582 terra,
305 4506 418 4581 Panum,
438 4505 585 4563 iohannem
598 4511 626 4561 et
637 4504 775 4561 iacobum.
797 4503 867 4559 Con-

204 4614 244 4670 f⁰l
261 4630 329 4685 ll¹¹⁰0
349 4612 554 4685 Chfltotlomtts
568 4610 783 4668 elbamasccnus
799 4611 866 4666 seri-
914 4562 1132 4630 mmmm

205 4720 272 4776 bunt
290 4720 317 4775 in
338 4719 435 4775 catena
455 4718 564 4776 Nicetac
587 4718 707 4792 episcopi
728 4716 864 4775 Serramm
938 4778 947 4800 ἢ
976 4679 1021 4800 ⁸⁸}
1040 4680 1102 4800 ¹⁶⁰2·
1120 4679 1166 4738 lx·
1186 4679 1240 4737 3²²
1261 4669 1290 4736 Ὁ
1308 4677 1337 4737 3³
1356 4677 1467 4801 1330OE
1484 4671 1564 4735 “M

206 4824 453 4882 aenatorum.
475 4824 502 4881 r.
913 4803 963 4844 συν
982 4805 1059 4859 avve
1079 4802 1152 4860 nom
1170 4782 1349 4864 upuppae
1367 4802 1456 4861 mae.

975 4134 1020 4209 Η)
1041 4132 1109 4190 lbid.
1130 4150 1156 4189 v.
1169 4133 1198 4189 t.
1234 4130 1310 4190 Unde
1330 4132 1473 4207 appellatio
1493 4129 1564 4189 l'atn'-

913 4239 963 4295 bus
988 4239 1132 4313 solemnia‚
1163 4256 1214 4313 qna
1239 4238 1345 4296 Petrum
1371 4238 1462 4297 dicunt
1484 4236 1565 4310 oropo

913 4339 969 4401 coia
995 4339 1142 4420 pedapccic.
1188 4344 1266 4414 Quod
1292 4346 1396 4403 scilicet
1421 4347 1474 4403 illis
1498 4358 1564 4420 prae·

914 4451 1026 4527 positus,
1044 4465 1187 4525 eorumque
1201 4451 1378 4508 destinatione
1392 4458 1472 4527 caput
1483 4460 1565 4508 onutt

267 4930 312 5005 ²¹)
332 4930 423 4988 llattb.
440 4930 523 4989 xv1t
542 4929 569 4988 1.
590 4931 651 4989 coll.
672 4931 751 4990 liare.
768 4929 814 4987 ill.
835 4928 864 5002 2,
974 4910 1020 4984 ²¹)
1039 4908 1074 4965 Β·
1095 4907 1160 4965 llll
1183 4908 1229 4965 11·

205 5038 266 5095 Luc.
286 5037 332 5095 tx.
353 5035 400 5095 28.
976 5033 1021 5108 ²⁸)
1033 5032 1124 5090 brut
1134 5030 1231 5090 xxvi.
1241 5031 1290 5091 bb·
1304 5022 1563 5095 ocbscnxtmt
