3300 5402
631 205 778 273 carun
818 209 859 275 u.
1112 229 1115 234 ·
1274 187 1278 196 '
1377 160 1479 273 aoo'

59 385 91 439 ut
116 375 280 450 ὑπόστασις
304 376 362 439 τοῦ
388 374 502 457 λόγου,
529 375 660 439 eiusdem
687 372 820 456 ὕοοιοξις
845 381 913 439 ante
942 375 1188 456 incarnationem,
1220 378 1311 441 immo
1336 386 1440 445 natura

60 488 154 551 diviua
168 504 202 549 ac
215 486 400 567 sempiterna,
415 485 567 566 virtusque
583 488 768 568 omnipotens
786 482 1028 551 demonstretur?
1049 487 1149 568 utique
1163 485 1235 549 nihil
1249 487 1440 569 praeclarius,

62 596 234 659 enucleatius
254 594 335 675 nihil,
358 594 516 658 dummodo
538 602 675 677 receptos
703 602 830 659 criticae
857 602 944 677 atquc
972 592 1215 659 hemammttcae
1242 597 1362 682 regulas
1389 617 1439 663 se·
1466 663 1469 669 Δ

61 706 163 786 quuris.
203 704 249 766 Ab
269 704 316 767 bis
337 705 416 767 enim
438 706 465 767 si
486 703 676 783 discesseris,
703 722 801 787 neque
829 704 879 767 tibi
899 703 1036 787 religioni
1059 705 1177 769 disseris
1200 707 1317 771 insolita
1336 726 1440 791 perse-

60 816 115 895 qui,
135 814 210 877 dura
223 816 252 847 ³⁰
275 812 449 894 complecti,
471 812 631 879 anomalias
653 815 799 877 sermonis
813 816 839 847 ³¹
866 815 1064 895 comminisci,
1092 824 1122 878 et
1141 816 1353 897 παραλλήλων
1372 818 1440 882 loco

57 922 172 1003 babere,
193 942 270 1005 quae
290 924 341 986 vix
361 922 494 987 umbram
511 923 637 1005 aliquam
671 923 865 987 similitudinis
886 923 1035 1004 referunt,
1064 927 1162 988 omnia
1191 934 1277 991 erunt
1304 927 1440 1009 obseura,

56 1031 186 1115 implexa,
209 1040 239 1095 et
262 1032 406 1115 equibus
435 1050 495 1095 non
523 1032 638 1114 quidvis
666 1034 792 1096 maxime
808 1035 836 1064 ³²
862 1031 990 1114 libuerit,
1021 1033 1171 1097 extundas.
1215 1036 1300 1109 Quod
1328 1038 1437 1101 uunam

55 1150 205 1224 susceptae
227 1160 294 1206 curu
318 1144 443 1225 antiquis
465 1142 737 1225 recentioribusque
757 1143 932 1225 photinianis
959 1144 1167 1226 disputationes
1196 1162 1256 1207 non
1282 1152 1341 1209 tam
1370 1164 1439 1227 per·

56 1254 154 1334 spicue
171 1255 199 1286 ³³
225 1251 426 1316 ostenderent.
469 1252 574 1334 Neque
595 1261 653 1317 tam
674 1255 829 1336 perspicue
851 1251 1057 1317 confirmarent
1088 1270 1164 1335 quae
1190 1255 1348 1318 etiamnum
1370 1274 1440 1321 cuna

55 1364 289 1427 sacramentariis
316 1364 417 1444 vigent
447 1370 477 1425 et
505 1362 628 1426 fervent.
680 1362 836 1445 Splendida
865 1354 997 1445 prolecto
1028 1370 1094 1425 suut
1124 1361 1214 1427 verba
1231 1366 1258 1397 ³⁴
1293 1366 1440 1430 institutae

54 1472 270 1554 Eucharistiae,
297 1473 389 1535 τοῦτό
410 1475 473 1535 dost
492 1473 527 1533 rb
548 1469 642 1553 σῶμά
662 1492 739 1554 μου,
765 1474 856 1535 τοῦτο
881 1476 945 1536 dors
972 1470 1008 1536 td
1027 1467 1111 1555 ulpici
1139 1493 1218 1555 porr:
1248 1493 1283 1538 ac
1312 1482 1441 1539 mantem

56 1585 243 1664 animumque
264 1584 362 1667 nativo
387 1581 505 1664 lulqoru
525 1581 698 1663 percellunt
739 1581 799 1647 Sed
819 1585 846 1646 si
867 1582 917 1645 tibi
938 1583 1110 1665 permiseris
1131 1591 1161 1644 et
1180 1584 1240 1646 vim
1261 1586 1441 1665 pronominis

56 1692 275 1757 demonstrativi
288 1694 316 1725 ³⁵
342 1698 472 1770 tentore,
502 1699 532 1755 et
552 1693 668 1755 inuitam
697 1690 780 1757 verbi
808 1691 979 1758 substantivi
1009 1688 1183 1773 potestatem
1198 1696 1226 1726 ³⁶
1256 1694 1440 1776 subvertere,

57 1811 83 1866 et
103 1821 179 1885 quae
200 1810 271 1865 sunt
291 1801 492 1867 adversissima
514 1801 656 1865 simihbus
678 1818 907 1880 connumerare,
937 1808 967 1864 et
988 1802 1085 1865 omnia
1106 1803 1202 1884 potius
1236 1803 1330 1866 moliri
1352 1822 1439 1885 quam

55 1914 167 1995 proprio
188 1911 357 1993 literalique
378 1913 479 1975 sensui
500 1911 710 1994 adquiescere3
737 1910 822 1974 lacilo
843 1909 1039 1991 existimabis,
1068 1919 1218 1993 receptam
1239 1932 1256 1975 a
1278 1913 1440 1993 catholicis,

54 2022 272 2105 lutheranisque
292 2023 560 2104 interpretationem
574 2038 634 2084 non
648 2019 802 2083 obscurum
817 2019 905 2083 modo
921 2037 999 2099 esse,
1020 2020 1150 2102 arduam,
1170 2021 1364 2103 durissimam,
1385 2023 1441 2089 sed

55 2150 171 2213 prorsus
191 2134 314 2216 dignam
337 2132 373 2195 de
395 2150 452 2214 qua
472 2137 640 2214 repetantur
659 2148 735 2211 quae
756 2129 953 2195 aCbamierio
967 2131 995 2163 ³⁷
1019 2130 1089 2194 olim
1111 2132 1234 2214 scripta,
1259 2140 1360 2196 nostro
1381 2133 1440 2195 hoc

56 2243 171 2306 sacculo
186 2243 358 2307 Clarldus³⁸
375 2242 503 2305 iteravit:
518 2240 634 2303 nonnisi
648 2240 683 2301 ab
698 2241 733 2303 iis
748 2239 865 2320 probari
880 2258 978 2321 posse,
994 2241 1044 2321 qui
1059 2241 1149 2321 ipsius
1166 2242 1285 2305 rationis
1299 2244 1440 2307 iacturam

56 2351 183 2416 iecerint
227 2352 333 2434 Longe
359 2351 473 2431 verius,
505 2350 752 2431 opportuniusque
773 2348 961 2413 arbitraberis
984 2370 1050 2415 cum
1072 2352 1183 2415 Hornio
1197 2354 1225 2386 ³⁰
1248 2354 1438 2434 contendere,

56 2463 142 2525 verba
165 2462 327 2528 Salvatoris
348 2462 439 2523 τοῦτό
451 2464 514 2522 ἐστι
535 2457 571 2522 τὸ
592 2459 688 2542 σῶμά
708 2480 781 2540 μου,
803 2458 871 2523 talia
885 2477 954 2522 esse
967 2478 1043 2542 quae
1056 2460 1101 2523 his
1122 2462 1329 2543 respondeant,
1351 2463 1441 2526 τοῦτο

57 2574 134 2634 ἐστιν
158 2568 177 2633 ὁ
197 2564 295 2653 ἄρτος
321 2571 376 2632 τοῦ
401 2567 547 2650 σώματος
574 2590 654 2652 pou:
683 2568 758 2633 baec
779 2587 852 2633 vero
873 2570 936 2633 istis
957 2568 1173 2651 aequipollere,
1204 2574 1295 2635 τοῦτό
1314 2570 1438 2636 dcrrvd

58 2674 148 2761 ἄρτος
176 2682 233 2757 τῆς
259 2676 417 2756 διαθήκης
445 2672 502 2743 ord
528 2682 586 2744 τοῦ
612 2677 858 2762 succursuros
884 2680 1216 2762 λγκοινιοθησομεοης;
1251 2688 1339 2762 atque
1364 2681 1439 2745 adeo

57 2808 93 2854 ex
112 2787 354 2876 olpebrtstarum
382 2789 494 2872 regulis
514 2788 586 2852 nihil
607 2789 766 2871 impedire,
796 2791 952 2871 quominus
976 2797 1139 2871 insequens
1168 2798 1313 2869 aequatio
1334 2790 1439 2854 substi-

116 3017 161 3093 ³·)
190 3015 351 3072 Cuiusmodi
377 3023 419 3072 cst
438 3016 535 3088 lectio,
562 3011 634 3072 oct
653 3004 724 3089 q⁷rd
774 3020 956 3075 commaticam
975 3016 1118 3075 cerbontnt
1138 3024 1291 3091 torquentes
1308 3018 1439 3089 iuquuc-

59 3113 142 3199 λόγος,
162 3140 177 3180 a
198 3121 324 3179 Samuele
344 3122 440 3178 Crellio
460 3124 486 3179 in
507 3123 592 3197 libro,
613 3122 726 3178 lnib'arm
773 3124 896 3180 ολλοιιοοι.

58 3229 191 3303 melia·
218 3227 354 3285 dobouna'a
378 3246 415 3286 ec
442 3229 725 3305 untiquitcte·accle-
836 3228 882 3303 ³³)
910 3228 949 3284 cl.
970 3228 1071 3284 llarani
1091 3244 1159 3303 opus
1184 3230 1354 3301 inscriptum,
1382 3225 1439 3283 bt-

57 3337 170 3392 sissticc
198 3337 370 3408 restitutum,
405 3336 533 3402 deleusa,
568 3351 724 3409 quamquam
773 3337 876 3392 sinitur
894 3333 1007 3391 Domitii
1031 3337 1121 3392 nostri
1138 3336 1206 3392 Jeru
1227 3334 1325 3390 (haisti
1345 3335 1439 3389 moni-

58 3445 144 3499 onnia
165 3444 277 3499 criticas
300 3442 472 3499 instrumenta
498 3441 639 3514 legendum
665 3458 725 3499 esse
772 3441 847 3512 sesto
872 3442 903 3497 a‘u
929 3441 1081 3514 scripturis
1100 3448 1127 3498 ct
1150 3440 1324 3511 iraditious,
1351 3439 1397 3495 lib.
1419 3438 1439 3494 l.

59 3549 252 3621 persuadeant,
272 3540 342 3614 θοός
359 3536 395 3621 ἦν
413 3539 430 3604 ό
449 3538 539 3623 λόγος.
776 3562 852 3620 capp.
873 3546 1043 3603 vii-vlu.

125 3652 128 3657 ’
837 3653 883 3726 ³⁴)
903 3653 993 3709 liotth.
1013 3653 1109 3709 xxvi.
1130 3652 1257 3709 26-28.
1279 3653 1339 3709 coll.
1360 3654 1440 3708 liare.

774 3759 846 3816 XIV.
866 3759 993 3834 22-24,
1014 3758 1076 3815 luc.
1090 3758 1173 3815 xxii
1190 3756 1322 3832 itt-20,
1342 3758 1362 3815 l.
1378 3758 1440 3814 Cor.

775 3863 821 3926 xl.
842 3863 979 3923 23-25.

119 3972 166 4046 ³²)
188 3971 268 4029 cmm
290 3969 410 4027 mdelcil
424 3985 487 4027 reos
501 3971 653 4027 haereticos
670 3972 726 4028 uni·
838 3970 883 4043 ³⁵)
904 3970 944 4027 Gi.
965 3984 1043 4044 opos,
1064 3969 1106 4026 hc
1118 3969 1273 4044 Perpetuitd
1289 3968 1324 4025 de
1336 3969 1366 4025 ta
1380 3967 1441 4039 Fui,

59 4079 159 4134 veraim
186 4093 279 4135 omues
306 4077 446 4135 traducunt
472 4082 576 4151 patres,
603 4076 727 4133 bonasus
775 4075 832 4133 liv.
847 4076 879 4132 ll.
901 4075 995 4150 chapp.
1009 4076 1054 4133 itt
1068 4092 1143 4150 seqq.
1165 4075 1240 4133 'lom
1254 4075 1287 4131 il.

59 4183 119 4241 adu.
149 4184 260 4241 llaeres.
289 4184 369 4241 llbl.
390 4200 449 4257 oap-
463 4183 508 4240 tx.
528 4200 555 4239 ιι.
570 4183 603 4258 3,
632 4182 678 4239 lib.
693 4183 727 4239 V.
838 4182 1222 4258 Μ)Ο1.1Ἶ1οοιιιοιι,1λολο
1239 4185 1373 4257 prum
1391 4183 1442 4239 rc'·

58 4303 135 4363 capp.
148 4289 320 4365 xlii-xxi,
338 4289 483 4363 Dionysius
498 4289 646 4346 corinthius
657 4288 727 4362 apud
776 4289 847 4360 elle,
866 4288 938 4347 Dias.
959 4289 1109 4346 til-vii.

59 4394 204 4453 Eusebium
226 4395 438 4453 it.it.tib.1v.
465 4411 523 4468 cap.
540 4394 641 4469 lllilll,
669 4393 727 4451 cte·
839 4395 885 4471 ³⁷)
917 4395 957 4452 Its
981 4397 1132 4454 Eucharist.
1166 4395 1212 4452 lib.
1237 4396 1271 4454 X.
1304 4414 1363 4471 cap.
1383 4395 1442 4452 XV.

60 4515 133 4557 usos
167 4502 353 4560 alexandrinus
385 4503 515 4559 Stromat.
536 4499 593 4557 Vll.
625 4499 652 4572 3.
675 4498 727 4574 16,
778 4500 805 4575 ς.
828 4501 874 4558 to.
1460 4498 1462 4501 ’

62 4606 192 4680 Origenes
211 4611 239 4666 in
259 4610 334 4667 Num.
355 4608 427 4665 hom.
447 4607 493 4664 Ill.
514 4623 539 4664 n.
562 4605 595 4681 l,
620 4613 648 4663 ct
667 4623 728 4663 sae·
839 4607 884 4682 ³⁸)
905 4608 1027 4666 Sermon.
1049 4610 1083 4665 de
1103 4616 1206 4678 natura,
1229 4607 1397 4663 institutione
1411 4622 1444 4661 ac

60 4713 171 4785 ptume
200 4714 394 4788 Tertullianus,
430 4714 475 4791 qui
508 4712 568 4769 adu.
600 4711 727 4786 llermog.
777 4715 828 4771 llos
841 4729 864 4770 s.
878 4713 1072 4787 Eucharistiae,
1086 4713 1208 4789 paq.5l.
1230 4712 1343 4769 hundini
1356 4710 1442 4768 1814.

59 4832 117 4893 cap.
138 4820 245 4880 xxvu.
272 4821 387 4878 scribit:
421 4819 483 4878 Hcs
509 4827 572 4877 amnt
599 4820 727 4896 mpetum
837 4819 883 4895 Η)
904 4821 1050 4878 introduct.
1072 4819 1194 4877 Tomll.
1209 4835 1271 4891 pag.
1288 4816 1355 4873 414.
1376 4815 1440 4869 edit.

59 4932 86 4982 et
109 4924 271 4985 subtilitates
295 4928 499 4985 homedconrm
525 4926 726 5001 aicuplicitctsm
776 4927 916 4999 septimae.
1205 4946 1206 4949 ¹

106 5049 234 5106 l’aaraatla,
248 5052 425 5097 commentarlua.
1182 5029 1231 5103 24

119 3708 165 3785 ³¹)
190 3707 231 3765 Ile
250 3707 294 3761 bis
313 3707 377 3763 vide
398 3706 528 3764 Oederum
549 3708 576 3764 iu
597 3714 724 3764 unnoutt

58 3812 90 3869 ad
111 3813 271 3870 Cotechesiu
286 3813 490 3870 liacovicnsem.
