3324 5382
653 277 800 347 CAPUT
839 280 884 345 ll·
1397 281 1459 342 Μ

79 446 196 512 adsere
215 447 340 533 desert.
383 445 436 512 At
456 454 526 527 lpca
547 469 619 512 aero
639 469 794 530 nosquam
811 466 944 528 quorem
965 443 1116 527 appellari
1137 436 1246 509 debere
1265 454 1459 510 senserant.-

77 580 114 622 ac
129 579 183 638 per
201 556 255 622 boc
275 557 360 622 mont
380 558 419 621 rte
439 566 503 621 toto
526 556 657 622 ecclesio
677 558 830 638 hodiem,
863 564 963 637 marn
984 556 1027 621 ad
1045 554 1165 620 nultus
1186 575 1356 619 commeare
1375 556 1458 619 sodl-

77 674 167 745 ema,
201 675 442 749 sententiamque
459 666 545 731 mara
567 674 795 733 cnutttaenmt
814 688 876 731 non
904 674 1043 746 opertam
1070 664 1214 746 wasloi,
1250 667 1333 729 cuius
1360 667 1457 747 potius

79 776 190 841 decreta
211 779 362 862 sequenda
384 778 565 842 mandarunt
587 823 670 841 ....
691 777 878 860 Quapropter
897 794 958 840 oon
979 794 1126 855 veremur,
1148 795 1187 839 nc
1207 775 1366 858 apostolica
1388 795 1458 839 sen-

79 889 161 951 tentia
180 887 353 967 resolvatur,
376 906 463 969 quam
484 896 513 951 et
533 908 597 951 coe
619 883 745 963 cunta,
768 892 971 949 etmalorum
992 885 1132 963 traditio,
1154 893 1184 947 et
1204 906 1355 948 canorum
1376 884 1458 949 fulcit

81 1003 250 1060 auctoritas.
295 996 354 1062 Sed
375 998 507 1080 cogitent
529 998 639 1082 magis,
663 998 689 1061 si
710 997 776 1078 quis
797 997 827 1059 ia
848 996 893 1059 eis
915 1001 961 1059 est
981 994 1134 1078 religionis
1156 1011 1278 1073 seusus,
1300 1012 1340 1057 ne
1361 996 1458 1076 pravi·

81 1113 164 1169 utem
182 1125 262 1170 auam
292 1106 457 1171 nullatenus
487 1106 685 1189 deponentes,
725 1104 802 1187 apud
821 1103 915 1168 mum
946 1104 1142 1185 hominesque
1171 1102 1458 1184 sedisapostolicae

81 1222 210 1297 perpetua
231 1218 439 1280 constitutione
458 1216 661 1281 damnentur.“
695 1215 732 1279 Ut
753 1216 831 1279 enim
852 1214 1065 1298 gallicanorum
1085 1221 1200 1295 patrum
1221 1214 1350 1291 nomine,
1371 1220 1458 1295 atque

80 1342 97 1386 e
122 1332 235 1407 recepta
264 1325 341 1408 apud
367 1344 471 1389 omnes
499 1326 556 1390 bde
584 1326 688 1389 Avitus
717 1325 887 1389 viennensis
902 1326 944 1359 '⁸⁸
968 1304 1006 1387 ad
1027 1322 1113 1387 Urbis
1140 1329 1295 1387 senatores
1324 1325 1456 1406 scripsit:

77 1432 206 1514 „Sentim
231 1453 266 1499 ae
293 1437 323 1499 in
343 1435 481 1499 lacessito
503 1443 617 1498 sertim
636 1438 708 1517 (qua
731 1433 901 1516 metaphora
923 1433 1130 1518 Symmachum
1152 1432 1231 1495 Petri
1251 1449 1456 1495 successorem

75 1542 278 1626 designabant)
298 1552 404 1609 autum
425 1562 509 1608 suum
530 1552 648 1609 nutus:
682 1542 761 1607 nulla
781 1543 868 1626 lege,
888 1543 966 1607 nulla
986 1544 1100 1608 ratione
1122 1542 1245 1626 intelligi
1268 1541 1307 1606 ab
1328 1541 1457 1629 inserte

74 1650 153 1715 ribus
173 1660 403 1718 eminentiorem
424 1655 559 1718 iudicari:
580 1655 611 1717 io
632 1652 834 1717 sacerdotibus
854 1652 962 1718 ceteris
983 1672 1073 1736 posse
1095 1652 1223 1735 qudem,
1245 1653 1271 1715 si
1293 1653 1362 1733 quid
1380 1652 1456 1715 torte

75 1766 225 1846 notaverit,
264 1764 432 1829 reformari:
470 1772 500 1829 at
526 1765 552 1827 si
578 1782 652 1847 papa
673 1763 760 1827 Urbis
788 1771 911 1827 vocetur
938 1764 967 1827 in
997 1762 1133 1842 dubium,
1170 1769 1377 1842 episcopatum
1398 1764 1456 1825 iam

75 1872 177 1955 videri,
211 1894 276 1937 non
296 1880 467 1953 eptscopuaa
489 1872 645 1937 vacillaret
679 1872 860 1937 redditorum
882 1892 954 1937 suae
975 1872 1202 1954 dispensationis
1221 1875 1381 1955 rationem,
1404 1880 1457 1954 qat

75 1981 141 2047 oottt
160 1983 310 2047 mico
326 1990 468 2064 procerte
502 1990 636 2047 celerum
663 1989 769 2069 propia
796 2004 858 2046 non
885 2003 956 2046 esse
974 1990 1133 2064 pastorem
1148 1990 1308 2064 proprium
1329 1991 1456 2066 terrere,

76 2092 125 2155 sed
144 2094 281 2156 iudicis.“

32 2236 36 2244 -
173 2202 246 2265 Puto
274 2209 372 2265 autem
396 2201 434 2264 ad
459 2203 519 2265 vim
546 2209 779 2285 potestatemque
806 2202 1011 2266 declarandam
1037 2203 1184 2287 diqnttott
1211 2210 1322 2285 capitis
1342 2205 1456 2269 insitam

76 2327 131 2373 uon
160 2314 258 2376 minus
287 2310 439 2393 splendide
480 2311 648 2376 conducere
683 2330 760 2394 qaae
788 2310 988 2377 llaximus¹¹⁴
1025 2315 1167 2397 egregius
1201 2313 1458 2378 monothelitarum

75 2419 228 2486 debellator
250 2421 289 2484 de
310 2421 440 2503 partibus
460 2420 575 2504 scribit,
603 2439 676 2503 quas
696 2420 824 2505 Pyrrhus
844 2422 1173 2506 constantinopolitanus
1194 2425 1315 2487 solutes
1336 2424 1457 2505 explere

76 2528 200 2611 deberet,
221 2532 376 2613 inquiens:
398 2530 549 2609 ,Festinat
567 2551 645 2610 prae
666 2531 807 2597 caudice
828 2532 892 2595 sedi
913 2550 1054 2597 romanae
1075 2532 1255 2597 satislmere.
1294 2532 1356 2595 llac
1377 2534 1457 2595 enim

76 2640 222 2723 satisfacta,
246 2642 441 2704 communiter
460 2641 568 2723 ubique
590 2657 695 2704 omnes
711 2644 754 2676 ¹¹²
777 2643 856 2723 pium
876 2641 954 2706 bunc
974 2650 1004 2705 et
1023 2641 1219 2706 orthodoxum
1239 2640 1457 2723 praedicabunt

76 2748 104 2813 Si
123 2753 197 2814 enirn
219 2752 295 2815 aiios
317 2751 434 2833 quidem
457 2749 679 2815 satisfaciendos
701 2751 794 2833 ducit,
832 2759 861 2816 et
884 2751 1084 2817 beatissimum
1105 2770 1258 2815 romanum
1279 2768 1381 2831 papam
1404 2768 1456 2811 ne·

74 2876 210 2942 quaquam
230 2859 376 2942 implorat,
396 2859 492 2923 simile
513 2861 650 2943 quiddam
673 2863 734 2945 agit
754 2864 792 2942 ei,
815 2864 864 2944 qui
885 2862 961 2926 iorte
980 2861 1129 2926 homicidii
1151 2861 1198 2924 vel
1220 2860 1340 2924 alterius
1358 2860 1457 2922 cuius-

74 2967 135 3032 dam
157 2972 288 3034 criminis
308 2970 510 3053 redarguatur,
533 2979 564 3035 et
583 2973 729 3036 insontem
750 2991 785 3037 se
806 2991 866 3036 non
887 2975 931 3054 ei,
953 2973 1003 3055 qui
1022 2971 1184 3036 secundum
1205 2970 1292 3053 leges
1311 2969 1457 3032 iudicandi

73 3076 131 3141 iura
152 3082 272 3143 sortitus
293 3086 356 3157 est,
392 3078 536 3143 exhibere
564 3081 696 3165 festinat3
731 3081 786 3146 sed
813 3089 923 3146 unnim
951 3081 1090 3145 inutiliter
1119 3088 1148 3144 et
1177 3081 1241 3144 sine
1273 3079 1355 3142 lucro
1381 3077 1455 3158 aliis,

72 3188 246 3271 privatisque
268 3187 434 3251 bominibus
458 3190 625 3254 munditiam
646 3198 810 3256 monstrare
830 3194 875 3256 soi
897 3194 1004 3275 mtagit
1025 3199 1123 3269 auus,
1146 3192 1196 3272 qui
1219 3190 1326 3253 nullam
1347 3188 1456 3251 babent

73 3295 162 3375 ipsam
184 3297 320 3361 solvendi
343 3316 359 3361 a
380 3300 501 3362 crimine
527 3303 736 3380 potestatem.“
778 3302 861 3365 Hanc
889 3319 962 3366 vero
988 3320 1023 3365 se
1050 3300 1193 3383 purgandi
1226 3317 1360 3362 normam
1388 3299 1456 3360 ideo

70 3400 208 3471 humus
229 3406 341 3490 Pyrrho
363 3408 512 3490 praefinit:
535 3408 641 3489 „Quod
663 3411 823 3492 apostolica
844 3411 934 3475 sedes
955 3410 992 3475 ab
1012 3413 1076 3492 ipso
1098 3412 1247 3473 incarnato
1268 3407 1322 3472 Dei
1346 3408 1455 3487 Verbo,

71 3514 123 3577 sed
143 3523 172 3579 et
190 3517 328 3582 omnibus
349 3521 458 3584 sanctis
478 3519 616 3604 synodis,
652 3521 815 3584 secundum
836 3539 938 3584 sacros
961 3539 1104 3597 canones,
1140 3521 1358 3599 universarum,
1380 3538 1456 3601 quae

71 3623 99 3686 in
118 3631 178 3688 toto
199 3634 346 3690 terrarum
370 3628 444 3693 orbe
467 3637 547 3711 sunt,
585 3629 778 3695 ecclesiarum
805 3638 838 3695 tn
866 3628 1005 3695 mattea
1026 3638 1056 3694 et
1074 3652 1131 3711 per
1152 3636 1253 3692 manta
1271 3636 1406 3709 percepit
1427 3636 1455 3690 et

72 3728 159 3798 later
178 3742 351 3815 inpeditae,
371 3746 585 3803 auctoritatem
604 3748 636 3804 et
653 3747 837 3821 paucitatem
855 3739 973 3825 ligandi
993 3749 1087 3820 utqrm
1105 3738 1275 3802 solcendt.“

178 3851 244 3907 tos.
287 3846 466 3929 imaginibus
486 3856 612 3931 capttta,
634 3856 747 3930 optata,
768 3858 907 3929 certius,
929 3851 1034 3933 quibus
1056 3869 1201 3914 summam
1222 3847 1456 3929 cumulatamque

72 3955 245 4018 auctoritatis
265 3954 473 4038 plenitudinem
494 3959 581 4024 Petro
601 3959 737 4024 tributam
760 3960 909 4024 christiani
932 3962 1069 4024 doctores
1092 3965 1312 4041 expresserunt,
1334 3957 1455 4021 alteram

73 4060 233 4144 subiiciunt,
255 4083 313 4146 qua
334 4064 415 4129 illum
433 4068 582 4151 insignem
600 4076 779 4150 principans
798 4076 1000 4150 episcopatur,
1022 4068 1169 4149 clauoque
1184 4070 1352 4132 dominicae
1365 4076 1455 4132 nocis

68 4170 314 4256 praefectum⁸¹‘
337 4186 569 4258 repraesentant
609 4180 656 4242 Ac
676 4181 756 4262 prior
777 4180 895 4261 quidem
917 4182 946 4243 in
969 4179 1092 4261 epistola
1114 4179 1242 4243 occurrit
1262 4178 1456 4242 Valentiniani

71 4280 195 4365 Augusti
217 4285 252 4347 ad
273 4284 488 4369 Tbeodosium,
523 4291 552 4351 in
581 4307 637 4370 qua
665 4307 719 4371 pro
742 4291 890 4353 communi
911 4309 947 4353 ac
967 4289 1061 4353 ubivis
1086 4289 1201 4372 vulgata
1225 4290 1455 4354 orthodoxorum

70 4394 259 4470 persuasione
280 4395 397 4459 scribit:
436 4397 551 4478 „Quam
579 4399 667 4463 idem
699 4417 754 4464 nos
781 4419 798 4463 a
826 4399 934 4463 nostris
966 4400 1125 4464 maioribus
1155 4400 1286 4464 traditam
1313 4399 1457 4463 debemus

133 4584 308 4661 ¹¹³)1tigna
334 4587 406 4645 toret
425 4588 492 4647 baec
510 4591 641 4667 epistola,
669 4608 738 4666 qoaa
788 4598 843 4667 tet,
874 4598 953 4665 atqm
980 4608 1058 4650 uuam
1085 4609 1143 4650 com
1168 4593 1218 4650 trac
1243 4594 1322 4651 fldem
1347 4593 1457 4667 protlte-

73 4692 129 4746 lola
149 4690 354 4750 describeretur.
789 4704 873 4756 marr.

136 4794 197 4871 ¹¹⁴)
216 4798 301 4873 Epist.
324 4800 358 4856 ad
377 4801 482 4857 Petrum
503 4802 643 4861 illustram
855 4802 915 4880 ¹¹⁸)
935 4804 993 4861 Nou
1005 4803 1101 4861 desunt
1114 4806 1295 4862 vetustissima
1311 4804 1455 4859 christiana

136 4901 198 4977 ¹¹⁵)
218 4904 294 4979 Quia,
316 4907 482 4964 utlrcaaeua
498 4907 624 4983 loquitor,
645 4926 738 4967 omncs
790 4911 966 4985 monimenta,
999 4911 1025 4966 io
1052 4910 1148 4983 quibus
1178 4911 1245 4967 baec
1276 4910 1334 4982 ipsa
1365 4909 1456 4977 imago

73 5008 117 5080 qui
131 5013 336 5087 cantandique,
357 5012 472 5071 adbanc
486 5016 644 5073 marauiant
657 5031 742 5092 opor·
789 5018 877 5092 picta,
897 5015 1034 5089 sculpture
1055 5015 1182 5072 occurrit

119 5131 245 5187 Pnuglla.
260 5138 435 5179 commentarius.
1196 5119 1244 5195 34
