3374 5388
219 287 281 350 tot
703 282 834 351 unua
874 280 1108 352 summos

259 449 359 519 1,Σύ
379 448 410 517 εἶ
429 453 447 515 ὁ
467 452 613 534 Χριστός.
944 452 967 516 l.
989 450 1047 517 Σο
1067 448 1240 534 elnaem.

249 564 282 627 ll.
302 561 334 627 ‘O
353 561 420 637 uide
440 565 498 626 τοῦ
515 562 599 626 θεοῦ
623 563 680 625 τοῦ
698 561 826 638 ζῶντος.
931 562 964 624 lh
991 559 1061 627 Καὶ
1069 565 1119 626 ἐπὶ
1132 563 1226 646 ταύτῃ
1240 567 1276 647 τῇ
1286 571 1384 646 πέτρᾳ
1398 562 1613 646 οἰκοδομήσω

994 692 1058 753 μου
1078 664 1134 750 τὴν
1151 673 1325 751 ἐκκλησίαν.

325 806 406 870 Sicut
427 807 506 869 enirn
526 812 650 887 utroque
671 806 770 888 priore
791 807 885 871 inciso
906 803 1124 887 appellativum
1145 807 1306 892 dtqnttmm
1326 829 1441 886 nomm,
1460 810 1500 872 ita
1521 816 1615 872 uuo-

220 934 278 999 que
299 916 465 999 posteriore
486 913 654 994 replicatio
679 913 801 978 effertur
822 917 979 1001 θίροὶιοτὲτ
1007 916 1188 999 appellativis
1217 920 1382 982 nominibus
1402 918 1613 983 adumbratae.

218 1026 339 1107 Deperit
357 1032 471 1106 numm,
502 1026 677 1108 penitusque
709 1031 808 1087 cessat
828 1024 906 1089 baec
924 1028 1049 1108 partium
1071 1028 1223 1093 harmonia
1250 1036 1337 1110 atque
1358 1028 1555 1111 conspiratio,
1585 1031 1614 1093 si

219 1154 275 1199 eae
303 1134 492 1198 abinvicem
523 1133 704 1197 divellantur.
748 1134 1001 1207 Quemadmodum
1030 1139 1120 1220 igituir
1147 1138 1190 1202 ias
1211 1157 1274 1202 non
1295 1146 1355 1220 est,
1385 1138 1477 1201 verba
1497 1139 1515 1199 ὁ
1539 1137 1614 1212 υίὸς

219 1247 276 1307 τοῦ
298 1243 382 1308 θεοῦ
400 1246 457 1307 τοῦ
478 1241 612 1322 ζῶντος,
634 1262 652 1306 a
672 1244 933 1326 praecedentibus,
957 1240 997 1310 οὐ
1024 1243 1055 1311 ai
1075 1249 1094 1310 d
1114 1248 1268 1328 Χριστός,
1290 1248 1466 1330 seiungere,
1497 1247 1541 1309 ita
1563 1249 1613 1310 in-

219 1356 322 1435 cisum,
344 1354 394 1417 ἐπὶ
414 1352 510 1437 ταύτῃ
530 1372 567 1438 τη
594 1358 692 1434 πέτρᾳ
713 1352 914 1435 οἰκοδομήσω
933 1377 998 1439 μου
1018 1350 1076 1433 τὴν
1100 1357 1278 1437 ἐκκλησίαν,
1307 1375 1374 1421 cum
1395 1356 1612 1440 praecedente,

220 1459 260 1527 ori
281 1459 311 1529 εἶ
331 1462 468 1546 Πέτρος,
490 1462 684 1546 copulandum
705 1471 760 1528 est.

328 1591 416 1655 Cuius
453 1591 683 1665 coniunctionis,
722 1591 931 1673 relationisque
962 1592 1171 1657 necessitatem
1204 1592 1329 1678 stapulo
1361 1612 1480 1676 quoque
1510 1593 1614 1658 enta

221 1700 439 1782 demonstrant,
475 1701 581 1784 quibus
611 1700 808 1763 testimonium
840 1702 935 1783 ipsum
962 1704 1136 1766 continetur.
1186 1702 1233 1767 Ac
1261 1703 1442 1767 demonstrat
1471 1704 1611 1785 inprimis

219 1811 343 1874 verbum
360 1804 398 1891 ai,
419 1831 461 1872 es.
504 1810 535 1876 st
556 1811 634 1874 enirn
652 1809 754 1875 Simon
771 1828 830 1873 non
852 1810 967 1873 dirum
987 1819 1108 1893 mamm,
1129 1812 1184 1877 sed
1203 1810 1338 1889 άληθῶς
1360 1821 1407 1877 est
1426 1814 1478 1895 qui
1490 1814 1611 1893 datm,

218 1939 254 1984 ac
268 1939 374 1983 revera
389 1924 502 2001 πέτρος
523 1928 578 2000 est,
600 1919 687 2003 plane
708 1921 898 2001 consequitur
918 1919 1017 1984 dotem
1037 1921 1078 1984 illi
1091 1924 1357 2005 proprietatemque
1379 1925 1554 2003 convenire,
1579 1933 1612 1987 ut

219 2035 366 2110 tamquam
397 2027 573 2092 solidissima
601 2036 686 2112 petra
706 2029 852 2094 ecclesiae
878 2036 1065 2111 supponatur.
1110 2031 1140 2095 Si
1171 2033 1221 2113 qui
1247 2050 1322 2114 ergo
1348 2032 1385 2095 ab
1420 2050 1458 2096 eo
1480 2034 1609 2097 incisum
1668 2020 1669 2055 ¹

220 2139 388 2219 annuerint,
410 2138 460 2200 tri
480 2136 576 2223 ταύτῃ
595 2140 632 2222 τῇ
652 2144 766 2221 napa,
788 2139 818 2202 hi
840 2147 871 2202 et
890 2157 1024 2202 connexa
1045 2138 1205 2221 haedere,
1237 2150 1269 2205 et
1287 2143 1442 2206 veritatem
1458 2143 1612 2207 sermou‘m

220 2247 326 2311 Christi
348 2244 541 2327 donatiani
562 2243 591 2311 ai
613 2246 749 2330 Πέτρος,
771 2250 801 2311 in
821 2249 980 2312 discrimen
1002 2249 1152 2313 adducere
1164 2249 1349 2314 videbuntur.

328 2372 414 2448 Quod
440 2380 470 2437 et
496 2373 594 2455 paullo
625 2373 710 2438 aliter
737 2372 837 2438 efferri
859 2377 902 2439 sic
929 2383 1033 2458 potest
1075 2374 1142 2438 Non
1163 2375 1232 2439 dicit
1253 2375 1399 2458 Christus,
1428 2387 1463 2443 tu
1484 2387 1611 2443 οοοακὺ

221 2481 348 2563 Petrus,
370 2483 433 2564 sed,
456 2504 512 2566 eqo
530 2504 603 2546 cero
622 2491 715 2546 ctiam
734 2483 803 2547 dico
823 2481 892 2565 tibi,
923 2483 969 2548 d‘n
990 2483 1030 2548 od
1049 2481 1079 2549 st
1100 2483 1241 2567 Πέτρος,
1265 2487 1346 2566 quod
1364 2495 1399 2550 tu
1419 2508 1454 2550 ea
1477 2484 1609 2566 Pete-ars,

219 2593 330 2674 tibique
356 2591 411 2654 dns
433 2611 468 2655 ac
489 2594 652 2675 proprietas
672 2595 765 2675 inest,
792 2612 869 2677 quae
897 2594 1067 2677 metaphora
1090 2614 1126 2658 ac
1140 2595 1269 2678 imagine
1290 2603 1393 2678 petrae
1414 2596 1609 2681 significatur.

220 2700 279 2767 Sed
301 2720 336 2764 ea
359 2701 413 2765 dos
432 2719 493 2764 nnn
514 2701 555 2764 illi
584 2723 627 2765 ea
654 2724 722 2765 rese
750 2706 860 2781 inerat,
889 2722 979 2786 quum
1002 2725 1045 2766 ea
1072 2726 1142 2768 sere
1169 2703 1283 2768 mobilis
1310 2713 1407 2787 esset,
1436 2705 1551 2789 baqibs
1579 2718 1611 2772 et

219 2810 396 2874 inconstans.
439 2810 571 2875 Dicendo
586 2813 674 2894 igitur
686 2811 884 2876 eiiecitJesus
901 2813 979 2895 qaod
994 2812 1074 2896 dixit,
1096 2814 1282 2897 ostenditque
1295 2832 1329 2879 se
1350 2814 1421 2880 illud
1436 2816 1515 2880 idem
1536 2837 1610 2882 esse

218 2918 273 2983 Dei
293 2920 432 2999 Verbum,
455 2939 511 3001 per
530 2923 607 3003 quod
630 2923 728 2985 omnia
748 2920 825 2984 facta
845 2929 921 2985 sunt
964 2921 1205 2996 Quorsumnam
1233 2924 1424 3006 omnipotenti
1452 2927 1559 2990 virtute
1581 2929 1608 2990 is

221 3030 271 3111 qui
297 3036 344 3093 est
361 3030 405 3063 ¹¹⁹
436 3029 528 3093 Patris
561 3030 669 3111 virtus,
705 3037 735 3094 ei
753 3032 798 3064 ¹¹⁰
833 3026 869 3094 τὸ
896 3032 1054 3113 σκῆπτρον
1082 3034 1135 3111 τῆς
1170 3030 1392 3116 μεγαλωσύνης
1424 3035 1481 3098 τοῦ
1511 3033 1606 3115 θεοῦ,

221 3138 371 3203 Simonem
391 3146 504 3221 petram
524 3138 660 3221 reddidit,
682 3138 839 3223 effecitque
859 3147 891 3204 ut
918 3148 1020 3223 petrae
1041 3141 1177 3205 firmitate
1200 3144 1421 3226 consuntiaque
1440 3144 1608 3226 potiretmt

221 3250 276 3311 erit
298 3248 356 3311 hoc
377 3247 429 3311 tibi
449 3248 652 3330 perspicuum,
674 3250 700 3312 si
721 3248 758 3313 ad
780 3266 848 3312 eam
870 3248 961 3313 verba
980 3250 1138 3331 renuens,
1159 3251 1210 3315 ἐπὶ
1228 3249 1324 3335 ταύτῃ
1344 3253 1382 3337 τῇ
1401 3257 1509 3335 πέτρᾳ,
1528 3273 1607 3336 quae
1668 3288 1669 3317 r

221 3357 305 3421 siab
328 3376 366 3421 eo
387 3358 571 3439 seiunxeris,
600 3357 671 3421 nihii
696 3359 853 3423 admodum
873 3360 1008 3441 reperies
1036 3359 1115 3441 quod
1137 3360 1263 3424 diviam
1293 3361 1480 3425 commendet
1499 3362 1608 3428 Christi

219 3467 430 3549 providentiam
460 3473 492 3529 et
517 3468 708 3532 maiestatem.
749 3468 854 3549 Liquet
887 3469 977 3550 igitar
1001 3486 1061 3531 non
1087 3468 1165 3533 ahud
1190 3471 1226 3535 iis
1261 3469 1412 3554 designari
1441 3471 1607 3537 subiectum

221 3594 308 3658 quam
328 3574 454 3640 Petrum.

327 3684 411 3759 Quod
436 3687 540 3749 iterum
568 3686 693 3751 suadent
720 3694 750 3751 et
779 3686 919 3770 particula
948 3687 1016 3769 sai,
1049 3695 1079 3751 et
1106 3705 1272 3770 pronomen
1297 3691 1398 3754 τοῦτο.
1447 3690 1499 3755 llla
1525 3694 1605 3756 eninr

219 3802 330 3875 empse
354 3803 470 3858 acturo
498 3797 593 3877 iungit
620 3797 794 3879 copulatque
821 3814 1006 3878 sermonem,
1029 3797 1107 3862 istud
1131 3815 1204 3862 nero
1230 3799 1394 3863 subiectum
1423 3798 1606 3866 demeum-at

220 3904 299 3986 quod
319 3907 453 3987 proxime
475 3906 631 3970 antecedit.
674 3906 714 3970 At
741 3908 766 3971 si
788 3906 880 3970 verba
907 3906 958 3970 ἐπὶ
982 3904 1076 3992 ταύτῃ
1101 3910 1139 3991 τῇ
1167 3912 1280 3991 πέτρᾳ,
1310 3907 1438 3972 aPetro
1470 3928 1604 3995 separes,

220 4032 318 4096 neque
340 4014 478 4096 particula
496 4016 550 4079 xci
572 4017 630 4080 vim
645 4016 808 4098 copulandi,
831 4034 930 4098 netpte
951 4034 1115 4098 pronomen
1136 4019 1227 4080 τοῦτο
1251 4018 1308 4081 κίοι
1323 4020 1462 4082 retinebit
1482 4020 1605 4084 demon-

221 4123 330 4186 strandi
352 4122 485 4205 subiecti,
508 4125 586 4207 quod
606 4123 731 4209 ἀμέσως
752 4125 916 4209 praecedit:
945 4144 1017 4208 opus
1047 4127 1102 4190 erit
1129 4125 1262 4209 obliquas
1290 4126 1348 4190 iilis
1374 4128 1606 4210 significationes

221 4232 369 4315 adnectas,
391 4234 598 4317 principesque
629 4236 723 4300 vinies
747 4236 985 4300 hermeneuticas
1012 4234 1107 4317 leges.
1150 4235 1232 4310 Quae
1261 4236 1379 4300 violatm
1400 4256 1439 4301 eo
1460 4239 1606 4303 videnbr

221 4345 387 4426 praesentia
416 4344 536 4426 gravior
572 4342 678 4426 debet,
711 4363 770 4429 qun
797 4344 978 4409 manifestius
1014 4352 1074 4427 est,
1107 4346 1230 4409 incisum
1265 4364 1476 4430 consequens.
1508 4349 1605 4412 media

221 4452 360 4534 particula
383 4451 452 4533 καί,
475 4471 541 4514 cum
563 4453 757 4518 antecedente
777 4456 931 4537 coniungi,
959 4462 1107 4537 umquam
1129 4452 1275 4540 effectum
1296 4477 1365 4518 cum
1386 4478 1524 4538 caussa,
1556 4456 1606 4521 vei

220 4568 343 4645 κὶροοοκ
364 4581 434 4625 rum
462 4581 608 4641 requam
636 4563 766 4627 mactat.
808 4564 844 4627 Et
870 4565 947 4628 hanc
974 4582 1046 4629 sane
1074 4564 1227 4648 copulandi
1247 4567 1391 4629 rabonem
1409 4567 1451 4599 ¹¹¹
1489 4574 1605 4629 mutuus
1668 4630 1669 4663 ,

1668 4674 1669 4717 t

285 4793 346 4870 ¹¹⁹)
364 4795 384 4851 i.
397 4794 458 4852 Cor.
472 4795 493 4852 Ι.
507 4794 555 4853 24.
570 4795 631 4852 coli.
644 4796 707 4853 Job.
721 4796 742 4852 h
756 4797 785 4853 3.
806 4796 887 4854 Hebr.
939 4805 1027 4855 mente
1053 4798 1210 4870 designatur
1236 4798 1263 4854 in
1282 4798 1373 4869 priore
1394 4797 1428 4855 ad
1448 4796 1605 4855 emanator
1668 4746 1669 4841 d

221 4902 242 4958 h
262 4901 291 4959 2.
937 4905 1069 4980 epistola,
1092 4906 1119 4978 ς.
1139 4904 1210 4961 xvl.

286 5007 345 5083 ¹²⁰)
379 5007 435 5063 flac
460 5006 611 5081 periphrasi
637 5007 758 5067 christu
785 5024 800 5065 a
827 5009 887 5067 Cla·
1003 5010 1062 5086 ¹²¹)
1084 5009 1171 5080 Quum
1191 5010 1245 5071 dno
1265 5009 1377 5083 plurave
1397 5009 1517 5083 matam
1539 5009 1605 5067 uui-
