3324 5382
209 274 271 336 sss
539 360 542 365 γ
696 272 828 339 crana
868 273 1103 341 sucmuus

313 448 384 506 2³2.
426 440 512 516 Quod
543 441 709 507 susannis
744 443 873 525 putribus
904 444 982 508 adeo
1010 445 1150 526 innotuit,
1184 451 1218 508 ut
1244 443 1445 509 disertissimis
1476 460 1593 526 quoque
1653 394 1654 411 ἵ

207 553 360 617 sententiis
388 551 590 635 patefecerint.
633 553 692 616 Has
722 553 808 617 alii²⁰
838 572 897 618 non
924 556 989 617 siric
1018 554 1178 619 industriae
1205 554 1291 617 laude
1319 553 1528 636 collegerunt,
1561 572 1594 618 ac

206 681 300 744 penes
322 661 445 726 eosdem
466 680 575 745 magno
598 662 762 745 descriptae
784 681 909 726 numero
929 663 1058 727 conicrri
1078 671 1217 745 possunt,
1239 670 1285 727 sat
1303 662 1389 726 uobis
1404 663 1463 725 erit
1476 662 1593 743 Leonis,

207 789 265 854 quo
288 790 355 835 cum
377 773 469 835 ceteri
490 772 684 851 consentiunt,
709 771 798 835 verbu
819 772 954 835 recitare.
998 772 1048 839 Sic
1068 774 1192 854 igitur²¹
1218 772 1284 835 ille:
1312 770 1378 852 „De
1397 779 1461 835 toto
1485 771 1592 834 mundo

206 902 288 943 unus
316 877 434 944 Petrus
467 879 601 963 eligitur,
637 882 687 962 qui
723 890 754 945 et
781 888 997 946 uniuersarum
1023 889 1161 966 pestium
1192 889 1359 961 mutaret,
1396 889 1426 945 et
1455 877 1593 943 paratu

207 988 369 1069 aportalts,
402 996 579 1069 cunctisque
600 988 751 1054 acclesiae
768 989 948 1070 pastoribus
962 1000 1174 1072 praeponatur
1181 1017 1191 1067 ;
1228 999 1260 1054 ut
1280 991 1413 1073 quamvis
1435 992 1468 1054 in
1488 989 1593 1073 populo
1653 1020 1654 1045 ι

207 1099 262 1163 Dei
283 1099 364 1163 multi
385 1098 557 1162 sacerdotes
578 1101 644 1180 siut,
668 1100 808 1183 multique
828 1108 973 1183 pastores,
996 1121 1098 1164 omnes
1122 1108 1220 1164 tamen
1239 1107 1362 1181 proprie
1381 1106 1472 1182 regat
1483 1099 1591 1179 Petrus,

207 1226 282 1293 quos
308 1206 522 1290 principaliter
549 1210 628 1290 regit
657 1218 687 1272 et
714 1211 876 1274 Christus.“
918 1210 989 1274 ldeo
1015 1219 1112 1275 autem
1138 1232 1243 1276 omnes
1270 1219 1336 1275 stae
1359 1219 1507 1291 pastores
1534 1215 1594 1270 stre

204 1340 316 1405 prepes
337 1326 460 1399 proprie
480 1327 567 1401 repat
581 1318 694 1400 Petrus,
715 1319 803 1401 quod,
824 1328 856 1384 ut
867 1316 1030 1384 ΒιιειιίιιεΠ
1055 1327 1085 1382 et
1098 1319 1234 1385 Asterius
1248 1322 1446 1386 amasenus²⁸
1472 1318 1592 1401 loquun-

206 1438 261 1510 tur,
285 1426 430 1492 Obrutus
449 1436 519 1508 port
542 1450 577 1490 se
598 1424 730 1492 Petrum
771 1428 918 1494 eeclesiae
938 1451 1017 1492 suae
1033 1438 1189 1510 pastorem
1210 1436 1411 1493 constituerit.

288 1538 313 1601 Ε
341 1554 398 1619 qua
427 1539 620 1620 persuasione
645 1547 759 1621 patrum
787 1539 931 1604 mantibus
960 1541 1125 1623 animisque
1154 1539 1250 1603 defixa
1277 1541 1372 1621 repeti
1402 1537 1497 1601 debet
1518 1536 1593 1620 quod

204 1649 294 1713 iidem
323 1648 360 1712 de
389 1649 563 1712 discrimine
589 1656 709 1712 monent
737 1670 833 1733 appas
866 1658 947 1713 tuter
974 1658 1067 1730 atque
1095 1672 1181 1726 aces,
1220 1649 1359 1731 quodque
1391 1647 1430 1711 de
1462 1647 1592 1711 fidelibus

204 1777 326 1841 prorsus
348 1758 497 1837 omnibus,
533 1758 597 1822 sive
620 1757 651 1820 bi
672 1760 816 1841 praesint,
838 1760 902 1823 sive
923 1759 1048 1839 subsint,
1070 1758 1148 1823 Petri
1169 1760 1256 1838 emis,
1278 1759 1507 1841 auctoritatique
1529 1756 1592 1821 sub

204 1869 288 1931 iectu
308 1867 461 1932 affirmant
489 1867 580 1931 Huius
602 1867 777 1930 discriminis
800 1867 920 1931 totidem
943 1869 1074 1931 meminit
1096 1868 1195 1932 verbis
1208 1867 1371 1934 Eucherius
1388 1867 1592 1950 lugdunensis,

206 1977 254 2042 val
274 1977 374 2041 Bruno
395 1979 491 2059 potius
511 1977 638 2040 astensis
659 1958 794 2057 inquiens
807 1984 853 2040 ²⁴:
889 1977 992 2058 „Prius
1013 1998 1125 2062 apuam
1161 1976 1269 2040 deinde
1291 1996 1364 2039 oses
1386 1978 1537 2040 commisit
1557 1978 1591 2051 ci,

205 2089 273 2170 quia
294 2104 353 2150 non
375 2086 471 2149 solum
491 2093 651 2169 pastorem,
672 2085 727 2149 sed
744 2094 906 2166 pastorum
925 2095 1081 2167 pastorem
1104 2105 1172 2151 eum
1195 2087 1351 2149 constituit.
1389 2074 1488 2149 Pascit
1509 2086 1591 2168 igitm

205 2196 307 2261 Petrus
327 2217 439 2282 amtor,
472 2196 565 2279 pascit
586 2204 616 2259 ct
637 2217 725 2273 oaes3
759 2199 854 2278 pascit
868 2195 964 2279 fiilos,
987 2198 1080 2278 pascit
1100 2203 1280 2270 utmalros,
1300 2197 1380 2277 regit
1402 2204 1435 2258 et
1456 2194 1591 2259 subditos

205 2316 235 2370 at
246 2305 414 2388 praelatos.
448 2303 590 2369 Omnium
613 2307 702 2389 igitttr
721 2314 819 2388 pastor
840 2315 896 2389 est,
919 2308 986 2389 quia
1009 2314 1129 2388 praeter
1150 2324 1245 2388 agnos
1267 2313 1391 2369 atores
1413 2307 1447 2369 in
1469 2305 1590 2369 ecclesia

205 2416 276 2480 nibil
311 2419 387 2480 est.“
437 2416 626 2495 staciacrant
659 2414 835 2480 Ambrosius
871 2424 900 2480 et
928 2416 1030 2480 Petrus
1061 2416 1278 2499 Chrysalogus3
1314 2414 1391 2478 illius
1425 2414 1519 2479 verba
1547 2432 1590 2477 sa

205 2527 340 2608 perius²³
365 2526 508 2605 dedimus,
528 2528 584 2589 iste
607 2527 721 2590 vero²⁶
745 2527 789 2588 sic
809 2524 912 2590 babet:
949 2525 1162 2607 „Commendat
1182 2546 1262 2602 osas,
1284 2530 1387 2589 astum
1407 2523 1591 2589 commendat

203 2628 362 2720 permina,
397 2637 464 2717 quia
478 2635 726 2719 foecunditatem
747 2642 851 2720 proptr
872 2643 924 2698 sut
949 2639 1040 2717 (quae
1069 2634 1250 2698 foecunditas
1279 2634 1333 2698 dos
1361 2642 1407 2697 est
1429 2640 1589 2716 pastorum)

206 2754 305 2829 pastor
325 2748 478 2830 praescius
499 2747 652 2809 ιιοιειιιια
695 2747 874 2827 consequuti
900 2753 997 2810 autern
1024 2752 1091 2808 sunt
1117 2744 1245 2808 uidorus
1272 2744 1452 2826 hispalensis
1474 2751 1505 2807 et
1524 2744 1589 2806 Ber·

206 2854 322 2935 nardus,
347 2855 490 2938 equibus
510 2855 621 2919 atter²⁷
645 2856 741 2936 docet,
764 2876 914 2940 aquarum
935 2860 1054 2917 nomine
1074 2852 1274 2939 ecclesiarum
1293 2852 1457 2934 praelatos
1478 2857 1590 2927 aman,-

207 2965 281 3029 slter
299 2982 372 3028 vero
391 2965 428 3029 de
449 2965 526 3028 Petri
548 2983 724 3029 successore
746 2965 904 3030 scribit²⁸:
939 2964 1004 3045 „Tu
1026 2982 1060 3028 es
1081 2966 1129 3028 cui
1148 2964 1248 3028 claves
1269 2962 1407 3044 traditae,
1449 2966 1497 3027 cni
1523 2980 1589 3025 oves

207 3076 336 3139 creditae
357 3081 433 3138 sunt
476 3074 548 3140 Sunt
569 3074 687 3157 quidem
708 3082 738 3139 et
759 3075 807 3137 alii
830 3073 906 3138 caeli
924 3074 1064 3137 ianitores
1086 3081 1116 3137 et
1137 3092 1263 3157 gregum
1292 3080 1446 3156 pastores3
1481 3072 1534 3138 sed
1563 3079 1589 3133 tu

206 3194 293 3273 tanto
308 3183 491 3269 plortastus,
528 3192 643 3265 quanto
671 3192 700 3247 et
728 3183 923 3270 differuntur
944 3174 1100 3265 utrumque
1117 3204 1194 3265 prae
1214 3189 1324 3246 astuta
1345 3200 1457 3247 nomen
1478 3181 1589 3245 heredi·

207 3297 280 3361 tasti.
323 3295 437 3358 Habent
457 3295 498 3358 illi
519 3294 575 3359 sibi
596 3295 761 3377 assignatos
784 3312 913 3377 greges,
937 3292 1054 3377 simula·
1074 3291 1228 3378 stapulas,
1249 3291 1301 3355 tibi
1322 3300 1464 3357 uniuersi
1484 3290 1586 3365 medati

207 3415 262 3470 unt
283 3428 395 3470 amaea.
438 3405 502 3468 Nec
524 3404 611 3468 modo
634 3412 743 3480 comm,
763 3405 817 3469 sed
836 3411 867 3467 et
884 3412 1046 3483 pastorum
1067 3409 1098 3466 tu
1117 3420 1193 3466 unus
1217 3403 1346 3465 omnium
1368 3411 1477 3484 pastor.
1511 3399 1586 3465 Unde

207 3515 237 3580 id
259 3516 390 3599 probem,
412 3512 553 3598 quaeris?
586 3534 625 3578 ex
643 3513 736 3576 verbo
757 3511 888 3577 Domini:
908 3534 1002 3594 pasce
1020 3533 1117 3596 apnos
1138 3531 1231 3589 meos,
1250 3533 1345 3592 pasce
1364 3532 1437 3575 oses
1459 3510 1569 3575 mear.“

316 3631 387 3688 233.
430 3623 557 3704 Quibus,
585 3624 626 3687 uti
647 3643 699 3707 par
726 3631 805 3702 erat,
830 3617 1009 3701 donstitutis,
1040 3622 1117 3685 haud
1139 3640 1231 3704 aegre
1252 3620 1317 3683 fieri
1338 3623 1409 3685 satis
1432 3620 1587 3703 quaestori

208 3743 319 3821 potest:
350 3734 429 3799 idem
447 3755 487 3796 ne
508 3740 566 3811 stt,
596 3755 638 3797 aa
658 3732 740 3796 allus
761 3741 870 3797 contra
896 3732 1097 3812 diversusque
1116 3752 1221 3795 aarum
1242 3728 1392 3808 ambitus,
1421 3752 1502 3811 quae
1522 3750 1586 3808 apo

208 3845 297 3911 statu
318 3850 472 3908 rtnloarsts
493 3843 673 3906 tndtcuntur
687 3846 726 3919 ²⁹,
757 3840 968 3923 πορευθέντες
989 3835 1047 3905 οὖν
1069 3839 1292 3919 μαθητεύσατε
1314 3838 1419 3905 πάντα
1441 3833 1481 3904 τοὶ
1503 3837 1585 3911 ἔθνη,

209 3977 245 4022 ac
265 3958 295 4020 in
315 3955 383 4019 loco
405 3955 526 4037 gemino
538 3956 577 4033 ⁸⁰,
600 3951 810 4033 πορευθέντες
829 3954 874 4026 εὶς
895 3946 1252 4032 stantemstantem,
1274 3949 1427 4031 κηρύξατε
1447 3950 1483 4014 τὸ
1504 3946 1586 4027 εὐαγ-

1653 1055 1655 1096 l

208 4066 314 4150 γέλων
334 4064 419 4149 πάσῃ
440 4066 477 4148 τῇ
497 4062 607 4126 niort:
637 4083 776 4142 quaeque
796 4062 840 4125 ad
858 4082 954 4124 unum
976 4069 1113 4139 speclmn
1135 4057 1282 4138 Petrum,
1312 4057 1408 4142 βόσκε
1435 4059 1474 4122 ru*
1499 4056 1585 4138 apula
1653 4120 1654 4133 ζ

210 4198 288 4259 μου,
313 4176 461 4258 ποιμαινι
479 4166 519 4237 rol
540 4170 684 4254 πρόβατά
705 4193 777 4254 μου.
822 4170 900 4236 Sane
920 4169 956 4233 ab
978 4169 1171 4253 appellatione
1191 4176 1329 4253 perunum
1348 4176 1495 4245 mnium,
1524 4170 1583 4230 unt·
1653 4206 1654 4271 ι

273 4378 319 4455 ²⁰)
347 4375 387 4433 ct.
408 4374 548 4432 Hrmacbii
573 4373 669 4447 brigg.
689 4380 717 4432 et
736 4372 879 4446 Antiquitt.
992 4371 1038 4445 ²⁸)
1057 4388 1084 4427 ιι.
1105 4368 1173 4428 22¹1.

213 4486 311 4544 Christ
332 4483 362 4541 t.
376 4483 411 4539 V.
431 4486 501 4555 put
514 4480 534 4537 l
549 4497 638 4554 pagg.
653 4479 721 4539 20³.
735 4496 810 4553 seqq.
992 4502 1038 4578 ss)
1059 4466 1145 4560 sm
1165 4500 1212 4559 VI·

277 4591 322 4730 ²²)
428 4695 434 4708 ι
993 4635 1038 4711 ²⁷)
1059 4633 1144 4708 Epist
1166 4633 1199 4689 ad
1219 4632 1368 4706 Eugenium
1389 4634 1537 4692 toletanam

308 4697 322 4773 )
342 4695 496 4815 consffl
508 4692 619 4813 ”OQ
640 4708 697 4764 αρ’
711 4690 793 4748 xm
814 4708 839 4745 n·
853 4692 879 4747 5·
994 4758 1039 4833 ²⁸)
1058 4757 1097 4815 De
1112 4757 1220 4814 Consid.
1241 4757 1331 4813 tit.tt
1351 4775 1411 4831 cap.
1421 4757 1490 4815 vm.
1505 4773 1530 4812 ιι.
1542 4754 1580 4809 15·

276 4804 322 4878 ²³)
344 4803 421 4859 tlon.
437 4819 464 4859 ιιι
477 4818 514 4859 ss.
529 4802 666 4872 tnncrpcs
679 4797 879 4869 Apostolorum·

310 4908 325 4983 )

279 4911 306 4941 ²⁴
353 4908 438 4965 Serm.
468 4908 503 4965 de
525 4904 612 4963 Natali
637 4917 674 4960 ss.
701 4907 787 4974 apost.
813 4901 883 4957 Petri
995 4881 1041 4956 ²⁹)
1061 4881 1152 4938 Μ’·
1174 4880 1293 4938 fflffl·
1314 4879 1361 4938 ¹⁹·

332 5013 338 5026 ·
996 5004 1043 5082 Η)
1061 5004 1140 5062 sm.
1161 5002 1231 5064 xva
1254 5002 1299 5063 tt.

1653 4382 1655 4423 l

1653 4452 1654 4485 b

1653 4510 1654 4531 ι

1653 4534 1654 4603 b

1653 4630 1654 4703 b

1653 4830 1654 4863 b

1653 4926 1654 4949 ι
