<?xml version="1.0" encoding="UTF-8"?>
<!DOCTYPE html PUBLIC "-//W3C//DTD XHTML 1.0 Transitional//EN"
    "http://www.w3.org/TR/xhtml1/DTD/xhtml1-transitional.dtd">
<html xmlns="http://www.w3.org/1999/xhtml" xml:lang="en" lang="en">
 <head>
  <title>
</title>
<meta http-equiv="Content-Type" content="text/html;charset=utf-8" />
  <meta name='ocr-system' content='tesseract 3.04.00' />
  <meta name='ocr-capabilities' content='ocr_page ocr_carea ocr_par ocr_line ocrx_word'/>
</head>
<body>
  <div class='ocr_page' id='page_1' title='image "./commentariusdep00passgoog_0566.png"; bbox 0 0 3324 5382; ppageno 0'>
   <div class='ocr_carea' id='block_1_1' title="bbox 210 265 1108 334">
    <p class='ocr_par' dir='ltr' id='par_1_1' title="bbox 210 265 1108 334">
     <span class='ocr_line' id='line_1_1' title="bbox 210 265 1108 334; baseline -0.009 7"><span class='ocrx_word' id='word_1_1' title='bbox 210 266 273 329; x_wconf 70' lang='lat' dir='ltr'><strong>Mt</strong></span> <span class='ocrx_word' id='word_1_2' title='bbox 702 265 1108 334; x_wconf 67' lang='lat' dir='ltr'><strong>mmmmmoe</strong></span> 
     </span>
    </p>
   </div>
   <div class='ocr_carea' id='block_1_2' title="bbox 208 431 1647 4464">
    <p class='ocr_par' dir='ltr' id='par_1_2' title="bbox 210 431 1647 1619">
     <span class='ocr_line' id='line_1_2' title="bbox 210 431 1598 520; baseline 0.002 -22"><span class='ocrx_word' id='word_1_3' title='bbox 210 431 370 498; x_wconf 83' lang='lat' dir='ltr'><strong>Salvatoris</strong></span> <span class='ocrx_word' id='word_1_4' title='bbox 391 450 459 496; x_wconf 90' lang='lat' dir='ltr'><strong>eum</strong></span> <span class='ocrx_word' id='word_1_5' title='bbox 478 440 582 515; x_wconf 80' lang='lat' dir='ltr'><strong>sarapte</strong></span> <span class='ocrx_word' id='word_1_6' title='bbox 604 438 749 515; x_wconf 78' lang='lat' dir='ltr'><strong>sponte⁴⁰</strong></span> <span class='ocrx_word' id='word_1_7' title='bbox 773 454 894 500; x_wconf 88' lang='lat' dir='ltr'><strong>sensum</strong></span> <span class='ocrx_word' id='word_1_8' title='bbox 920 435 1027 516; x_wconf 54' lang='lat' dir='ltr'><strong>lund,</strong></span> <span class='ocrx_word' id='word_1_9' title='bbox 1064 436 1114 519; x_wconf 92' lang='lat' dir='ltr'><strong>qui</strong></span> <span class='ocrx_word' id='word_1_10' title='bbox 1141 436 1340 520; x_wconf 87' lang='lat' dir='ltr'><strong>apostotorum</strong></span> <span class='ocrx_word' id='word_1_11' title='bbox 1365 437 1479 501; x_wconf 80' lang='lat' dir='ltr'><strong>animos</strong></span> <span class='ocrx_word' id='word_1_12' title='bbox 1509 454 1598 501; x_wconf 64' lang='lat' dir='ltr'><strong>onoe</strong></span> 
     </span>
     <span class='ocr_line' id='line_1_3' title="bbox 211 541 1599 629; baseline 0.004 -25"><span class='ocrx_word' id='word_1_13' title='bbox 211 544 299 624; x_wconf 90' lang='lat' dir='ltr'><strong>pavit.</strong></span> <span class='ocrx_word' id='word_1_14' title='bbox 342 541 498 605; x_wconf 86' lang='lat' dir='ltr'><strong>Praeterea</strong></span> <span class='ocrx_word' id='word_1_15' title='bbox 518 542 552 606; x_wconf 89' lang='lat' dir='ltr'><strong>ll.</strong></span> <span class='ocrx_word' id='word_1_16' title='bbox 574 562 613 606; x_wconf 92' lang='lat' dir='ltr'><strong>ne</strong></span> <span class='ocrx_word' id='word_1_17' title='bbox 634 544 804 626; x_wconf 86' lang='lat' dir='ltr'><strong>interposita</strong></span> <span class='ocrx_word' id='word_1_18' title='bbox 826 545 943 626; x_wconf 90' lang='lat' dir='ltr'><strong>quidem</strong></span> <span class='ocrx_word' id='word_1_19' title='bbox 968 545 1080 629; x_wconf 76' lang='lat' dir='ltr'><strong>syllaba</strong></span> <span class='ocrx_word' id='word_1_20' title='bbox 1107 548 1137 609; x_wconf 94' lang='lat' dir='ltr'><strong>in</strong></span> <span class='ocrx_word' id='word_1_21' title='bbox 1166 547 1366 628; x_wconf 85' lang='lat' dir='ltr'><strong>apostolorum</strong></span> <span class='ocrx_word' id='word_1_22' title='bbox 1395 564 1529 610; x_wconf 88' lang='lat' dir='ltr'><strong>errorem</strong></span> <span class='ocrx_word' id='word_1_23' title='bbox 1548 547 1599 609; x_wconf 68' lang='lat' dir='ltr'><strong>te</strong></span> 
     </span>
     <span class='ocr_line' id='line_1_4' title="bbox 211 650 1599 738; baseline 0.001 -23"><span class='ocrx_word' id='word_1_24' title='bbox 211 670 262 715; x_wconf 86' lang='lat' dir='ltr'><strong>sus</strong></span> <span class='ocrx_word' id='word_1_25' title='bbox 283 650 496 715; x_wconf 83' lang='lat' dir='ltr'><strong>animadvertit.</strong></span> <span class='ocrx_word' id='word_1_26' title='bbox 530 651 622 715; x_wconf 89' lang='lat' dir='ltr'><strong>lmrno</strong></span> <span class='ocrx_word' id='word_1_27' title='bbox 643 652 691 717; x_wconf 79' lang='lat' dir='ltr'><strong>lll</strong></span> <span class='ocrx_word' id='word_1_28' title='bbox 714 662 814 737; x_wconf 89' lang='lat' dir='ltr'><strong>aperte</strong></span> <span class='ocrx_word' id='word_1_29' title='bbox 835 655 1020 737; x_wconf 76' lang='lat' dir='ltr'><strong>significavit,</strong></span> <span class='ocrx_word' id='word_1_30' title='bbox 1042 655 1114 719; x_wconf 89' lang='lat' dir='ltr'><strong>nibil</strong></span> <span class='ocrx_word' id='word_1_31' title='bbox 1134 657 1245 719; x_wconf 73' lang='lat' dir='ltr'><strong>rendre</strong></span> <span class='ocrx_word' id='word_1_32' title='bbox 1266 655 1426 738; x_wconf 83' lang='lat' dir='ltr'><strong>apostolos,</strong></span> <span class='ocrx_word' id='word_1_33' title='bbox 1448 656 1530 738; x_wconf 83' lang='lat' dir='ltr'><strong>quod</strong></span> <span class='ocrx_word' id='word_1_34' title='bbox 1549 655 1599 717; x_wconf 84' lang='lat' dir='ltr'><strong>vel</strong></span> 
     </span>
     <span class='ocr_line' id='line_1_5' title="bbox 212 761 1600 847; baseline 0.002 -22"><span class='ocrx_word' id='word_1_35' title='bbox 212 763 295 825; x_wconf 88' lang='lat' dir='ltr'><strong>arei</strong></span> <span class='ocrx_word' id='word_1_36' title='bbox 317 764 453 844; x_wconf 87' lang='lat' dir='ltr'><strong>veritate,</strong></span> <span class='ocrx_word' id='word_1_37' title='bbox 480 761 528 825; x_wconf 90' lang='lat' dir='ltr'><strong>vel</strong></span> <span class='ocrx_word' id='word_1_38' title='bbox 548 783 565 826; x_wconf 93' lang='lat' dir='ltr'><strong>a</strong></span> <span class='ocrx_word' id='word_1_39' title='bbox 586 763 710 827; x_wconf 86' lang='lat' dir='ltr'><strong>oonsilio</strong></span> <span class='ocrx_word' id='word_1_40' title='bbox 732 763 811 846; x_wconf 93' lang='lat' dir='ltr'><strong>qnod</strong></span> <span class='ocrx_word' id='word_1_41' title='bbox 832 765 957 846; x_wconf 80' lang='lat' dir='ltr'><strong>ipsemet</strong></span> <span class='ocrx_word' id='word_1_42' title='bbox 978 773 1167 847; x_wconf 76' lang='lat' dir='ltr'><strong>susceperat,</strong></span> <span class='ocrx_word' id='word_1_43' title='bbox 1194 765 1376 829; x_wconf 87' lang='lat' dir='ltr'><strong>abhorreret.</strong></span> <span class='ocrx_word' id='word_1_44' title='bbox 1419 765 1600 847; x_wconf 79' lang='lat' dir='ltr'><strong>Signidenvit</strong></span> 
     </span>
     <span class='ocr_line' id='line_1_6' title="bbox 211 870 1598 957; baseline 0.003 -23"><span class='ocrx_word' id='word_1_45' title='bbox 211 873 307 952; x_wconf 88' lang='lat' dir='ltr'><strong>enim,</strong></span> <span class='ocrx_word' id='word_1_46' title='bbox 338 871 416 954; x_wconf 94' lang='lat' dir='ltr'><strong>quod</strong></span> <span class='ocrx_word' id='word_1_47' title='bbox 438 870 491 934; x_wconf 81' lang='lat' dir='ltr'><strong>fruit</strong></span> <span class='ocrx_word' id='word_1_48' title='bbox 510 891 528 935; x_wconf 88' lang='lat' dir='ltr'><strong>a</strong></span> <span class='ocrx_word' id='word_1_49' title='bbox 549 873 635 937; x_wconf 90' lang='lat' dir='ltr'><strong>nobis</strong></span> <span class='ocrx_word' id='word_1_50' title='bbox 656 875 828 956; x_wconf 87' lang='lat' dir='ltr'><strong>superius⁴&#39;</strong></span> <span class='ocrx_word' id='word_1_51' title='bbox 854 875 1101 955; x_wconf 81' lang='lat' dir='ltr'><strong>demonstratum,</strong></span> <span class='ocrx_word' id='word_1_52' title='bbox 1114 882 1209 937; x_wconf 87' lang='lat' dir='ltr'><strong>ratum</strong></span> <span class='ocrx_word' id='word_1_53' title='bbox 1230 874 1288 939; x_wconf 84' lang='lat' dir='ltr'><strong>sibi</strong></span> <span class='ocrx_word' id='word_1_54' title='bbox 1307 893 1392 955; x_wconf 86' lang='lat' dir='ltr'><strong>esse,</strong></span> <span class='ocrx_word' id='word_1_55' title='bbox 1415 882 1447 939; x_wconf 93' lang='lat' dir='ltr'><strong>ut</strong></span> <span class='ocrx_word' id='word_1_56' title='bbox 1468 894 1509 939; x_wconf 86' lang='lat' dir='ltr'><strong>ex</strong></span> <span class='ocrx_word' id='word_1_57' title='bbox 1531 893 1598 957; x_wconf 83' lang='lat' dir='ltr'><strong>npo</strong></span> 
     </span>
     <span class='ocr_line' id='line_1_7' title="bbox 212 981 1647 1068; baseline 0.002 -24"><span class='ocrx_word' id='word_1_58' title='bbox 212 982 295 1045; x_wconf 91' lang='lat' dir='ltr'><strong>stolis</strong></span> <span class='ocrx_word' id='word_1_59' title='bbox 316 1000 392 1045; x_wconf 91' lang='lat' dir='ltr'><strong>unus</strong></span> <span class='ocrx_word' id='word_1_60' title='bbox 414 981 553 1065; x_wconf 72' lang='lat' dir='ltr'><strong>dignitate</strong></span> <span class='ocrx_word' id='word_1_61' title='bbox 574 985 631 1046; x_wconf 79' lang='grc' dir='ltr'><strong>τοῦ</strong></span> <span class='ocrx_word' id='word_1_62' title='bbox 650 982 795 1063; x_wconf 75' lang='grc' dir='ltr'><em>μείζονος</em></span> <span class='ocrx_word' id='word_1_63' title='bbox 816 986 870 1049; x_wconf 80' lang='grc' dir='ltr'><strong>καὶ</strong></span> <span class='ocrx_word' id='word_1_64' title='bbox 890 988 948 1048; x_wconf 85' lang='grc' dir='ltr'><strong>τοῦ</strong></span> <span class='ocrx_word' id='word_1_65' title='bbox 966 982 1144 1068; x_wconf 71' lang='grc' dir='ltr'>ἡγουμένου</span> <span class='ocrx_word' id='word_1_66' title='bbox 1165 982 1381 1063; x_wconf 74' lang='lat' dir='ltr'><strong>cohonestatus,</strong></span> <span class='ocrx_word' id='word_1_67' title='bbox 1404 1002 1476 1049; x_wconf 85' lang='lat' dir='ltr'><strong>suaa</strong></span> <span class='ocrx_word' id='word_1_68' title='bbox 1492 987 1525 1046; x_wconf 91' lang='lat' dir='ltr'><strong>in</strong></span> <span class='ocrx_word' id='word_1_69' title='bbox 1543 984 1599 1047; x_wconf 86' lang='lat' dir='ltr'><strong>lor-</strong></span> <span class='ocrx_word' id='word_1_70' title='bbox 1646 1004 1647 1015; x_wconf 55' lang='lat'>¹</span> 
     </span>
     <span class='ocr_line' id='line_1_8' title="bbox 213 1091 1599 1177; baseline 0.003 -24"><span class='ocrx_word' id='word_1_71' title='bbox 213 1091 332 1171; x_wconf 89' lang='lat' dir='ltr'><strong>manda,</strong></span> <span class='ocrx_word' id='word_1_72' title='bbox 351 1092 518 1174; x_wconf 86' lang='lat' dir='ltr'><strong>tuendaque</strong></span> <span class='ocrx_word' id='word_1_73' title='bbox 540 1092 646 1155; x_wconf 84' lang='lat' dir='ltr'><strong>visibili</strong></span> <span class='ocrx_word' id='word_1_74' title='bbox 667 1094 776 1157; x_wconf 88' lang='lat' dir='ltr'><strong>unitate</strong></span> <span class='ocrx_word' id='word_1_75' title='bbox 797 1101 896 1176; x_wconf 87' lang='lat' dir='ltr'><strong>partes</strong></span> <span class='ocrx_word' id='word_1_76' title='bbox 918 1095 1060 1175; x_wconf 82' lang='lat' dir='ltr'><strong>vicesque</strong></span> <span class='ocrx_word' id='word_1_77' title='bbox 1082 1095 1255 1177; x_wconf 63' lang='lat' dir='ltr'><strong>sorberet</strong></span> <span class='ocrx_word' id='word_1_78' title='bbox 1298 1094 1393 1168; x_wconf 80' lang='lat' dir='ltr'><strong>Quum</strong></span> <span class='ocrx_word' id='word_1_79' title='bbox 1415 1112 1489 1158; x_wconf 93' lang='lat' dir='ltr'><strong>vero</strong></span> <span class='ocrx_word' id='word_1_80' title='bbox 1512 1112 1599 1157; x_wconf 87' lang='lat' dir='ltr'><strong>unum</strong></span> 
     </span>
     <span class='ocr_line' id='line_1_9' title="bbox 212 1196 1601 1287; baseline 0.001 -23"><span class='ocrx_word' id='word_1_81' title='bbox 212 1200 365 1283; x_wconf 90' lang='lat' dir='ltr'><strong>alloquens</strong></span> <span class='ocrx_word' id='word_1_82' title='bbox 377 1204 405 1234; x_wconf 80' lang='lat'><strong>⁴²</strong></span> <span class='ocrx_word' id='word_1_83' title='bbox 424 1201 540 1265; x_wconf 87' lang='lat' dir='ltr'><strong>Petrum</strong></span> <span class='ocrx_word' id='word_1_84' title='bbox 555 1201 678 1265; x_wconf 82' lang='lat' dir='ltr'><strong>adiecit:</strong></span> <span class='ocrx_word' id='word_1_85' title='bbox 701 1199 847 1284; x_wconf 76' lang='grc' dir='ltr'><strong><em>στήριξον</em></strong></span> <span class='ocrx_word' id='word_1_86' title='bbox 867 1196 941 1279; x_wconf 80' lang='grc' dir='ltr'><strong>τούς</strong></span> <span class='ocrx_word' id='word_1_87' title='bbox 962 1199 1124 1287; x_wconf 77' lang='grc' dir='ltr'><strong>ἀδελφούς</strong></span> <span class='ocrx_word' id='word_1_88' title='bbox 1139 1217 1208 1279; x_wconf 82' lang='grc' dir='ltr'><em>σου,</em></span> <span class='ocrx_word' id='word_1_89' title='bbox 1230 1205 1360 1285; x_wconf 82' lang='lat' dir='ltr'><strong>pressius</strong></span> <span class='ocrx_word' id='word_1_90' title='bbox 1375 1203 1601 1285; x_wconf 81' lang='lat' dir='ltr'><strong>evidentiusque</strong></span> 
     </span>
     <span class='ocr_line' id='line_1_10' title="bbox 213 1310 1602 1395; baseline 0.001 -21"><span class='ocrx_word' id='word_1_91' title='bbox 213 1310 382 1392; x_wconf 81' lang='lat' dir='ltr'><strong>declaravit,</strong></span> <span class='ocrx_word' id='word_1_92' title='bbox 405 1331 474 1375; x_wconf 90' lang='lat' dir='ltr'><strong>eum</strong></span> <span class='ocrx_word' id='word_1_93' title='bbox 496 1330 564 1375; x_wconf 87' lang='lat' dir='ltr'><strong>esse</strong></span> <span class='ocrx_word' id='word_1_94' title='bbox 587 1329 674 1393; x_wconf 91' lang='lat' dir='ltr'><strong>quem</strong></span> <span class='ocrx_word' id='word_1_95' title='bbox 697 1312 728 1374; x_wconf 90' lang='lat' dir='ltr'><strong>in</strong></span> <span class='ocrx_word' id='word_1_96' title='bbox 749 1312 949 1393; x_wconf 86' lang='lat' dir='ltr'><strong>suimetipsius</strong></span> <span class='ocrx_word' id='word_1_97' title='bbox 971 1311 1068 1377; x_wconf 84' lang='lat' dir='ltr'><strong>locum</strong></span> <span class='ocrx_word' id='word_1_98' title='bbox 1090 1310 1256 1394; x_wconf 83' lang='lat' dir='ltr'><strong>suffecerat,</strong></span> <span class='ocrx_word' id='word_1_99' title='bbox 1278 1331 1427 1395; x_wconf 86' lang='lat' dir='ltr'><strong>quemque</strong></span> <span class='ocrx_word' id='word_1_100' title='bbox 1449 1314 1602 1394; x_wconf 71' lang='lat' dir='ltr'><strong>apostolis,</strong></span> 
     </span>
     <span class='ocr_line' id='line_1_11' title="bbox 211 1419 1602 1515; baseline 0.001 -31"><span class='ocrx_word' id='word_1_101' title='bbox 211 1424 428 1515; x_wconf 83' lang='lat' dir='ltr'><strong>universaeque</strong></span> <span class='ocrx_word' id='word_1_102' title='bbox 451 1421 607 1503; x_wconf 77' lang='lat' dir='ltr'><strong>ecclesiae,</strong></span> <span class='ocrx_word' id='word_1_103' title='bbox 628 1429 775 1503; x_wconf 90' lang='lat' dir='ltr'><strong>tamquam</strong></span> <span class='ocrx_word' id='word_1_104' title='bbox 792 1421 926 1505; x_wconf 74' lang='grc' dir='ltr'>μείζονα</span> <span class='ocrx_word' id='word_1_105' title='bbox 947 1423 1000 1488; x_wconf 74' lang='grc' dir='ltr'><strong>καὶ</strong></span> <span class='ocrx_word' id='word_1_106' title='bbox 1023 1419 1209 1505; x_wconf 77' lang='grc' dir='ltr'><em>ἡγούμενον,</em></span> <span class='ocrx_word' id='word_1_107' title='bbox 1229 1422 1468 1504; x_wconf 83' lang='lat' dir='ltr'><strong>efficientemque</strong></span> <span class='ocrx_word' id='word_1_108' title='bbox 1483 1424 1602 1487; x_wconf 84' lang='lat' dir='ltr'><strong>unitatis</strong></span> 
     </span>
     <span class='ocr_line' id='line_1_12' title="bbox 213 1538 1216 1619; baseline -0.003 -24"><span class='ocrx_word' id='word_1_109' title='bbox 213 1548 348 1596; x_wconf 86' lang='lat' dir='ltr'><strong>caussam</strong></span> <span class='ocrx_word' id='word_1_110' title='bbox 369 1538 589 1614; x_wconf 85' lang='lat' dir='ltr'><strong>praeposuerat.</strong></span> <span class='ocrx_word' id='word_1_111' title='bbox 1212 1612 1216 1619; x_wconf 89' lang='lat'><em>.</em></span> 
     </span>
    </p>

    <p class='ocr_par' dir='ltr' id='par_1_3' title="bbox 208 1640 1647 3040">
     <span class='ocr_line' id='line_1_13' title="bbox 320 1640 1603 1724; baseline 0.002 -21"><span class='ocrx_word' id='word_1_112' title='bbox 320 1640 581 1705; x_wconf 71' lang='lat' dir='ltr'><strong>subrectum</strong></span> <span class='ocrx_word' id='word_1_113' title='bbox 611 1640 717 1704; x_wconf 87' lang='lat' dir='ltr'><strong>eodem</strong></span> <span class='ocrx_word' id='word_1_114' title='bbox 744 1641 820 1723; x_wconf 91' lang='lat' dir='ltr'><strong>apud</strong></span> <span class='ocrx_word' id='word_1_115' title='bbox 846 1642 1051 1706; x_wconf 82' lang='lat' dir='ltr'><strong>lobannem⁴³</strong></span> <span class='ocrx_word' id='word_1_116' title='bbox 1082 1659 1221 1706; x_wconf 90' lang='lat' dir='ltr'><strong>sermone</strong></span> <span class='ocrx_word' id='word_1_117' title='bbox 1246 1643 1456 1724; x_wconf 85' lang='lat' dir='ltr'><strong>praemiserat:</strong></span> <span class='ocrx_word' id='word_1_118' title='bbox 1492 1641 1603 1707; x_wconf 75' lang='grc' dir='ltr'><strong><em>Οὐκέτι</em></strong></span> 
     </span>
     <span class='ocr_line' id='line_1_14' title="bbox 213 1747 1604 1836; baseline 0.001 -21"><span class='ocrx_word' id='word_1_119' title='bbox 213 1747 298 1833; x_wconf 78' lang='grc' dir='ltr'><strong><em>ὑμᾶς</em></strong></span> <span class='ocrx_word' id='word_1_120' title='bbox 320 1750 401 1833; x_wconf 77' lang='grc' dir='ltr'><strong>λέγω</strong></span> <span class='ocrx_word' id='word_1_121' title='bbox 424 1749 575 1828; x_wconf 83' lang='grc' dir='ltr'><em>δούλους,</em></span> <span class='ocrx_word' id='word_1_122' title='bbox 613 1748 703 1813; x_wconf 80' lang='lat' dir='ltr'><strong>b‘ud</strong></span> <span class='ocrx_word' id='word_1_123' title='bbox 734 1748 848 1827; x_wconf 82' lang='grc' dir='ltr'><strong><em>δοῦλος</em></strong></span> <span class='ocrx_word' id='word_1_124' title='bbox 877 1750 936 1815; x_wconf 77' lang='grc' dir='ltr'><strong>οὐκ</strong></span> <span class='ocrx_word' id='word_1_125' title='bbox 958 1747 1026 1816; x_wconf 81' lang='lat' dir='ltr'><strong>olda</strong></span> <span class='ocrx_word' id='word_1_126' title='bbox 1046 1751 1076 1815; x_wconf 83' lang='grc' dir='ltr'><strong>τί</strong></span> <span class='ocrx_word' id='word_1_127' title='bbox 1096 1754 1179 1815; x_wconf 75' lang='grc' dir='ltr'>ποιεῖ</span> <span class='ocrx_word' id='word_1_128' title='bbox 1198 1750 1297 1815; x_wconf 78' lang='grc' dir='ltr'><em>αὑτοῦ</em></span> <span class='ocrx_word' id='word_1_129' title='bbox 1317 1753 1336 1815; x_wconf 90' lang='lat' dir='ltr'><strong>d</strong></span> <span class='ocrx_word' id='word_1_130' title='bbox 1357 1751 1485 1833; x_wconf 81' lang='grc' dir='ltr'><em>κύριος·</em></span> <span class='ocrx_word' id='word_1_131' title='bbox 1522 1752 1604 1836; x_wconf 70' lang='grc' dir='ltr'><strong>ὑμᾶς</strong></span> 
     </span>
     <span class='ocr_line' id='line_1_15' title="bbox 215 1854 1604 1945; baseline 0.002 -23"><span class='ocrx_word' id='word_1_132' title='bbox 215 1858 250 1923; x_wconf 77' lang='grc' dir='ltr'><strong>δὲ</strong></span> <span class='ocrx_word' id='word_1_133' title='bbox 270 1857 377 1940; x_wconf 68' lang='lat' dir='ltr'><strong>atpnuo</strong></span> <span class='ocrx_word' id='word_1_134' title='bbox 397 1860 521 1945; x_wconf 79' lang='grc' dir='ltr'><strong><em>φίλους,</em></strong></span> <span class='ocrx_word' id='word_1_135' title='bbox 543 1858 590 1923; x_wconf 80' lang='lat' dir='ltr'><strong>d‘rt</strong></span> <span class='ocrx_word' id='word_1_136' title='bbox 611 1858 714 1924; x_wconf 80' lang='grc' dir='ltr'><em>πάντα</em></span> <span class='ocrx_word' id='word_1_137' title='bbox 735 1854 759 1924; x_wconf 78' lang='grc' dir='ltr'><em>ἃ</em></span> <span class='ocrx_word' id='word_1_138' title='bbox 778 1856 901 1938; x_wconf 77' lang='grc' dir='ltr'><em>ἤκουσα</em></span> <span class='ocrx_word' id='word_1_139' title='bbox 921 1855 1010 1942; x_wconf 66' lang='lat' dir='ltr'><strong>nuper*</strong></span> <span class='ocrx_word' id='word_1_140' title='bbox 1029 1862 1087 1925; x_wconf 82' lang='grc' dir='ltr'><strong>τοῦ</strong></span> <span class='ocrx_word' id='word_1_141' title='bbox 1106 1862 1224 1943; x_wconf 77' lang='grc' dir='ltr'><em>πατρός</em></span> <span class='ocrx_word' id='word_1_142' title='bbox 1244 1882 1318 1944; x_wconf 83' lang='grc' dir='ltr'><strong><em>μου,</em></strong></span> <span class='ocrx_word' id='word_1_143' title='bbox 1339 1861 1500 1944; x_wconf 73' lang='grc' dir='ltr'><strong><em>ἐγνώρισα</em></strong></span> <span class='ocrx_word' id='word_1_144' title='bbox 1520 1862 1604 1944; x_wconf 70' lang='grc' dir='ltr'><strong><em>ὑμῖν.</em></strong></span> 
     </span>
     <span class='ocr_line' id='line_1_16' title="bbox 213 1967 1604 2051; baseline 0.002 -19"><span class='ocrx_word' id='word_1_145' title='bbox 213 1967 285 2033; x_wconf 82' lang='lat' dir='ltr'><strong>Non</strong></span> <span class='ocrx_word' id='word_1_146' title='bbox 306 1970 437 2051; x_wconf 78' lang='lat' dir='ltr'><strong>amplius</strong></span> <span class='ocrx_word' id='word_1_147' title='bbox 461 1991 514 2033; x_wconf 83' lang='lat' dir='ltr'><strong>noa</strong></span> <span class='ocrx_word' id='word_1_148' title='bbox 535 1991 641 2033; x_wconf 82' lang='lat' dir='ltr'><strong>aernoa</strong></span> <span class='ocrx_word' id='word_1_149' title='bbox 664 1969 797 2051; x_wconf 85' lang='lat' dir='ltr'><strong>appello,</strong></span> <span class='ocrx_word' id='word_1_150' title='bbox 834 1971 915 2051; x_wconf 87' lang='lat' dir='ltr'><strong>quod</strong></span> <span class='ocrx_word' id='word_1_151' title='bbox 938 1991 1049 2033; x_wconf 72' lang='lat' dir='ltr'><strong>rernm</strong></span> <span class='ocrx_word' id='word_1_152' title='bbox 1074 1991 1135 2033; x_wconf 90' lang='lat' dir='ltr'><strong>non</strong></span> <span class='ocrx_word' id='word_1_153' title='bbox 1161 1979 1243 2034; x_wconf 81' lang='lat' dir='ltr'><strong>nonii</strong></span> <span class='ocrx_word' id='word_1_154' title='bbox 1271 1970 1347 2051; x_wconf 84' lang='lat' dir='ltr'><strong>quid</strong></span> <span class='ocrx_word' id='word_1_155' title='bbox 1372 1978 1447 2035; x_wconf 83' lang='lat' dir='ltr'><strong>eiua.</strong></span> <span class='ocrx_word' id='word_1_156' title='bbox 1460 1973 1604 2035; x_wconf 75' lang='lat' dir='ltr'><strong>dominius</strong></span> 
     </span>
     <span class='ocr_line' id='line_1_17' title="bbox 208 2075 1603 2163; baseline 0.001 -21"><span class='ocrx_word' id='word_1_157' title='bbox 208 2078 334 2163; x_wconf 81' lang='lat' dir='ltr'><strong>sociot3</strong></span> <span class='ocrx_word' id='word_1_158' title='bbox 356 2080 413 2144; x_wconf 82' lang='lat' dir='ltr'><strong>sed</strong></span> <span class='ocrx_word' id='word_1_159' title='bbox 432 2103 486 2144; x_wconf 83' lang='lat' dir='ltr'><strong>voa</strong></span> <span class='ocrx_word' id='word_1_160' title='bbox 508 2081 577 2144; x_wconf 70' lang='lat' dir='ltr'><strong>utet</strong></span> <span class='ocrx_word' id='word_1_161' title='bbox 589 2082 615 2115; x_wconf 85' lang='lat'><strong>⁴⁴</strong></span> <span class='ocrx_word' id='word_1_162' title='bbox 639 2087 761 2159; x_wconf 79' lang='lat' dir='ltr'><strong>antem,</strong></span> <span class='ocrx_word' id='word_1_163' title='bbox 782 2081 863 2160; x_wconf 81' lang='lat' dir='ltr'><strong>quod</strong></span> <span class='ocrx_word' id='word_1_164' title='bbox 883 2101 1091 2161; x_wconf 81' lang='lat' dir='ltr'><strong>quoecumque</strong></span> <span class='ocrx_word' id='word_1_165' title='bbox 1111 2088 1213 2145; x_wconf 83' lang='lat' dir='ltr'><strong>omnio</strong></span> <span class='ocrx_word' id='word_1_166' title='bbox 1233 2080 1340 2144; x_wconf 70' lang='lat' dir='ltr'><strong>audior·</strong></span> <span class='ocrx_word' id='word_1_167' title='bbox 1361 2103 1381 2143; x_wconf 84' lang='lat' dir='ltr'><strong>a</strong></span> <span class='ocrx_word' id='word_1_168' title='bbox 1403 2075 1507 2144; x_wconf 80' lang='lat' dir='ltr'><strong>Patre</strong></span> <span class='ocrx_word' id='word_1_169' title='bbox 1528 2103 1603 2159; x_wconf 73' lang='lat' dir='ltr'><strong>aveo,</strong></span> 
     </span>
     <span class='ocr_line' id='line_1_18' title="bbox 213 2174 1602 2273; baseline 0.001 -20"><span class='ocrx_word' id='word_1_170' title='bbox 213 2198 302 2272; x_wconf 87' lang='lat' dir='ltr'><strong>atque</strong></span> <span class='ocrx_word' id='word_1_171' title='bbox 330 2209 348 2252; x_wconf 88' lang='lat' dir='ltr'><strong>a</strong></span> <span class='ocrx_word' id='word_1_172' title='bbox 377 2209 424 2253; x_wconf 89' lang='lat' dir='ltr'><strong>me</strong></span> <span class='ocrx_word' id='word_1_173' title='bbox 451 2189 585 2253; x_wconf 82' lang='lat' dir='ltr'><strong>iacienda</strong></span> <span class='ocrx_word' id='word_1_174' title='bbox 613 2190 643 2252; x_wconf 93' lang='lat' dir='ltr'><strong>in</strong></span> <span class='ocrx_word' id='word_1_175' title='bbox 670 2190 812 2254; x_wconf 87' lang='lat' dir='ltr'><strong>mandatis</strong></span> <span class='ocrx_word' id='word_1_176' title='bbox 840 2192 957 2273; x_wconf 85' lang='lat' dir='ltr'><strong>accepi,</strong></span> <span class='ocrx_word' id='word_1_177' title='bbox 992 2188 1076 2254; x_wconf 75' lang='lat' dir='ltr'><strong>nobis</strong></span> <span class='ocrx_word' id='word_1_178' title='bbox 1103 2174 1321 2272; x_wconf 52' lang='lat' dir='ltr'><strong>manifestant}</strong></span> <span class='ocrx_word' id='word_1_179' title='bbox 1357 2189 1499 2272; x_wconf 83' lang='lat' dir='ltr'><strong>lluspiam</strong></span> <span class='ocrx_word' id='word_1_180' title='bbox 1531 2210 1602 2254; x_wconf 89' lang='lat' dir='ltr'><strong>vero</strong></span> 
     </span>
     <span class='ocr_line' id='line_1_19' title="bbox 214 2291 1605 2381; baseline 0.002 -21"><span class='ocrx_word' id='word_1_181' title='bbox 214 2299 420 2381; x_wconf 79' lang='lat' dir='ltr'><strong>gravissimum</strong></span> <span class='ocrx_word' id='word_1_182' title='bbox 441 2297 592 2362; x_wconf 80' lang='lat' dir='ltr'><strong>doctrinae</strong></span> <span class='ocrx_word' id='word_1_183' title='bbox 614 2308 700 2381; x_wconf 86' lang='lat' dir='ltr'><strong>caput</strong></span> <span class='ocrx_word' id='word_1_184' title='bbox 720 2300 758 2363; x_wconf 76' lang='lat' dir='ltr'><strong>de</strong></span> <span class='ocrx_word' id='word_1_185' title='bbox 775 2306 925 2381; x_wconf 78' lang='lat' dir='ltr'><strong>principio</strong></span> <span class='ocrx_word' id='word_1_186' title='bbox 946 2309 1096 2363; x_wconf 70' lang='lat' dir='ltr'><strong>externae</strong></span> <span class='ocrx_word' id='word_1_187' title='bbox 1115 2306 1355 2380; x_wconf 73' lang='lat' dir='ltr'><strong>conspicuusque</strong></span> <span class='ocrx_word' id='word_1_188' title='bbox 1375 2291 1509 2363; x_wconf 68' lang='lat' dir='ltr'><strong>aemio</strong></span> <span class='ocrx_word' id='word_1_189' title='bbox 1534 2319 1605 2381; x_wconf 79' lang='lat' dir='ltr'><strong>opo-</strong></span> 
     </span>
     <span class='ocr_line' id='line_1_20' title="bbox 214 2407 1603 2493; baseline 0.001 -23"><span class='ocrx_word' id='word_1_190' title='bbox 214 2407 296 2472; x_wconf 91' lang='lat' dir='ltr'><strong>stolis</strong></span> <span class='ocrx_word' id='word_1_191' title='bbox 319 2409 390 2488; x_wconf 89' lang='lat' dir='ltr'><strong>suis,</strong></span> <span class='ocrx_word' id='word_1_192' title='bbox 411 2409 532 2490; x_wconf 89' lang='lat' dir='ltr'><strong>suisque</strong></span> <span class='ocrx_word' id='word_1_193' title='bbox 555 2409 655 2471; x_wconf 88' lang='lat' dir='ltr'><strong>amicis</strong></span> <span class='ocrx_word' id='word_1_194' title='bbox 678 2411 851 2492; x_wconf 89' lang='lat' dir='ltr'><strong>aperuisset,</strong></span> <span class='ocrx_word' id='word_1_195' title='bbox 874 2411 930 2473; x_wconf 91' lang='lat' dir='ltr'><strong>nisi</strong></span> <span class='ocrx_word' id='word_1_196' title='bbox 946 2417 1007 2475; x_wconf 92' lang='lat' dir='ltr'><strong>tum</strong></span> <span class='ocrx_word' id='word_1_197' title='bbox 1021 2409 1090 2473; x_wconf 92' lang='lat' dir='ltr'><strong>illud</strong></span> <span class='ocrx_word' id='word_1_198' title='bbox 1106 2409 1281 2493; x_wconf 78' lang='lat' dir='ltr'><strong>patefecisse</strong></span> <span class='ocrx_word' id='word_1_199' title='bbox 1296 2411 1487 2491; x_wconf 83' lang='lat' dir='ltr'><strong>existimetur,</strong></span> <span class='ocrx_word' id='word_1_200' title='bbox 1513 2429 1603 2492; x_wconf 91' lang='lat' dir='ltr'><strong>quum</strong></span> 
     </span>
     <span class='ocr_line' id='line_1_21' title="bbox 214 2517 1634 2601; baseline 0 -21"><span class='ocrx_word' id='word_1_201' title='bbox 214 2525 245 2580; x_wconf 92' lang='lat' dir='ltr'><strong>et</strong></span> <span class='ocrx_word' id='word_1_202' title='bbox 264 2518 340 2580; x_wconf 89' lang='lat' dir='ltr'><strong>inter</strong></span> <span class='ocrx_word' id='word_1_203' title='bbox 361 2517 511 2599; x_wconf 88' lang='lat' dir='ltr'><strong>apostolos</strong></span> <span class='ocrx_word' id='word_1_204' title='bbox 533 2536 622 2580; x_wconf 88' lang='lat' dir='ltr'><strong>unum</strong></span> <span class='ocrx_word' id='word_1_205' title='bbox 644 2517 766 2600; x_wconf 90' lang='lat' dir='ltr'><strong>reliquis</strong></span> <span class='ocrx_word' id='word_1_206' title='bbox 787 2518 913 2582; x_wconf 87' lang='lat' dir='ltr'><strong>loturum</strong></span> <span class='ocrx_word' id='word_1_207' title='bbox 935 2518 1076 2601; x_wconf 74' lang='grc' dir='ltr'><strong>μείζονα,</strong></span> <span class='ocrx_word' id='word_1_208' title='bbox 1099 2521 1289 2601; x_wconf 90' lang='lat' dir='ltr'><strong>omniumque</strong></span> <span class='ocrx_word' id='word_1_209' title='bbox 1309 2517 1486 2601; x_wconf 77' lang='grc' dir='ltr'><em>ἡγούμενον</em></span> <span class='ocrx_word' id='word_1_210' title='bbox 1500 2520 1603 2597; x_wconf 79' lang='lat' dir='ltr'><strong>edixit,</strong></span> <span class='ocrx_word' id='word_1_211' title='bbox 1632 2519 1634 2521; x_wconf 78' lang='grc'><strong>’</strong></span> 
     </span>
     <span class='ocr_line' id='line_1_22' title="bbox 213 2620 1604 2721; baseline -0.001 -30"><span class='ocrx_word' id='word_1_212' title='bbox 213 2634 244 2691; x_wconf 84' lang='lat' dir='ltr'><strong>et</strong></span> <span class='ocrx_word' id='word_1_213' title='bbox 257 2626 293 2689; x_wconf 91' lang='lat' dir='ltr'><strong>ad</strong></span> <span class='ocrx_word' id='word_1_214' title='bbox 309 2626 425 2690; x_wconf 90' lang='lat' dir='ltr'><strong>Petrum</strong></span> <span class='ocrx_word' id='word_1_215' title='bbox 444 2645 615 2708; x_wconf 84' lang='lat' dir='ltr'><strong>conversus,</strong></span> <span class='ocrx_word' id='word_1_216' title='bbox 638 2626 679 2690; x_wconf 92' lang='lat' dir='ltr'><strong>illi</strong></span> <span class='ocrx_word' id='word_1_217' title='bbox 701 2627 750 2690; x_wconf 91' lang='lat' dir='ltr'><strong>uni</strong></span> <span class='ocrx_word' id='word_1_218' title='bbox 771 2630 930 2711; x_wconf 86' lang='lat' dir='ltr'><strong>praecepit,</strong></span> <span class='ocrx_word' id='word_1_219' title='bbox 953 2624 1098 2710; x_wconf 79' lang='grc' dir='ltr'><strong><em>στήριξον</em></strong></span> <span class='ocrx_word' id='word_1_220' title='bbox 1114 2620 1189 2702; x_wconf 78' lang='grc' dir='ltr'><strong>τούς</strong></span> <span class='ocrx_word' id='word_1_221' title='bbox 1210 2625 1371 2717; x_wconf 77' lang='grc' dir='ltr'><em>ἀδελφούς</em></span> <span class='ocrx_word' id='word_1_222' title='bbox 1387 2647 1453 2690; x_wconf 87' lang='lat' dir='ltr'><strong>oon.</strong></span> <span class='ocrx_word' id='word_1_223' title='bbox 1490 2628 1604 2721; x_wconf 85' lang='lat' dir='ltr'><strong>Super-</strong></span> 
     </span>
     <span class='ocr_line' id='line_1_23' title="bbox 214 2735 1605 2822; baseline 0 -23"><span class='ocrx_word' id='word_1_224' title='bbox 214 2745 260 2799; x_wconf 86' lang='lat' dir='ltr'><strong>est</strong></span> <span class='ocrx_word' id='word_1_225' title='bbox 280 2737 369 2820; x_wconf 77' lang='lat' dir='ltr'><strong>iqitur</strong></span> <span class='ocrx_word' id='word_1_226' title='bbox 389 2744 422 2800; x_wconf 89' lang='lat' dir='ltr'><strong>ut</strong></span> <span class='ocrx_word' id='word_1_227' title='bbox 442 2737 543 2802; x_wconf 86' lang='lat' dir='ltr'><strong>Petrus</strong></span> <span class='ocrx_word' id='word_1_228' title='bbox 571 2740 717 2802; x_wconf 85' lang='lat' dir='ltr'><strong>institutus</strong></span> <span class='ocrx_word' id='word_1_229' title='bbox 738 2758 755 2802; x_wconf 88' lang='lat' dir='ltr'><strong>a</strong></span> <span class='ocrx_word' id='word_1_230' title='bbox 777 2738 892 2802; x_wconf 88' lang='lat' dir='ltr'><strong>Christo</strong></span> <span class='ocrx_word' id='word_1_231' title='bbox 918 2735 1036 2822; x_wconf 75' lang='grc' dir='ltr'><em>μείζων</em></span> <span class='ocrx_word' id='word_1_232' title='bbox 1062 2739 1116 2802; x_wconf 79' lang='grc' dir='ltr'><strong>καὶ</strong></span> <span class='ocrx_word' id='word_1_233' title='bbox 1142 2735 1317 2820; x_wconf 78' lang='grc' dir='ltr'><em>ἡγούμενος</em></span> <span class='ocrx_word' id='word_1_234' title='bbox 1343 2744 1474 2819; x_wconf 87' lang='lat' dir='ltr'><strong>putetur,</strong></span> <span class='ocrx_word' id='word_1_235' title='bbox 1514 2739 1605 2819; x_wconf 86' lang='lat' dir='ltr'><strong>eique</strong></span> 
     </span>
     <span class='ocr_line' id='line_1_24' title="bbox 213 2845 1605 2931; baseline 0 -22"><span class='ocrx_word' id='word_1_236' title='bbox 213 2846 318 2910; x_wconf 88' lang='lat' dir='ltr'><strong>tributa</strong></span> <span class='ocrx_word' id='word_1_237' title='bbox 340 2848 466 2929; x_wconf 82' lang='lat' dir='ltr'><strong>dignitas</strong></span> <span class='ocrx_word' id='word_1_238' title='bbox 488 2848 640 2930; x_wconf 83' lang='lat' dir='ltr'><strong>credatur,</strong></span> <span class='ocrx_word' id='word_1_239' title='bbox 668 2868 725 2931; x_wconf 89' lang='lat' dir='ltr'><strong>qua</strong></span> <span class='ocrx_word' id='word_1_240' title='bbox 746 2849 810 2912; x_wconf 91' lang='lat' dir='ltr'><strong>iure</strong></span> <span class='ocrx_word' id='word_1_241' title='bbox 832 2847 988 2929; x_wconf 86' lang='lat' dir='ltr'><strong>officioque</strong></span> <span class='ocrx_word' id='word_1_242' title='bbox 1010 2846 1174 2911; x_wconf 76' lang='lat' dir='ltr'><strong>stabiliendi</strong></span> <span class='ocrx_word' id='word_1_243' title='bbox 1195 2845 1413 2929; x_wconf 89' lang='lat' dir='ltr'><strong>roborandique</strong></span> <span class='ocrx_word' id='word_1_244' title='bbox 1431 2845 1544 2909; x_wconf 87' lang='lat' dir='ltr'><strong>iratres</strong></span> <span class='ocrx_word' id='word_1_245' title='bbox 1562 2848 1605 2909; x_wconf 89' lang='lat' dir='ltr'><strong>in·</strong></span> 
     </span>
     <span class='ocr_line' id='line_1_25' title="bbox 212 2954 1586 3040; baseline -0.001 -20"><span class='ocrx_word' id='word_1_246' title='bbox 212 2965 349 3037; x_wconf 88' lang='lat' dir='ltr'><strong>structus,</strong></span> <span class='ocrx_word' id='word_1_247' title='bbox 371 2958 604 3022; x_wconf 88' lang='lat' dir='ltr'><strong>dissensionibus</strong></span> <span class='ocrx_word' id='word_1_248' title='bbox 626 2959 741 3021; x_wconf 89' lang='lat' dir='ltr'><strong>obviam</strong></span> <span class='ocrx_word' id='word_1_249' title='bbox 762 2960 826 3039; x_wconf 90' lang='lat' dir='ltr'><strong>iret,</strong></span> <span class='ocrx_word' id='word_1_250' title='bbox 848 2958 1143 3040; x_wconf 89' lang='lat' dir='ltr'><strong>praeclarissimoque</strong></span> <span class='ocrx_word' id='word_1_251' title='bbox 1164 2958 1281 3019; x_wconf 89' lang='lat' dir='ltr'><strong>unitatis</strong></span> <span class='ocrx_word' id='word_1_252' title='bbox 1301 2955 1380 3020; x_wconf 90' lang='lat' dir='ltr'><strong>bono</strong></span> <span class='ocrx_word' id='word_1_253' title='bbox 1401 2954 1586 3019; x_wconf 81' lang='lat' dir='ltr'><strong>consuleret</strong></span> 
     </span>
    </p>

    <p class='ocr_par' dir='ltr' id='par_1_4' title="bbox 212 3064 1647 4464">
     <span class='ocr_line' id='line_1_26' title="bbox 323 3064 1647 3151; baseline 0 -23"><span class='ocrx_word' id='word_1_254' title='bbox 323 3072 390 3129; x_wconf 82' lang='lat'><strong>180.</strong></span> <span class='ocrx_word' id='word_1_255' title='bbox 434 3066 526 3141; x_wconf 84' lang='lat' dir='ltr'><strong>Quem</strong></span> <span class='ocrx_word' id='word_1_256' title='bbox 549 3067 667 3148; x_wconf 89' lang='lat' dir='ltr'><strong>quidem</strong></span> <span class='ocrx_word' id='word_1_257' title='bbox 688 3069 840 3131; x_wconf 87' lang='lat' dir='ltr'><strong>veritatem</strong></span> <span class='ocrx_word' id='word_1_258' title='bbox 859 3068 889 3130; x_wconf 90' lang='lat' dir='ltr'><strong>hi</strong></span> <span class='ocrx_word' id='word_1_259' title='bbox 910 3067 1076 3151; x_wconf 89' lang='lat' dir='ltr'><strong>probabunt</strong></span> <span class='ocrx_word' id='word_1_260' title='bbox 1094 3085 1207 3147; x_wconf 91' lang='lat' dir='ltr'><strong>omnes,</strong></span> <span class='ocrx_word' id='word_1_261' title='bbox 1229 3065 1344 3147; x_wconf 88' lang='lat' dir='ltr'><strong>sibique</strong></span> <span class='ocrx_word' id='word_1_262' title='bbox 1358 3064 1518 3127; x_wconf 88' lang='lat' dir='ltr'><strong>tenendam</strong></span> <span class='ocrx_word' id='word_1_263' title='bbox 1535 3084 1605 3128; x_wconf 85' lang='lat' dir='ltr'><strong>esse</strong></span> <span class='ocrx_word' id='word_1_264' title='bbox 1646 3130 1647 3139; x_wconf 59' lang='grc'>,</span> 
     </span>
     <span class='ocr_line' id='line_1_27' title="bbox 212 3171 1605 3259; baseline -0.001 -19"><span class='ocrx_word' id='word_1_265' title='bbox 212 3175 397 3255; x_wconf 84' lang='lat' dir='ltr'><strong>iudicabunt,</strong></span> <span class='ocrx_word' id='word_1_266' title='bbox 419 3178 468 3258; x_wconf 89' lang='lat' dir='ltr'><strong>qui</strong></span> <span class='ocrx_word' id='word_1_267' title='bbox 489 3174 627 3239; x_wconf 79' lang='lat' dir='ltr'><strong>hobitum</strong></span> <span class='ocrx_word' id='word_1_268' title='bbox 647 3176 919 3257; x_wconf 87' lang='lat' dir='ltr'><strong>animadverterint,</strong></span> <span class='ocrx_word' id='word_1_269' title='bbox 948 3195 1007 3259; x_wconf 91' lang='lat' dir='ltr'><strong>quo</strong></span> <span class='ocrx_word' id='word_1_270' title='bbox 1027 3184 1176 3240; x_wconf 76' lang='lat' dir='ltr'><strong>sermonis</strong></span> <span class='ocrx_word' id='word_1_271' title='bbox 1197 3174 1281 3238; x_wconf 81' lang='lat' dir='ltr'><strong>illius</strong></span> <span class='ocrx_word' id='word_1_272' title='bbox 1298 3184 1405 3255; x_wconf 80' lang='lat' dir='ltr'><strong>parter</strong></span> <span class='ocrx_word' id='word_1_273' title='bbox 1427 3171 1605 3253; x_wconf 71' lang='lat' dir='ltr'><strong>colmari,</strong></span> 
     </span>
     <span class='ocr_line' id='line_1_28' title="bbox 215 3285 1605 3369; baseline 0.001 -21"><span class='ocrx_word' id='word_1_274' title='bbox 215 3306 303 3368; x_wconf 90' lang='lat' dir='ltr'><strong>qoem</strong></span> <span class='ocrx_word' id='word_1_275' title='bbox 326 3286 456 3349; x_wconf 86' lang='lat' dir='ltr'><strong>Christus</strong></span> <span class='ocrx_word' id='word_1_276' title='bbox 482 3286 596 3365; x_wconf 84' lang='lat' dir='ltr'><strong>babuit,</strong></span> <span class='ocrx_word' id='word_1_277' title='bbox 635 3305 783 3369; x_wconf 90' lang='lat' dir='ltr'><strong>quemque</strong></span> <span class='ocrx_word' id='word_1_278' title='bbox 812 3286 906 3349; x_wconf 84' lang='lat' dir='ltr'><strong>Lucas</strong></span> <span class='ocrx_word' id='word_1_279' title='bbox 919 3289 947 3321; x_wconf 75' lang='lat'><strong>⁴⁵</strong></span> <span class='ocrx_word' id='word_1_280' title='bbox 976 3288 1112 3350; x_wconf 85' lang='lat' dir='ltr'><strong>narravit.</strong></span> <span class='ocrx_word' id='word_1_281' title='bbox 1156 3287 1202 3349; x_wconf 82' lang='lat' dir='ltr'><strong>Ao</strong></span> <span class='ocrx_word' id='word_1_282' title='bbox 1229 3286 1296 3349; x_wconf 80' lang='lat' dir='ltr'><strong>illae</strong></span> <span class='ocrx_word' id='word_1_283' title='bbox 1327 3305 1400 3350; x_wconf 89' lang='lat' dir='ltr'><strong>sane</strong></span> <span class='ocrx_word' id='word_1_284' title='bbox 1429 3285 1605 3364; x_wconf 82' lang='lat' dir='ltr'><strong>cohaerent,</strong></span> 
     </span>
     <span class='ocr_line' id='line_1_29' title="bbox 216 3393 1647 3479; baseline 0 -21"><span class='ocrx_word' id='word_1_285' title='bbox 216 3414 391 3477; x_wconf 82' lang='lat' dir='ltr'><strong>quemquem</strong></span> <span class='ocrx_word' id='word_1_286' title='bbox 413 3395 532 3459; x_wconf 88' lang='lat' dir='ltr'><strong>avulsae</strong></span> <span class='ocrx_word' id='word_1_287' title='bbox 556 3397 767 3478; x_wconf 83' lang='lat' dir='ltr'><strong>seiunctaeque</strong></span> <span class='ocrx_word' id='word_1_288' title='bbox 787 3403 887 3474; x_wconf 83' lang='lat' dir='ltr'><strong>primo</strong></span> <span class='ocrx_word' id='word_1_289' title='bbox 901 3393 1010 3479; x_wconf 77' lang='lat' dir='ltr'><strong>sr-onte</strong></span> <span class='ocrx_word' id='word_1_290' title='bbox 1033 3396 1193 3459; x_wconf 90' lang='lat' dir='ltr'><strong>videantur.</strong></span> <span class='ocrx_word' id='word_1_291' title='bbox 1229 3394 1317 3458; x_wconf 83' lang='lat' dir='ltr'><strong>Aliud</strong></span> <span class='ocrx_word' id='word_1_292' title='bbox 1338 3413 1464 3477; x_wconf 90' lang='lat' dir='ltr'><strong>namque</strong></span> <span class='ocrx_word' id='word_1_293' title='bbox 1478 3414 1607 3476; x_wconf 84' lang='lat' dir='ltr'><strong>prorsus</strong></span> <span class='ocrx_word' id='word_1_294' title='bbox 1646 3404 1647 3419; x_wconf 36' lang='lat' dir='ltr'><strong>l</strong></span> 
     </span>
     <span class='ocr_line' id='line_1_30' title="bbox 214 3501 1608 3589; baseline -0.001 -21"><span class='ocrx_word' id='word_1_295' title='bbox 214 3512 259 3569; x_wconf 87' lang='lat' dir='ltr'><strong>est</strong></span> <span class='ocrx_word' id='word_1_296' title='bbox 281 3513 448 3568; x_wconf 84' lang='lat' dir='ltr'><strong>orationem</strong></span> <span class='ocrx_word' id='word_1_297' title='bbox 467 3502 615 3584; x_wconf 82' lang='lat' dir='ltr'><strong>abrumpi,</strong></span> <span class='ocrx_word' id='word_1_298' title='bbox 638 3525 674 3569; x_wconf 89' lang='lat' dir='ltr'><strong>ao</strong></span> <span class='ocrx_word' id='word_1_299' title='bbox 694 3505 771 3568; x_wconf 89' lang='lat' dir='ltr'><strong>aliud</strong></span> <span class='ocrx_word' id='word_1_300' title='bbox 792 3526 860 3567; x_wconf 85' lang='lat' dir='ltr'><strong>enm</strong></span> <span class='ocrx_word' id='word_1_301' title='bbox 881 3512 925 3568; x_wconf 84' lang='lat' dir='ltr'><strong>ito</strong></span> <span class='ocrx_word' id='word_1_302' title='bbox 947 3512 1114 3587; x_wconf 84' lang='lat' dir='ltr'><strong>temperari</strong></span> <span class='ocrx_word' id='word_1_303' title='bbox 1134 3502 1318 3589; x_wconf 81' lang='lat' dir='ltr'><strong>inflectique,</strong></span> <span class='ocrx_word' id='word_1_304' title='bbox 1340 3511 1372 3566; x_wconf 86' lang='lat' dir='ltr'><strong>ut</strong></span> <span class='ocrx_word' id='word_1_305' title='bbox 1391 3525 1521 3566; x_wconf 77' lang='lat' dir='ltr'><strong>sensnm</strong></span> <span class='ocrx_word' id='word_1_306' title='bbox 1536 3501 1608 3567; x_wconf 73' lang='lat' dir='ltr'><strong>ent</strong></span> 
     </span>
     <span class='ocr_line' id='line_1_31' title="bbox 213 3613 1609 3698; baseline -0.002 -19"><span class='ocrx_word' id='word_1_307' title='bbox 213 3616 285 3679; x_wconf 83' lang='lat' dir='ltr'><strong>inde</strong></span> <span class='ocrx_word' id='word_1_308' title='bbox 304 3615 405 3679; x_wconf 87' lang='lat' dir='ltr'><strong>lundnt</strong></span> <span class='ocrx_word' id='word_1_309' title='bbox 429 3613 613 3696; x_wconf 84' lang='lat' dir='ltr'><strong>ampliorem,</strong></span> <span class='ocrx_word' id='word_1_310' title='bbox 634 3614 684 3679; x_wconf 91' lang='lat' dir='ltr'><strong>vel</strong></span> <span class='ocrx_word' id='word_1_311' title='bbox 704 3621 889 3678; x_wconf 79' lang='lat' dir='ltr'><strong>strietiorem</strong></span> <span class='ocrx_word' id='word_1_312' title='bbox 909 3621 1010 3678; x_wconf 86' lang='lat' dir='ltr'><strong>contro</strong></span> <span class='ocrx_word' id='word_1_313' title='bbox 1032 3621 1306 3698; x_wconf 75' lang='lat' dir='ltr'><strong>nnpmttaremque.</strong></span> <span class='ocrx_word' id='word_1_314' title='bbox 1339 3614 1498 3677; x_wconf 81' lang='lat' dir='ltr'><strong>Exordium</strong></span> <span class='ocrx_word' id='word_1_315' title='bbox 1515 3634 1609 3697; x_wconf 88' lang='lat' dir='ltr'><strong>porro</strong></span> 
     </span>
     <span class='ocr_line' id='line_1_32' title="bbox 214 3721 1647 3809; baseline -0.002 -21"><span class='ocrx_word' id='word_1_316' title='bbox 214 3726 293 3809; x_wconf 93' lang='lat' dir='ltr'><strong>quod</strong></span> <span class='ocrx_word' id='word_1_317' title='bbox 312 3726 446 3789; x_wconf 79' lang='lat' dir='ltr'><strong>Lucas⁴⁸</strong></span> <span class='ocrx_word' id='word_1_318' title='bbox 470 3726 634 3804; x_wconf 89' lang='lat' dir='ltr'><strong>interserit,</strong></span> <span class='ocrx_word' id='word_1_319' title='bbox 669 3725 821 3788; x_wconf 83' lang='lat' dir='ltr'><strong>scribens:</strong></span> <span class='ocrx_word' id='word_1_320' title='bbox 859 3721 926 3788; x_wconf 79' lang='lat' dir='ltr'><strong>elne</strong></span> <span class='ocrx_word' id='word_1_321' title='bbox 949 3722 984 3787; x_wconf 80' lang='grc' dir='ltr'><strong>δὲ</strong></span> <span class='ocrx_word' id='word_1_322' title='bbox 1006 3725 1023 3786; x_wconf 91' lang='lat' dir='ltr'><strong>d</strong></span> <span class='ocrx_word' id='word_1_323' title='bbox 1046 3723 1171 3807; x_wconf 82' lang='grc' dir='ltr'><em>κύριος,</em></span> <span class='ocrx_word' id='word_1_324' title='bbox 1209 3724 1346 3787; x_wconf 86' lang='lat' dir='ltr'><strong>indicium</strong></span> <span class='ocrx_word' id='word_1_325' title='bbox 1367 3724 1467 3805; x_wconf 86' lang='lat' dir='ltr'><strong>utique</strong></span> <span class='ocrx_word' id='word_1_326' title='bbox 1486 3746 1551 3803; x_wconf 82' lang='lat' dir='ltr'><strong>per</strong></span> <span class='ocrx_word' id='word_1_327' title='bbox 1571 3748 1606 3785; x_wconf 71' lang='lat' dir='ltr'><strong>ae</strong></span> <span class='ocrx_word' id='word_1_328' title='bbox 1646 3730 1647 3805; x_wconf 55' lang='grc' dir='ltr'><strong><em>ᾖ</em></strong></span> 
     </span>
     <span class='ocr_line' id='line_1_33' title="bbox 216 3831 1607 3917; baseline -0.002 -19"><span class='ocrx_word' id='word_1_329' title='bbox 216 3845 261 3899; x_wconf 86' lang='lat' dir='ltr'><strong>est</strong></span> <span class='ocrx_word' id='word_1_330' title='bbox 283 3837 408 3899; x_wconf 85' lang='lat' dir='ltr'><strong>inllexae</strong></span> <span class='ocrx_word' id='word_1_331' title='bbox 430 3834 562 3898; x_wconf 90' lang='lat' dir='ltr'><strong>nonnihil</strong></span> <span class='ocrx_word' id='word_1_332' title='bbox 582 3836 731 3914; x_wconf 89' lang='lat' dir='ltr'><strong>orationis,</strong></span> <span class='ocrx_word' id='word_1_333' title='bbox 754 3833 808 3898; x_wconf 92' lang='lat' dir='ltr'><strong>sed</strong></span> <span class='ocrx_word' id='word_1_334' title='bbox 830 3834 908 3897; x_wconf 90' lang='lat' dir='ltr'><strong>illam</strong></span> <span class='ocrx_word' id='word_1_335' title='bbox 929 3836 1043 3917; x_wconf 90' lang='lat' dir='ltr'><strong>penitus</strong></span> <span class='ocrx_word' id='word_1_336' title='bbox 1065 3833 1197 3914; x_wconf 90' lang='lat' dir='ltr'><strong>abrumpi</strong></span> <span class='ocrx_word' id='word_1_337' title='bbox 1211 3834 1329 3897; x_wconf 90' lang='lat' dir='ltr'><strong>minime</strong></span> <span class='ocrx_word' id='word_1_338' title='bbox 1345 3831 1481 3896; x_wconf 82' lang='lat' dir='ltr'><strong>ostendit.</strong></span> <span class='ocrx_word' id='word_1_339' title='bbox 1521 3833 1607 3909; x_wconf 80' lang='lat' dir='ltr'><strong>Quae</strong></span> 
     </span>
     <span class='ocr_line' id='line_1_34' title="bbox 215 3941 1608 4028; baseline -0.001 -19"><span class='ocrx_word' id='word_1_340' title='bbox 215 3952 312 4009; x_wconf 88' lang='lat' dir='ltr'><strong>autem</strong></span> <span class='ocrx_word' id='word_1_341' title='bbox 326 3948 352 3979; x_wconf 84' lang='lat'><strong>⁴⁷</strong></span> <span class='ocrx_word' id='word_1_342' title='bbox 378 3953 614 4027; x_wconf 87' lang='lat' dir='ltr'><strong>consequuntur,</strong></span> <span class='ocrx_word' id='word_1_343' title='bbox 636 3944 771 4027; x_wconf 68' lang='grc' dir='ltr'><strong><em>Σίμων,</em></strong></span> <span class='ocrx_word' id='word_1_344' title='bbox 794 3942 931 4028; x_wconf 76' lang='grc' dir='ltr'><em>Σίμων,</em></span> <span class='ocrx_word' id='word_1_345' title='bbox 952 3941 1042 4019; x_wconf 77' lang='lat' dir='ltr'><strong>root,</strong></span> <span class='ocrx_word' id='word_1_346' title='bbox 1070 3945 1192 4007; x_wconf 91' lang='lat' dir='ltr'><strong>innuunt</strong></span> <span class='ocrx_word' id='word_1_347' title='bbox 1212 3942 1331 4025; x_wconf 85' lang='lat' dir='ltr'><strong>quidem</strong></span> <span class='ocrx_word' id='word_1_348' title='bbox 1352 3944 1519 4005; x_wconf 87' lang='lat' dir='ltr'><strong>orationem</strong></span> <span class='ocrx_word' id='word_1_349' title='bbox 1542 3962 1608 4007; x_wconf 85' lang='lat' dir='ltr'><strong>nor·</strong></span> 
     </span>
     <span class='ocr_line' id='line_1_35' title="bbox 214 4054 1609 4138; baseline -0.001 -21"><span class='ocrx_word' id='word_1_350' title='bbox 214 4057 285 4137; x_wconf 90' lang='lat' dir='ltr'><strong>ripi,</strong></span> <span class='ocrx_word' id='word_1_351' title='bbox 308 4074 431 4136; x_wconf 88' lang='lat' dir='ltr'><strong>remque</strong></span> <span class='ocrx_word' id='word_1_352' title='bbox 455 4056 658 4137; x_wconf 84' lang='lat' dir='ltr'><strong>gravissimum</strong></span> <span class='ocrx_word' id='word_1_353' title='bbox 680 4055 823 4138; x_wconf 81' lang='lat' dir='ltr'><strong>proponi3</strong></span> <span class='ocrx_word' id='word_1_354' title='bbox 851 4055 906 4119; x_wconf 91' lang='lat' dir='ltr'><strong>sed</strong></span> <span class='ocrx_word' id='word_1_355' title='bbox 924 4075 980 4136; x_wconf 81' lang='lat' dir='ltr'><strong>per</strong></span> <span class='ocrx_word' id='word_1_356' title='bbox 999 4076 1035 4117; x_wconf 84' lang='lat' dir='ltr'><strong>se</strong></span> <span class='ocrx_word' id='word_1_357' title='bbox 1055 4070 1154 4136; x_wconf 91' lang='lat' dir='ltr'><strong>neque</strong></span> <span class='ocrx_word' id='word_1_358' title='bbox 1175 4054 1311 4131; x_wconf 89' lang='lat' dir='ltr'><strong>innuunt,</strong></span> <span class='ocrx_word' id='word_1_359' title='bbox 1344 4070 1442 4133; x_wconf 89' lang='lat' dir='ltr'><strong>neque</strong></span> <span class='ocrx_word' id='word_1_360' title='bbox 1465 4071 1544 4116; x_wconf 87' lang='lat' dir='ltr'><strong>vero</strong></span> <span class='ocrx_word' id='word_1_361' title='bbox 1565 4058 1609 4116; x_wconf 91' lang='lat' dir='ltr'><strong>in·</strong></span> 
     </span>
     <span class='ocr_line' id='line_1_36' title="bbox 215 4161 1608 4246; baseline 0.001 -20"><span class='ocrx_word' id='word_1_362' title='bbox 215 4182 308 4226; x_wconf 90' lang='lat' dir='ltr'><strong>nuere</strong></span> <span class='ocrx_word' id='word_1_363' title='bbox 329 4170 468 4246; x_wconf 89' lang='lat' dir='ltr'><strong>possunt,</strong></span> <span class='ocrx_word' id='word_1_364' title='bbox 503 4184 538 4227; x_wconf 90' lang='lat' dir='ltr'><strong>ea</strong></span> <span class='ocrx_word' id='word_1_365' title='bbox 563 4182 670 4227; x_wconf 88' lang='lat' dir='ltr'><strong>essen</strong></span> <span class='ocrx_word' id='word_1_366' title='bbox 693 4164 937 4246; x_wconf 87' lang='lat' dir='ltr'><strong>praecedentibus</strong></span> <span class='ocrx_word' id='word_1_367' title='bbox 959 4173 1093 4246; x_wconf 87' lang='lat' dir='ltr'><strong>sepnrnta</strong></span> <span class='ocrx_word' id='word_1_368' title='bbox 1114 4183 1149 4226; x_wconf 88' lang='lat' dir='ltr'><strong>ao</strong></span> <span class='ocrx_word' id='word_1_369' title='bbox 1172 4162 1305 4226; x_wconf 82' lang='lat' dir='ltr'><strong>discisso.</strong></span> <span class='ocrx_word' id='word_1_370' title='bbox 1348 4161 1439 4224; x_wconf 89' lang='lat' dir='ltr'><strong>lrnmo</strong></span> <span class='ocrx_word' id='word_1_371' title='bbox 1461 4162 1608 4243; x_wconf 80' lang='lat' dir='ltr'><strong>particnb</strong></span> 
     </span>
     <span class='ocr_line' id='line_1_37' title="bbox 217 4272 1608 4355; baseline 0.002 -21"><span class='ocrx_word' id='word_1_372' title='bbox 217 4272 276 4348; x_wconf 78' lang='grc' dir='ltr'><strong>δέ,</strong></span> <span class='ocrx_word' id='word_1_373' title='bbox 313 4291 370 4355; x_wconf 90' lang='lat' dir='ltr'><strong>qna</strong></span> <span class='ocrx_word' id='word_1_374' title='bbox 391 4274 421 4334; x_wconf 90' lang='lat' dir='ltr'><strong>in</strong></span> <span class='ocrx_word' id='word_1_375' title='bbox 442 4274 566 4338; x_wconf 87' lang='lat' dir='ltr'><strong>exordio</strong></span> <span class='ocrx_word' id='word_1_376' title='bbox 586 4277 674 4337; x_wconf 90' lang='lat' dir='ltr'><strong>utitur</strong></span> <span class='ocrx_word' id='word_1_377' title='bbox 694 4275 802 4351; x_wconf 89' lang='lat' dir='ltr'><strong>Lneas,</strong></span> <span class='ocrx_word' id='word_1_378' title='bbox 831 4282 962 4338; x_wconf 88' lang='lat' dir='ltr'><strong>mutuum</strong></span> <span class='ocrx_word' id='word_1_379' title='bbox 983 4275 1112 4337; x_wconf 91' lang='lat' dir='ltr'><strong>omnium</strong></span> <span class='ocrx_word' id='word_1_380' title='bbox 1134 4292 1253 4354; x_wconf 85' lang='lat' dir='ltr'><strong>nexum,</strong></span> <span class='ocrx_word' id='word_1_381' title='bbox 1276 4280 1446 4353; x_wconf 78' lang='lat' dir='ltr'><strong>metamque</strong></span> <span class='ocrx_word' id='word_1_382' title='bbox 1468 4277 1608 4337; x_wconf 70' lang='lat' dir='ltr'><strong>necessi</strong></span> 
     </span>
     <span class='ocr_line' id='line_1_38' title="bbox 215 4381 1647 4464; baseline 0 -20"><span class='ocrx_word' id='word_1_383' title='bbox 215 4381 346 4446; x_wconf 90' lang='lat' dir='ltr'><strong>tudinem</strong></span> <span class='ocrx_word' id='word_1_384' title='bbox 368 4382 556 4447; x_wconf 89' lang='lat' dir='ltr'><strong>demonstrat.</strong></span> <span class='ocrx_word' id='word_1_385' title='bbox 598 4384 703 4464; x_wconf 89' lang='lat' dir='ltr'><strong>Neque</strong></span> <span class='ocrx_word' id='word_1_386' title='bbox 725 4384 803 4447; x_wconf 87' lang='lat' dir='ltr'><strong>enim</strong></span> <span class='ocrx_word' id='word_1_387' title='bbox 822 4384 879 4447; x_wconf 88' lang='lat' dir='ltr'><strong>alia</strong></span> <span class='ocrx_word' id='word_1_388' title='bbox 899 4384 940 4447; x_wconf 89' lang='lat' dir='ltr'><strong>illi</strong></span> <span class='ocrx_word' id='word_1_389' title='bbox 960 4384 1087 4448; x_wconf 89' lang='lat' dir='ltr'><strong>subesse</strong></span> <span class='ocrx_word' id='word_1_390' title='bbox 1108 4384 1153 4446; x_wconf 91' lang='lat' dir='ltr'><strong>vis</strong></span> <span class='ocrx_word' id='word_1_391' title='bbox 1173 4388 1286 4464; x_wconf 89' lang='lat' dir='ltr'><strong>potest,</strong></span> <span class='ocrx_word' id='word_1_392' title='bbox 1323 4400 1410 4464; x_wconf 92' lang='lat' dir='ltr'><strong>quam</strong></span> <span class='ocrx_word' id='word_1_393' title='bbox 1438 4382 1486 4445; x_wconf 86' lang='lat' dir='ltr'><strong>vel</strong></span> <span class='ocrx_word' id='word_1_394' title='bbox 1507 4392 1608 4463; x_wconf 63' lang='lat' dir='ltr'><strong>parti</strong></span> <span class='ocrx_word' id='word_1_395' title='bbox 1646 4410 1647 4415; x_wconf 41' lang='lat'>¹</span> 
     </span>
    </p>
   </div>
   <div class='ocr_carea' id='block_1_3' title="bbox 1063 4577 1390 4779">
    <p class='ocr_par' dir='ltr' id='par_1_5' title="bbox 1063 4577 1390 4779">
     <span class='ocr_line' id='line_1_39' title="bbox 1063 4577 1315 4638; baseline -0.012 -1"><span class='ocrx_word' id='word_1_396' title='bbox 1063 4580 1104 4638; x_wconf 81' lang='lat' dir='ltr'><strong>Gt.</strong></span> <span class='ocrx_word' id='word_1_397' title='bbox 1125 4579 1187 4638; x_wconf 65' lang='lat' dir='ltr'><strong>lino.</strong></span> <span class='ocrx_word' id='word_1_398' title='bbox 1208 4578 1266 4637; x_wconf 84' lang='lat' dir='ltr'><strong>llll.</strong></span> <span class='ocrx_word' id='word_1_399' title='bbox 1286 4577 1315 4634; x_wconf 80' lang='lat' dir='ltr'><strong>t.</strong></span> 
     </span>
     <span class='ocr_line' id='line_1_40' title="bbox 1065 4718 1390 4779; baseline -0.015 0"><span class='ocrx_word' id='word_1_400' title='bbox 1065 4721 1128 4779; x_wconf 78' lang='lat' dir='ltr'><strong>luo.</strong></span> <span class='ocrx_word' id='word_1_401' title='bbox 1148 4720 1231 4778; x_wconf 83' lang='lat' dir='ltr'><strong>xxti.</strong></span> <span class='ocrx_word' id='word_1_402' title='bbox 1251 4719 1335 4777; x_wconf 74' lang='lat'><strong>25&#39;-</strong></span> <span class='ocrx_word' id='word_1_403' title='bbox 1342 4718 1390 4775; x_wconf 79' lang='lat'><strong>33.</strong></span> 
     </span>
    </p>
   </div>
   <div class='ocr_carea' id='block_1_4' title="bbox 217 4577 883 4743">
    <p class='ocr_par' dir='ltr' id='par_1_6' title="bbox 217 4577 883 4743">
     <span class='ocr_line' id='line_1_41' title="bbox 278 4577 883 4654; baseline -0.002 -16"><span class='ocrx_word' id='word_1_404' title='bbox 278 4577 323 4651; x_wconf 86' lang='lat'><strong>⁴⁰)</strong></span> <span class='ocrx_word' id='word_1_405' title='bbox 348 4579 477 4654; x_wconf 78' lang='lat' dir='ltr'><strong>Expende</strong></span> <span class='ocrx_word' id='word_1_406' title='bbox 502 4595 606 4638; x_wconf 86' lang='lat' dir='ltr'><strong>rnrsnrn</strong></span> <span class='ocrx_word' id='word_1_407' title='bbox 631 4598 700 4654; x_wconf 81' lang='lat' dir='ltr'><strong>quea</strong></span> <span class='ocrx_word' id='word_1_408' title='bbox 726 4582 883 4639; x_wconf 81' lang='lat' dir='ltr'><strong>adduximus</strong></span> 
     </span>
     <span class='ocr_line' id='line_1_42' title="bbox 217 4686 380 4743; baseline 0 0"><span class='ocrx_word' id='word_1_409' title='bbox 217 4686 380 4743; x_wconf 87' lang='lat' dir='ltr'><strong>testimonia.</strong></span> 
     </span>
    </p>
   </div>
   <div class='ocr_carea' id='block_1_5' title="bbox 280 4580 1247 5079">
    <p class='ocr_par' dir='ltr' id='par_1_7' title="bbox 280 4580 1247 5079">
     <span class='ocr_line' id='line_1_43' title="bbox 996 4580 1042 4656; baseline -0.022 -43"><span class='ocrx_word' id='word_1_410' title='bbox 996 4580 1042 4656; x_wconf 79' lang='lat' dir='ltr'><strong>tt)</strong></span> 
     </span>
     <span class='ocr_line' id='line_1_44' title="bbox 999 4723 1044 4797; baseline 0 -43"><span class='ocrx_word' id='word_1_411' title='bbox 999 4723 1044 4797; x_wconf 77' lang='lat' dir='ltr'><strong>tt)</strong></span> 
     </span>
     <span class='ocr_line' id='line_1_45' title="bbox 280 4791 1103 4891; baseline -0.026 -42"><span class='ocrx_word' id='word_1_412' title='bbox 280 4791 603 4866; x_wconf 60' lang='lat' dir='ltr'><strong>‘WMmffl·</strong></span> <span class='ocrx_word' id='word_1_413' title='bbox 998 4860 1103 4891; x_wconf 31' lang='grc' dir='ltr'><strong>η.</strong></span> 
     </span>
     <span class='ocr_line' id='line_1_46' title="bbox 282 4860 1247 4971; baseline -0.025 -17"><span class='ocrx_word' id='word_1_414' title='bbox 282 4895 583 4971; x_wconf 53' lang='lat' dir='ltr'><strong>mmmmm</strong></span> <span class='ocrx_word' id='word_1_415' title='bbox 1029 4860 1247 4936; x_wconf 54' lang='lat' dir='ltr'><strong>)mnm</strong></span> 
     </span>
     <span class='ocr_line' id='line_1_47' title="bbox 996 5000 1041 5079; baseline -0.022 -48"><span class='ocrx_word' id='word_1_416' title='bbox 996 5000 1041 5079; x_wconf 77' lang='grc'><strong>47)</strong></span> 
     </span>
    </p>
   </div>
   <div class='ocr_carea' id='block_1_6' title="bbox 280 4999 1132 5077">
    <p class='ocr_par' dir='ltr' id='par_1_8' title="bbox 280 4999 1132 5077">
     <span class='ocr_line' id='line_1_48' title="bbox 280 4999 1132 5077; baseline -0.02 -17"><span class='ocrx_word' id='word_1_417' title='bbox 280 5000 558 5077; x_wconf 50' lang='lat' dir='ltr'><strong>mmmm</strong></span> <span class='ocrx_word' id='word_1_418' title='bbox 1063 4999 1132 5057; x_wconf 61' lang='lat' dir='ltr'><strong>m</strong></span> 
     </span>
    </p>
   </div>
   <div class='ocr_carea' id='block_1_7' title="bbox 0 0 1676 5380">
    <p class='ocr_par' dir='ltr' id='par_1_9' title="bbox 0 0 1676 5380">
     <span class='ocr_line' id='line_1_49' title="bbox 0 0 1676 5380; baseline 0 0"><span class='ocrx_word' id='word_1_419' title='bbox 0 0 1676 5380; x_wconf 95' lang='lat' dir='ltr'><strong> </strong></span> 
     </span>
    </p>
   </div>
  </div>
 </body>
</html>
