<?xml version="1.0" encoding="UTF-8"?>
<!DOCTYPE html PUBLIC "-//W3C//DTD XHTML 1.0 Transitional//EN"
    "http://www.w3.org/TR/xhtml1/DTD/xhtml1-transitional.dtd">
<html xmlns="http://www.w3.org/1999/xhtml" xml:lang="en" lang="en">
 <head>
  <title>
</title>
<meta http-equiv="Content-Type" content="text/html;charset=utf-8" />
  <meta name='ocr-system' content='tesseract 3.04.00' />
  <meta name='ocr-capabilities' content='ocr_page ocr_carea ocr_par ocr_line ocrx_word'/>
</head>
<body>
  <div class='ocr_page' id='page_1' title='image "./commentariusdep00passgoog_0187.png"; bbox 0 0 3258 5400; ppageno 0'>
   <div class='ocr_carea' id='block_1_1' title="bbox 619 370 1451 442">
    <p class='ocr_par' dir='ltr' id='par_1_1' title="bbox 619 370 1451 442">
     <span class='ocr_line' id='line_1_1' title="bbox 619 370 1451 442; baseline -0.005 -1"><span class='ocrx_word' id='word_1_1' title='bbox 619 370 765 442; x_wconf 66' lang='lat' dir='ltr'>cultui·</span> <span class='ocrx_word' id='word_1_2' title='bbox 806 373 897 441; x_wconf 80' lang='lat' dir='ltr'>XlX.</span> <span class='ocrx_word' id='word_1_3' title='bbox 1389 376 1451 438; x_wconf 73' lang='lat'>175</span> 
     </span>
    </p>
   </div>
   <div class='ocr_carea' id='block_1_2' title="bbox 70 540 1452 736">
    <p class='ocr_par' dir='ltr' id='par_1_2' title="bbox 70 540 1452 736">
     <span class='ocr_line' id='line_1_2' title="bbox 71 540 1452 625; baseline -0.001 -17"><span class='ocrx_word' id='word_1_4' title='bbox 71 553 99 609; x_wconf 88' lang='lat' dir='ltr'>et</span> <span class='ocrx_word' id='word_1_5' title='bbox 125 544 301 608; x_wconf 86' lang='lat' dir='ltr'>sacrificium</span> <span class='ocrx_word' id='word_1_6' title='bbox 329 545 437 608; x_wconf 88' lang='lat' dir='ltr'>iustum</span> <span class='ocrx_word' id='word_1_7' title='bbox 458 540 496 607; x_wconf 89' lang='lat' dir='ltr'>ad</span> <span class='ocrx_word' id='word_1_8' title='bbox 517 562 649 608; x_wconf 88' lang='lat' dir='ltr'>normam</span> <span class='ocrx_word' id='word_1_9' title='bbox 671 545 800 609; x_wconf 85' lang='lat' dir='ltr'>veritatis</span> <span class='ocrx_word' id='word_1_10' title='bbox 822 558 1009 625; x_wconf 83' lang='lat' dir='ltr'>expressum,</span> <span class='ocrx_word' id='word_1_11' title='bbox 1040 558 1127 605; x_wconf 86' lang='lat' dir='ltr'>secus</span> <span class='ocrx_word' id='word_1_12' title='bbox 1154 560 1190 605; x_wconf 88' lang='lat' dir='ltr'>ao</span> <span class='ocrx_word' id='word_1_13' title='bbox 1210 558 1264 605; x_wconf 91' lang='lat' dir='ltr'>vos</span> <span class='ocrx_word' id='word_1_14' title='bbox 1285 543 1452 606; x_wconf 89' lang='lat' dir='ltr'>samaritani</span> 
     </span>
     <span class='ocr_line' id='line_1_3' title="bbox 70 656 231 736; baseline -0.012 -17"><span class='ocrx_word' id='word_1_15' title='bbox 70 656 231 736; x_wconf 88' lang='lat' dir='ltr'>praestatis.</span> 
     </span>
    </p>
   </div>
   <div class='ocr_carea' id='block_1_3' title="bbox 69 776 1452 1545">
    <p class='ocr_par' dir='ltr' id='par_1_3' title="bbox 69 776 1452 1545">
     <span class='ocr_line' id='line_1_4' title="bbox 172 776 1450 862; baseline -0.002 -18"><span class='ocrx_word' id='word_1_16' title='bbox 172 786 246 845; x_wconf 81' lang='lat'><strong>216.</strong></span> <span class='ocrx_word' id='word_1_17' title='bbox 290 780 400 856; x_wconf 78' lang='lat' dir='ltr'>ouibus</span> <span class='ocrx_word' id='word_1_18' title='bbox 420 798 479 843; x_wconf 92' lang='lat' dir='ltr'>non</span> <span class='ocrx_word' id='word_1_19' title='bbox 506 779 632 845; x_wconf 81' lang='lat' dir='ltr'><strong>obscure</strong></span> <span class='ocrx_word' id='word_1_20' title='bbox 660 777 848 862; x_wconf 75' lang='lat' dir='ltr'>significavit,</span> <span class='ocrx_word' id='word_1_21' title='bbox 877 777 955 859; x_wconf 83' lang='lat' dir='ltr'>quod</span> <span class='ocrx_word' id='word_1_22' title='bbox 977 779 1085 842; x_wconf 83' lang='lat' dir='ltr'>mox&#39;¹</span> <span class='ocrx_word' id='word_1_23' title='bbox 1109 776 1284 842; x_wconf 89' lang='lat' dir='ltr'>luculentius</span> <span class='ocrx_word' id='word_1_24' title='bbox 1307 780 1450 861; x_wconf 75' lang='lat' dir='ltr'>exposuit,</span> 
     </span>
     <span class='ocr_line' id='line_1_5' title="bbox 69 888 1451 972; baseline -0.001 -19"><span class='ocrx_word' id='word_1_25' title='bbox 69 891 219 972; x_wconf 87' lang='lat' dir='ltr'>inquiens:</span> <span class='ocrx_word' id='word_1_26' title='bbox 262 890 400 971; x_wconf 82' lang='lat' dir='ltr'>Messias,</span> <span class='ocrx_word' id='word_1_27' title='bbox 429 891 477 952; x_wconf 86' lang='lat' dir='ltr'>cui</span> <span class='ocrx_word' id='word_1_28' title='bbox 501 898 534 953; x_wconf 93' lang='lat' dir='ltr'>tu</span> <span class='ocrx_word' id='word_1_29' title='bbox 560 891 625 953; x_wconf 83' lang='lat' dir='ltr'>iure</span> <span class='ocrx_word' id='word_1_30' title='bbox 653 888 767 971; x_wconf 81' lang='lat' dir='ltr'>defers,</span> <span class='ocrx_word' id='word_1_31' title='bbox 802 888 881 970; x_wconf 91' lang='lat' dir='ltr'>quod</span> <span class='ocrx_word' id='word_1_32' title='bbox 910 888 1007 951; x_wconf 89' lang='lat' dir='ltr'>omnia</span> <span class='ocrx_word' id='word_1_33' title='bbox 1034 889 1071 950; x_wconf 93' lang='lat' dir='ltr'>sit</span> <span class='ocrx_word' id='word_1_34' title='bbox 1098 889 1333 970; x_wconf 74' lang='lat' dir='ltr'>annuntiaturus,</span> <span class='ocrx_word' id='word_1_35' title='bbox 1363 895 1451 971; x_wconf 84' lang='lat' dir='ltr'>atque</span> 
     </span>
     <span class='ocr_line' id='line_1_6' title="bbox 70 997 1450 1082; baseline -0.003 -20"><span class='ocrx_word' id='word_1_36' title='bbox 70 998 141 1062; x_wconf 87' lang='lat' dir='ltr'>adeo</span> <span class='ocrx_word' id='word_1_37' title='bbox 163 998 243 1063; x_wconf 90' lang='lat' dir='ltr'>banc</span> <span class='ocrx_word' id='word_1_38' title='bbox 265 1002 357 1082; x_wconf 88' lang='lat' dir='ltr'>ipsam</span> <span class='ocrx_word' id='word_1_39' title='bbox 380 1001 417 1064; x_wconf 94' lang='lat' dir='ltr'>de</span> <span class='ocrx_word' id='word_1_40' title='bbox 438 1002 515 1063; x_wconf 90' lang='lat' dir='ltr'>iusto</span> <span class='ocrx_word' id='word_1_41' title='bbox 536 997 671 1064; x_wconf 85' lang='lat' dir='ltr'>sacrificii</span> <span class='ocrx_word' id='word_1_42' title='bbox 691 998 758 1067; x_wconf 90' lang='lat' dir='ltr'>loco</span> <span class='ocrx_word' id='word_1_43' title='bbox 780 999 1010 1062; x_wconf 86' lang='lat' dir='ltr'>controversiam</span> <span class='ocrx_word' id='word_1_44' title='bbox 1032 997 1223 1080; x_wconf 88' lang='lat' dir='ltr'>diremturus,</span> <span class='ocrx_word' id='word_1_45' title='bbox 1243 997 1309 1080; x_wconf 72' lang='lat' dir='ltr'>tyci</span> <span class='ocrx_word' id='word_1_46' title='bbox 1329 1001 1411 1081; x_wconf 74' lang='grc' dir='ltr'><strong><em>ἐιμι,</em></strong></span> <span class='ocrx_word' id='word_1_47' title='bbox 1433 999 1450 1059; x_wconf 85' lang='lat' dir='ltr'>d</span> 
     </span>
     <span class='ocr_line' id='line_1_7' title="bbox 70 1107 1451 1194; baseline -0.004 -18"><span class='ocrx_word' id='word_1_48' title='bbox 70 1108 173 1176; x_wconf 68' lang='lat' dir='ltr'>bido</span> <span class='ocrx_word' id='word_1_49' title='bbox 194 1129 267 1187; x_wconf 89' lang='grc' dir='ltr'><strong><em>σοι,</em></strong></span> <span class='ocrx_word' id='word_1_50' title='bbox 295 1129 355 1194; x_wconf 80' lang='lat' dir='ltr'>ego</span> <span class='ocrx_word' id='word_1_51' title='bbox 375 1113 438 1193; x_wconf 89' lang='lat' dir='ltr'>ipse</span> <span class='ocrx_word' id='word_1_52' title='bbox 460 1128 525 1175; x_wconf 87' lang='lat' dir='ltr'>sum</span> <span class='ocrx_word' id='word_1_53' title='bbox 547 1110 596 1192; x_wconf 82' lang='lat' dir='ltr'>qui</span> <span class='ocrx_word' id='word_1_54' title='bbox 617 1116 647 1172; x_wconf 89' lang='lat' dir='ltr'>te</span> <span class='ocrx_word' id='word_1_55' title='bbox 669 1108 811 1190; x_wconf 87' lang='lat' dir='ltr'>alloquor.</span> <span class='ocrx_word' id='word_1_56' title='bbox 853 1107 985 1171; x_wconf 84' lang='lat' dir='ltr'>Piissimo</span> <span class='ocrx_word' id='word_1_57' title='bbox 1013 1109 1090 1171; x_wconf 91' lang='lat' dir='ltr'>enim</span> <span class='ocrx_word' id='word_1_58' title='bbox 1112 1107 1238 1171; x_wconf 84' lang='lat' dir='ltr'>blessiae</span> <span class='ocrx_word' id='word_1_59' title='bbox 1259 1108 1386 1171; x_wconf 88' lang='lat' dir='ltr'>adventu</span> <span class='ocrx_word' id='word_1_60' title='bbox 1408 1107 1451 1171; x_wconf 88' lang='lat' dir='ltr'>iu·</span> 
     </span>
     <span class='ocr_line' id='line_1_8' title="bbox 70 1218 1451 1302; baseline -0.001 -19"><span class='ocrx_word' id='word_1_61' title='bbox 70 1226 163 1283; x_wconf 84' lang='lat' dir='ltr'>buum</span> <span class='ocrx_word' id='word_1_62' title='bbox 180 1224 208 1255; x_wconf 83' lang='lat'>¹²</span> <span class='ocrx_word' id='word_1_63' title='bbox 241 1228 318 1302; x_wconf 89' lang='lat' dir='ltr'>erat,</span> <span class='ocrx_word' id='word_1_64' title='bbox 348 1227 380 1283; x_wconf 91' lang='lat' dir='ltr'>ut</span> <span class='ocrx_word' id='word_1_65' title='bbox 403 1219 458 1284; x_wconf 86' lang='lat' dir='ltr'>Dei</span> <span class='ocrx_word' id='word_1_66' title='bbox 485 1238 594 1282; x_wconf 88' lang='lat' dir='ltr'>nomen</span> <span class='ocrx_word' id='word_1_67' title='bbox 622 1218 659 1281; x_wconf 93' lang='lat' dir='ltr'>ab</span> <span class='ocrx_word' id='word_1_68' title='bbox 685 1225 752 1281; x_wconf 85' lang='lat' dir='ltr'>ortu</span> <span class='ocrx_word' id='word_1_69' title='bbox 780 1218 850 1281; x_wconf 87' lang='lat' dir='ltr'>solis</span> <span class='ocrx_word' id='word_1_70' title='bbox 870 1236 966 1300; x_wconf 82' lang='lat' dir='ltr'>usque</span> <span class='ocrx_word' id='word_1_71' title='bbox 992 1219 1029 1281; x_wconf 84' lang='lat' dir='ltr'>ad</span> <span class='ocrx_word' id='word_1_72' title='bbox 1050 1235 1188 1281; x_wconf 86' lang='lat' dir='ltr'>occasum</span> <span class='ocrx_word' id='word_1_73' title='bbox 1210 1236 1350 1300; x_wconf 79' lang='lat' dir='ltr'>magnum</span> <span class='ocrx_word' id='word_1_74' title='bbox 1371 1224 1451 1281; x_wconf 88' lang='lat' dir='ltr'>esset</span> 
     </span>
     <span class='ocr_line' id='line_1_9' title="bbox 71 1326 1452 1413; baseline -0.003 -20"><span class='ocrx_word' id='word_1_75' title='bbox 71 1330 143 1394; x_wconf 90' lang='lat' dir='ltr'>inter</span> <span class='ocrx_word' id='word_1_76' title='bbox 164 1339 291 1413; x_wconf 78' lang='lat' dir='ltr'>gentes,</span> <span class='ocrx_word' id='word_1_77' title='bbox 320 1348 418 1413; x_wconf 88' lang='lat' dir='ltr'>neque</span> <span class='ocrx_word' id='word_1_78' title='bbox 440 1329 562 1412; x_wconf 88' lang='lat' dir='ltr'>amplius</span> <span class='ocrx_word' id='word_1_79' title='bbox 586 1329 660 1391; x_wconf 84' lang='lat' dir='ltr'>intra</span> <span class='ocrx_word' id='word_1_80' title='bbox 681 1327 903 1411; x_wconf 74' lang='lat' dir='ltr'>Hierosolymaa</span> <span class='ocrx_word' id='word_1_81' title='bbox 924 1327 1013 1407; x_wconf 88' lang='lat' dir='ltr'>lines,</span> <span class='ocrx_word' id='word_1_82' title='bbox 1043 1329 1208 1409; x_wconf 67' lang='lat' dir='ltr'>mentuque</span> <span class='ocrx_word' id='word_1_83' title='bbox 1227 1326 1369 1409; x_wconf 77' lang='lat' dir='ltr'>Gerizim,</span> <span class='ocrx_word' id='word_1_84' title='bbox 1397 1326 1452 1391; x_wconf 93' lang='lat' dir='ltr'>sed</span> 
     </span>
     <span class='ocr_line' id='line_1_10' title="bbox 69 1436 1450 1545; baseline -0.004 -41"><span class='ocrx_word' id='word_1_85' title='bbox 69 1443 101 1504; x_wconf 78' lang='grc' dir='ltr'>ἐν</span> <span class='ocrx_word' id='word_1_86' title='bbox 118 1441 216 1505; x_wconf 77' lang='grc' dir='ltr'>παντὶ</span> <span class='ocrx_word' id='word_1_87' title='bbox 236 1442 322 1524; x_wconf 77' lang='grc' dir='ltr'><em>τόπῳ</em></span> <span class='ocrx_word' id='word_1_88' title='bbox 336 1439 444 1522; x_wconf 88' lang='lat' dir='ltr'>ubique</span> <span class='ocrx_word' id='word_1_89' title='bbox 457 1438 590 1502; x_wconf 86' lang='lat' dir='ltr'>locorum</span> <span class='ocrx_word' id='word_1_90' title='bbox 612 1443 745 1545; x_wconf 56' lang='lat' dir='ltr'>fftpptp,</span> <span class='ocrx_word' id='word_1_91' title='bbox 767 1436 919 1519; x_wconf 69' lang='grc' dir='ltr'>θυμίαμα</span> <span class='ocrx_word' id='word_1_92' title='bbox 931 1437 1108 1519; x_wconf 79' lang='lat' dir='ltr'>adoleretur,</span> <span class='ocrx_word' id='word_1_93' title='bbox 1123 1445 1153 1500; x_wconf 89' lang='lat' dir='ltr'>et</span> <span class='ocrx_word' id='word_1_94' title='bbox 1174 1438 1306 1544; x_wconf 52' lang='grc' dir='ltr'>ῃζιῖῃῐᾳ</span> <span class='ocrx_word' id='word_1_95' title='bbox 1327 1441 1450 1545; x_wconf 56' lang='lat' dir='ltr'>suppl),</span> 
     </span>
    </p>
   </div>
   <div class='ocr_carea' id='block_1_4' title="bbox 1 1587 1453 2017">
    <p class='ocr_par' dir='ltr' id='par_1_4' title="bbox 1 1587 1453 2017">
     <span class='ocr_line' id='line_1_11' title="bbox 71 1587 1452 1674; baseline -0.001 -18"><span class='ocrx_word' id='word_1_96' title='bbox 71 1591 171 1657; x_wconf 79' lang='lat' dir='ltr'>docio</span> <span class='ocrx_word' id='word_1_97' title='bbox 206 1587 343 1674; x_wconf 71' lang='lat' dir='ltr'>aedepol</span> <span class='ocrx_word' id='word_1_98' title='bbox 371 1592 434 1655; x_wconf 92' lang='lat' dir='ltr'>eius</span> <span class='ocrx_word' id='word_1_99' title='bbox 469 1591 580 1655; x_wconf 90' lang='lat' dir='ltr'>nomini</span> <span class='ocrx_word' id='word_1_100' title='bbox 606 1591 745 1655; x_wconf 86' lang='lat' dir='ltr'>litaretur.</span> <span class='ocrx_word' id='word_1_101' title='bbox 788 1591 927 1654; x_wconf 84' lang='lat' dir='ltr'>Futurum</span> <span class='ocrx_word' id='word_1_102' title='bbox 958 1598 1035 1672; x_wconf 88' lang='lat' dir='ltr'>erat,</span> <span class='ocrx_word' id='word_1_103' title='bbox 1071 1596 1103 1652; x_wconf 90' lang='lat' dir='ltr'>ut</span> <span class='ocrx_word' id='word_1_104' title='bbox 1118 1590 1143 1623; x_wconf 82' lang='lat'>¹⁸</span> <span class='ocrx_word' id='word_1_105' title='bbox 1175 1607 1278 1653; x_wconf 87' lang='lat' dir='ltr'>omnes</span> <span class='ocrx_word' id='word_1_106' title='bbox 1304 1590 1452 1673; x_wconf 85' lang='lat' dir='ltr'>terraquei</span> 
     </span>
     <span class='ocr_line' id='line_1_12' title="bbox 72 1699 1452 1785; baseline -0.001 -20"><span class='ocrx_word' id='word_1_107' title='bbox 72 1711 175 1785; x_wconf 80' lang='lat' dir='ltr'>gentes</span> <span class='ocrx_word' id='word_1_108' title='bbox 199 1705 232 1766; x_wconf 91' lang='lat' dir='ltr'>in</span> <span class='ocrx_word' id='word_1_109' title='bbox 248 1709 360 1785; x_wconf 90' lang='lat' dir='ltr'>partem</span> <span class='ocrx_word' id='word_1_110' title='bbox 381 1709 558 1766; x_wconf 87' lang='lat' dir='ltr'>vocarentur</span> <span class='ocrx_word' id='word_1_111' title='bbox 578 1700 653 1763; x_wconf 94' lang='lat' dir='ltr'>illius</span> <span class='ocrx_word' id='word_1_112' title='bbox 672 1700 893 1782; x_wconf 89' lang='lat' dir='ltr'>benedictionis,</span> <span class='ocrx_word' id='word_1_113' title='bbox 915 1719 1002 1783; x_wconf 89' lang='lat' dir='ltr'>quam</span> <span class='ocrx_word' id='word_1_114' title='bbox 1021 1699 1101 1764; x_wconf 88' lang='lat' dir='ltr'>Deus</span> <span class='ocrx_word' id='word_1_115' title='bbox 1122 1699 1375 1781; x_wconf 86' lang='lat' dir='ltr'>protoparentibus</span> <span class='ocrx_word' id='word_1_116' title='bbox 1394 1700 1452 1782; x_wconf 91' lang='lat' dir='ltr'>pri·</span> 
     </span>
     <span class='ocr_line' id='line_1_13' title="bbox 73 1809 1453 1896; baseline -0.003 -19"><span class='ocrx_word' id='word_1_117' title='bbox 73 1832 164 1896; x_wconf 88' lang='lat' dir='ltr'>mum,</span> <span class='ocrx_word' id='word_1_118' title='bbox 193 1832 233 1877; x_wconf 89' lang='lat' dir='ltr'>ao</span> <span class='ocrx_word' id='word_1_119' title='bbox 253 1812 422 1896; x_wconf 87' lang='lat' dir='ltr'>patriarchis</span> <span class='ocrx_word' id='word_1_120' title='bbox 444 1811 551 1875; x_wconf 88' lang='lat' dir='ltr'>deinde</span> <span class='ocrx_word' id='word_1_121' title='bbox 571 1810 757 1892; x_wconf 89' lang='lat' dir='ltr'>solemniter,</span> <span class='ocrx_word' id='word_1_122' title='bbox 786 1811 950 1893; x_wconf 86' lang='lat' dir='ltr'>iteratoque</span> <span class='ocrx_word' id='word_1_123' title='bbox 977 1811 1116 1892; x_wconf 85' lang='lat' dir='ltr'>promisit.</span> <span class='ocrx_word' id='word_1_124' title='bbox 1158 1809 1296 1873; x_wconf 80' lang='lat' dir='ltr'>Futurum</span> <span class='ocrx_word' id='word_1_125' title='bbox 1325 1809 1453 1890; x_wconf 85' lang='lat' dir='ltr'>denique</span> 
     </span>
     <span class='ocr_line' id='line_1_14' title="bbox 1 1896 1451 2017; baseline -0.005 -30"><span class='ocrx_word' id='word_1_126' title='bbox 1 1935 2 1940; x_wconf 76' lang='grc'>’</span> <span class='ocrx_word' id='word_1_127' title='bbox 73 1931 142 2005; x_wconf 85' lang='lat' dir='ltr'>erat,</span> <span class='ocrx_word' id='word_1_128' title='bbox 164 1930 199 1987; x_wconf 90' lang='lat' dir='ltr'>ut</span> <span class='ocrx_word' id='word_1_129' title='bbox 221 1921 354 2003; x_wconf 81' lang='lat' dir='ltr'>Messias,</span> <span class='ocrx_word' id='word_1_130' title='bbox 377 1941 464 2003; x_wconf 90' lang='lat' dir='ltr'>quem</span> <span class='ocrx_word' id='word_1_131' title='bbox 484 1920 677 2005; x_wconf 84' lang='lat' dir='ltr'>appellatione</span> <span class='ocrx_word' id='word_1_132' title='bbox 694 1922 719 1954; x_wconf 88' lang='lat'>¹⁴</span> <span class='ocrx_word' id='word_1_133' title='bbox 743 1896 848 2017; x_wconf 53' lang='lat' dir='ltr'>ribuv</span> <span class='ocrx_word' id='word_1_134' title='bbox 868 1919 948 1984; x_wconf 87' lang='lat' dir='ltr'>Deus</span> <span class='ocrx_word' id='word_1_135' title='bbox 969 1919 1205 2000; x_wconf 79' lang='lat' dir='ltr'>adumbraverat,</span> <span class='ocrx_word' id='word_1_136' title='bbox 1226 1918 1295 1983; x_wconf 89' lang='lat' dir='ltr'>inde</span> <span class='ocrx_word' id='word_1_137' title='bbox 1316 1934 1451 1999; x_wconf 85' lang='lat' dir='ltr'>compro·</span> 
     </span>
    </p>
   </div>
   <div class='ocr_carea' id='block_1_5' title="bbox 73 2072 1182 2173">
    <p class='ocr_par' dir='ltr' id='par_1_5' title="bbox 73 2072 1182 2173">
     <span class='ocr_line' id='line_1_15' title="bbox 73 2072 1182 2173; baseline -0.002 -36"><span class='ocrx_word' id='word_1_138' title='bbox 73 2074 208 2158; x_wconf 89' lang='lat' dir='ltr'>baretur,</span> <span class='ocrx_word' id='word_1_139' title='bbox 232 2075 310 2157; x_wconf 91' lang='lat' dir='ltr'>quod</span> <span class='ocrx_word' id='word_1_140' title='bbox 331 2075 372 2138; x_wconf 94' lang='lat' dir='ltr'>illi</span> <span class='ocrx_word' id='word_1_141' title='bbox 393 2073 558 2137; x_wconf 90' lang='lat' dir='ltr'>obedientia</span> <span class='ocrx_word' id='word_1_142' title='bbox 578 2072 749 2156; x_wconf 90' lang='lat' dir='ltr'>populorum</span> <span class='ocrx_word' id='word_1_143' title='bbox 771 2077 868 2171; x_wconf 63' lang='lat' dir='ltr'>0³in</span> <span class='ocrx_word' id='word_1_144' title='bbox 891 2075 990 2173; x_wconf 45' lang='lat' dir='ltr'>nvp}</span> <span class='ocrx_word' id='word_1_145' title='bbox 1011 2072 1182 2137; x_wconf 82' lang='lat' dir='ltr'>deferretur.</span> 
     </span>
    </p>
   </div>
   <div class='ocr_carea' id='block_1_6' title="bbox 75 2224 1454 2639">
    <p class='ocr_par' dir='ltr' id='par_1_6' title="bbox 75 2224 1454 2639">
     <span class='ocr_line' id='line_1_16' title="bbox 179 2224 1452 2310; baseline -0.005 -17"><span class='ocrx_word' id='word_1_146' title='bbox 179 2233 253 2293; x_wconf 74' lang='lat'>21⁷.</span> <span class='ocrx_word' id='word_1_147' title='bbox 298 2227 357 2293; x_wconf 89' lang='lat' dir='ltr'>Sed</span> <span class='ocrx_word' id='word_1_148' title='bbox 385 2246 443 2310; x_wconf 83' lang='lat' dir='ltr'>quo</span> <span class='ocrx_word' id='word_1_149' title='bbox 468 2229 591 2310; x_wconf 85' lang='lat' dir='ltr'>prinmm</span> <span class='ocrx_word' id='word_1_150' title='bbox 616 2228 671 2291; x_wconf 87' lang='lat' dir='ltr'>istu</span> <span class='ocrx_word' id='word_1_151' title='bbox 695 2236 844 2309; x_wconf 86' lang='lat' dir='ltr'>tempore,</span> <span class='ocrx_word' id='word_1_152' title='bbox 875 2245 972 2309; x_wconf 89' lang='lat' dir='ltr'>quove</span> <span class='ocrx_word' id='word_1_153' title='bbox 997 2227 1084 2290; x_wconf 94' lang='lat' dir='ltr'>modo</span> <span class='ocrx_word' id='word_1_154' title='bbox 1106 2228 1279 2309; x_wconf 80' lang='lat' dir='ltr'>contingere</span> <span class='ocrx_word' id='word_1_155' title='bbox 1301 2224 1452 2304; x_wconf 89' lang='lat' dir='ltr'>deberent,</span> 
     </span>
     <span class='ocr_line' id='line_1_17' title="bbox 75 2334 1453 2421; baseline -0.002 -22"><span class='ocrx_word' id='word_1_156' title='bbox 75 2356 169 2419; x_wconf 63' lang='lat' dir='ltr'>neme</span> <span class='ocrx_word' id='word_1_157' title='bbox 192 2357 250 2421; x_wconf 88' lang='lat' dir='ltr'>per</span> <span class='ocrx_word' id='word_1_158' title='bbox 268 2336 425 2419; x_wconf 89' lang='lat' dir='ltr'>propbetas</span> <span class='ocrx_word' id='word_1_159' title='bbox 446 2335 542 2417; x_wconf 79' lang='lat' dir='ltr'>Deus,</span> <span class='ocrx_word' id='word_1_160' title='bbox 571 2356 668 2419; x_wconf 87' lang='lat' dir='ltr'>neque</span> <span class='ocrx_word' id='word_1_161' title='bbox 695 2355 749 2418; x_wconf 91' lang='lat' dir='ltr'>per</span> <span class='ocrx_word' id='word_1_162' title='bbox 770 2337 872 2400; x_wconf 83' lang='lat' dir='ltr'>Filium</span> <span class='ocrx_word' id='word_1_163' title='bbox 894 2356 982 2419; x_wconf 86' lang='lat' dir='ltr'>quem</span> <span class='ocrx_word' id='word_1_164' title='bbox 1001 2344 1180 2419; x_wconf 86' lang='lat' dir='ltr'>postremum</span> <span class='ocrx_word' id='word_1_165' title='bbox 1203 2337 1296 2417; x_wconf 90' lang='lat' dir='ltr'>misit,</span> <span class='ocrx_word' id='word_1_166' title='bbox 1325 2334 1453 2414; x_wconf 86' lang='lat' dir='ltr'>definite,</span> 
     </span>
     <span class='ocr_line' id='line_1_18' title="bbox 76 2444 1454 2529; baseline -0.002 -18"><span class='ocrx_word' id='word_1_167' title='bbox 76 2447 270 2529; x_wconf 59' lang='lat' dir='ltr'>fflncteque</span> <span class='ocrx_word' id='word_1_168' title='bbox 292 2454 454 2529; x_wconf 88' lang='lat' dir='ltr'>aperuerat.</span> <span class='ocrx_word' id='word_1_169' title='bbox 496 2447 619 2529; x_wconf 83' lang='lat' dir='ltr'>Aperuit</span> <span class='ocrx_word' id='word_1_170' title='bbox 639 2455 736 2510; x_wconf 89' lang='lat' dir='ltr'>autem</span> <span class='ocrx_word' id='word_1_171' title='bbox 757 2464 845 2529; x_wconf 89' lang='lat' dir='ltr'>quum</span> <span class='ocrx_word' id='word_1_172' title='bbox 866 2446 942 2510; x_wconf 86' lang='lat' dir='ltr'>lactu</span> <span class='ocrx_word' id='word_1_173' title='bbox 963 2445 1011 2510; x_wconf 92' lang='lat' dir='ltr'>illa</span> <span class='ocrx_word' id='word_1_174' title='bbox 1031 2454 1108 2528; x_wconf 90' lang='lat' dir='ltr'>sunt,</span> <span class='ocrx_word' id='word_1_175' title='bbox 1130 2465 1206 2528; x_wconf 85' lang='lat' dir='ltr'>quoe</span> <span class='ocrx_word' id='word_1_176' title='bbox 1228 2446 1343 2510; x_wconf 88' lang='lat' dir='ltr'>decimo</span> <span class='ocrx_word' id='word_1_177' title='bbox 1363 2444 1454 2508; x_wconf 76' lang='lat' dir='ltr'>Aeto-</span> 
     </span>
     <span class='ocr_line' id='line_1_19' title="bbox 76 2556 604 2639; baseline -0.002 -18"><span class='ocrx_word' id='word_1_178' title='bbox 76 2574 138 2620; x_wconf 87' lang='lat' dir='ltr'>rum</span> <span class='ocrx_word' id='word_1_179' title='bbox 160 2559 258 2639; x_wconf 89' lang='lat' dir='ltr'>capite</span> <span class='ocrx_word' id='word_1_180' title='bbox 279 2556 373 2619; x_wconf 87' lang='lat' dir='ltr'>Lucas</span> <span class='ocrx_word' id='word_1_181' title='bbox 395 2556 604 2639; x_wconf 87' lang='lat' dir='ltr'>complectitur.</span> 
     </span>
    </p>
   </div>
   <div class='ocr_carea' id='block_1_7' title="bbox 1 2678 1458 3318">
    <p class='ocr_par' dir='ltr' id='par_1_7' title="bbox 1 2678 1458 3318">
     <span class='ocr_line' id='line_1_20' title="bbox 180 2678 1454 2766; baseline -0.002 -20"><span class='ocrx_word' id='word_1_182' title='bbox 180 2683 318 2766; x_wconf 79' lang='lat' dir='ltr'>Degebat</span> <span class='ocrx_word' id='word_1_183' title='bbox 336 2687 361 2718; x_wconf 76' lang='lat'>¹⁶</span> <span class='ocrx_word' id='word_1_184' title='bbox 378 2684 541 2748; x_wconf 82' lang='lat' dir='ltr'>Caesareae</span> <span class='ocrx_word' id='word_1_185' title='bbox 556 2686 600 2747; x_wconf 90' lang='lat' dir='ltr'>vir</span> <span class='ocrx_word' id='word_1_186' title='bbox 620 2685 749 2766; x_wconf 81' lang='grc' dir='ltr'><em>ὀνόματι</em></span> <span class='ocrx_word' id='word_1_187' title='bbox 763 2678 956 2764; x_wconf 79' lang='grc' dir='ltr'><strong><em>Κορνήλιος,</em></strong></span> <span class='ocrx_word' id='word_1_188' title='bbox 980 2679 1212 2764; x_wconf 72' lang='grc' dir='ltr'>ἑκατοντάρχης</span> <span class='ocrx_word' id='word_1_189' title='bbox 1226 2687 1261 2746; x_wconf 77' lang='lat' dir='ltr'>dx</span> <span class='ocrx_word' id='word_1_190' title='bbox 1276 2685 1301 2716; x_wconf 74' lang='lat'>¹⁶</span> <span class='ocrx_word' id='word_1_191' title='bbox 1327 2681 1454 2761; x_wconf 68' lang='grc' dir='ltr'><em>σπείρης</em></span> 
     </span>
     <span class='ocr_line' id='line_1_21' title="bbox 79 2785 1458 2877; baseline -0.007 -18"><span class='ocrx_word' id='word_1_192' title='bbox 79 2794 127 2871; x_wconf 77' lang='grc' dir='ltr'>τῆς</span> <span class='ocrx_word' id='word_1_193' title='bbox 146 2795 341 2876; x_wconf 77' lang='grc' dir='ltr'><strong><em>καλουμένης</em></strong></span> <span class='ocrx_word' id='word_1_194' title='bbox 364 2793 514 2870; x_wconf 58' lang='lat' dir='ltr'>iudicaria,</span> <span class='ocrx_word' id='word_1_195' title='bbox 543 2786 671 2875; x_wconf 70' lang='grc' dir='ltr'><strong><em>εὐσεβής</em></strong></span> <span class='ocrx_word' id='word_1_196' title='bbox 698 2792 752 2856; x_wconf 84' lang='grc' dir='ltr'>καὶ</span> <span class='ocrx_word' id='word_1_197' title='bbox 776 2787 977 2877; x_wconf 77' lang='grc' dir='ltr'><strong><em>φοβούμενος</em></strong></span> <span class='ocrx_word' id='word_1_198' title='bbox 994 2795 1019 2825; x_wconf 82' lang='lat'>¹⁷</span> <span class='ocrx_word' id='word_1_199' title='bbox 1043 2789 1098 2855; x_wconf 80' lang='grc' dir='ltr'>τὸν</span> <span class='ocrx_word' id='word_1_200' title='bbox 1118 2789 1199 2854; x_wconf 76' lang='grc' dir='ltr'>θεὸν</span> <span class='ocrx_word' id='word_1_201' title='bbox 1220 2785 1278 2855; x_wconf 74' lang='grc' dir='ltr'>οὐν</span> <span class='ocrx_word' id='word_1_202' title='bbox 1299 2790 1391 2854; x_wconf 80' lang='grc' dir='ltr'>παντὶ</span> <span class='ocrx_word' id='word_1_203' title='bbox 1412 2790 1458 2871; x_wconf 73' lang='lat' dir='ltr'>spi</span> 
     </span>
     <span class='ocr_line' id='line_1_22' title="bbox 1 2896 1455 2990; baseline -0.006 -23"><span class='ocrx_word' id='word_1_204' title='bbox 1 2899 2 2908; x_wconf 41' lang='lat'>¹</span> <span class='ocrx_word' id='word_1_205' title='bbox 79 2902 151 2990; x_wconf 72' lang='lat' dir='ltr'>oium</span> <span class='ocrx_word' id='word_1_206' title='bbox 172 2903 283 2981; x_wconf 80' lang='grc' dir='ltr'><strong><em>αὐτοῦ,</em></strong></span> <span class='ocrx_word' id='word_1_207' title='bbox 305 2905 406 2967; x_wconf 77' lang='grc' dir='ltr'><strong><em>ποιῶν</em></strong></span> <span class='ocrx_word' id='word_1_208' title='bbox 426 2925 457 2966; x_wconf 80' lang='grc' dir='ltr'>τε</span> <span class='ocrx_word' id='word_1_209' title='bbox 477 2902 685 2984; x_wconf 67' lang='grc' dir='ltr'><strong><em>ἐλεημοσύνας</em></strong></span> <span class='ocrx_word' id='word_1_210' title='bbox 700 2896 821 2977; x_wconf 63' lang='grc' dir='ltr'><strong><em>πολλάς</em></strong></span> <span class='ocrx_word' id='word_1_211' title='bbox 841 2904 888 2986; x_wconf 75' lang='grc' dir='ltr'>τῷ</span> <span class='ocrx_word' id='word_1_212' title='bbox 904 2901 973 2986; x_wconf 78' lang='lat' dir='ltr'>lotpi</span> <span class='ocrx_word' id='word_1_213' title='bbox 987 2906 1026 2978; x_wconf 78' lang='lat'>¹⁸,</span> <span class='ocrx_word' id='word_1_214' title='bbox 1050 2902 1104 2967; x_wconf 75' lang='lat' dir='ltr'>asoti</span> <span class='ocrx_word' id='word_1_215' title='bbox 1123 2899 1272 2983; x_wconf 71' lang='grc' dir='ltr'>δεόμενος</span> <span class='ocrx_word' id='word_1_216' title='bbox 1292 2902 1348 2962; x_wconf 84' lang='grc' dir='ltr'>τοῦ</span> <span class='ocrx_word' id='word_1_217' title='bbox 1368 2896 1455 2960; x_wconf 74' lang='grc' dir='ltr'><strong><em>θεοῦ</em></strong></span> 
     </span>
     <span class='ocr_line' id='line_1_23' title="bbox 81 3008 1458 3093; baseline -0.005 -18"><span class='ocrx_word' id='word_1_218' title='bbox 81 3011 251 3090; x_wconf 78' lang='grc' dir='ltr'><em>διαπαντός</em></span> <span class='ocrx_word' id='word_1_219' title='bbox 267 3017 305 3089; x_wconf 83' lang='lat'>¹⁹,</span> <span class='ocrx_word' id='word_1_220' title='bbox 335 3014 486 3078; x_wconf 86' lang='lat' dir='ltr'>Cornelius</span> <span class='ocrx_word' id='word_1_221' title='bbox 513 3014 647 3093; x_wconf 91' lang='lat' dir='ltr'>nomine,</span> <span class='ocrx_word' id='word_1_222' title='bbox 676 3013 809 3074; x_wconf 90' lang='lat' dir='ltr'>centurio</span> <span class='ocrx_word' id='word_1_223' title='bbox 829 3011 959 3074; x_wconf 84' lang='lat' dir='ltr'>cohortis</span> <span class='ocrx_word' id='word_1_224' title='bbox 983 3029 1058 3093; x_wconf 82' lang='lat' dir='ltr'>quae</span> <span class='ocrx_word' id='word_1_225' title='bbox 1080 3010 1176 3074; x_wconf 88' lang='lat' dir='ltr'>italica</span> <span class='ocrx_word' id='word_1_226' title='bbox 1190 3013 1218 3044; x_wconf 82' lang='lat'>²⁰</span> <span class='ocrx_word' id='word_1_227' title='bbox 1243 3009 1362 3088; x_wconf 90' lang='lat' dir='ltr'>dicitur,</span> <span class='ocrx_word' id='word_1_228' title='bbox 1393 3008 1458 3088; x_wconf 91' lang='lat' dir='ltr'>pius</span> 
     </span>
     <span class='ocr_line' id='line_1_24' title="bbox 81 3117 1458 3208; baseline -0.005 -22"><span class='ocrx_word' id='word_1_229' title='bbox 81 3128 178 3208; x_wconf 87' lang='lat' dir='ltr'>etqui</span> <span class='ocrx_word' id='word_1_230' title='bbox 201 3143 268 3186; x_wconf 91' lang='lat' dir='ltr'>cum</span> <span class='ocrx_word' id='word_1_231' title='bbox 288 3125 424 3187; x_wconf 89' lang='lat' dir='ltr'>universa</span> <span class='ocrx_word' id='word_1_232' title='bbox 451 3121 558 3185; x_wconf 85' lang='lat' dir='ltr'>familia</span> <span class='ocrx_word' id='word_1_233' title='bbox 582 3139 635 3184; x_wconf 87' lang='lat' dir='ltr'>sua</span> <span class='ocrx_word' id='word_1_234' title='bbox 655 3119 749 3183; x_wconf 86' lang='lat' dir='ltr'>Deum</span> <span class='ocrx_word' id='word_1_235' title='bbox 777 3120 953 3201; x_wconf 85' lang='lat' dir='ltr'>verebatur,</span> <span class='ocrx_word' id='word_1_236' title='bbox 983 3121 1148 3202; x_wconf 85' lang='lat' dir='ltr'>multasque</span> <span class='ocrx_word' id='word_1_237' title='bbox 1169 3122 1199 3184; x_wconf 93' lang='lat' dir='ltr'>in</span> <span class='ocrx_word' id='word_1_238' title='bbox 1217 3118 1355 3201; x_wconf 89' lang='lat' dir='ltr'>populum</span> <span class='ocrx_word' id='word_1_239' title='bbox 1377 3117 1458 3180; x_wconf 88' lang='lat' dir='ltr'>elee-</span> 
     </span>
     <span class='ocr_line' id='line_1_25' title="bbox 82 3229 1037 3318; baseline -0.003 -22"><span class='ocrx_word' id='word_1_240' title='bbox 82 3251 218 3318; x_wconf 73' lang='lat' dir='ltr'>mosynas</span> <span class='ocrx_word' id='word_1_241' title='bbox 240 3232 425 3314; x_wconf 82' lang='lat' dir='ltr'>conserebat,</span> <span class='ocrx_word' id='word_1_242' title='bbox 447 3250 483 3295; x_wconf 88' lang='lat' dir='ltr'>ac</span> <span class='ocrx_word' id='word_1_243' title='bbox 504 3233 533 3294; x_wconf 90' lang='lat' dir='ltr'>in</span> <span class='ocrx_word' id='word_1_244' title='bbox 554 3229 618 3293; x_wconf 89' lang='lat' dir='ltr'>Deo</span> <span class='ocrx_word' id='word_1_245' title='bbox 639 3229 790 3294; x_wconf 84' lang='lat' dir='ltr'>exorando</span> <span class='ocrx_word' id='word_1_246' title='bbox 812 3238 876 3294; x_wconf 90' lang='lat' dir='ltr'>erat</span> <span class='ocrx_word' id='word_1_247' title='bbox 895 3231 1037 3294; x_wconf 89' lang='lat' dir='ltr'>assiduus.</span> 
     </span>
    </p>
   </div>
   <div class='ocr_carea' id='block_1_8' title="bbox 82 3354 1459 3552">
    <p class='ocr_par' dir='ltr' id='par_1_8' title="bbox 82 3354 1459 3552">
     <span class='ocr_line' id='line_1_26' title="bbox 185 3354 1459 3441; baseline -0.005 -16"><span class='ocrx_word' id='word_1_248' title='bbox 185 3361 260 3425; x_wconf 86' lang='lat' dir='ltr'>Huic</span> <span class='ocrx_word' id='word_1_249' title='bbox 286 3360 350 3422; x_wconf 89' lang='lat' dir='ltr'>viro</span> <span class='ocrx_word' id='word_1_250' title='bbox 376 3365 418 3421; x_wconf 91' lang='lat' dir='ltr'>tot</span> <span class='ocrx_word' id='word_1_251' title='bbox 443 3357 560 3421; x_wconf 89' lang='lat' dir='ltr'>laudum</span> <span class='ocrx_word' id='word_1_252' title='bbox 588 3358 730 3421; x_wconf 86' lang='lat' dir='ltr'>encomiis</span> <span class='ocrx_word' id='word_1_253' title='bbox 757 3362 898 3420; x_wconf 85' lang='lat' dir='ltr'>exornato</span> <span class='ocrx_word' id='word_1_254' title='bbox 911 3359 938 3390; x_wconf 77' lang='lat'>²¹</span> <span class='ocrx_word' id='word_1_255' title='bbox 968 3361 1003 3420; x_wconf 81' lang='lat' dir='ltr'>dv</span> <span class='ocrx_word' id='word_1_256' title='bbox 1024 3354 1159 3439; x_wconf 72' lang='lat' dir='ltr'>donipetra</span> <span class='ocrx_word' id='word_1_257' title='bbox 1185 3357 1334 3441; x_wconf 76' lang='grc' dir='ltr'><strong><em>φανερῶς</em></strong></span> <span class='ocrx_word' id='word_1_258' title='bbox 1348 3359 1377 3389; x_wconf 73' lang='lat'>²²</span> <span class='ocrx_word' id='word_1_259' title='bbox 1405 3374 1459 3437; x_wconf 86' lang='lat' dir='ltr'>per</span> 
     </span>
     <span class='ocr_line' id='line_1_27' title="bbox 82 3464 1458 3552; baseline -0.004 -20"><span class='ocrx_word' id='word_1_260' title='bbox 82 3470 224 3535; x_wconf 86' lang='lat' dir='ltr'>visionem</span> <span class='ocrx_word' id='word_1_261' title='bbox 249 3487 336 3552; x_wconf 88' lang='lat' dir='ltr'>quum</span> <span class='ocrx_word' id='word_1_262' title='bbox 356 3468 508 3551; x_wconf 81' lang='lat' dir='ltr'>vigilaret,</span> <span class='ocrx_word' id='word_1_263' title='bbox 530 3469 661 3551; x_wconf 86' lang='lat' dir='ltr'>apparuit</span> <span class='ocrx_word' id='word_1_264' title='bbox 682 3466 805 3550; x_wconf 81' lang='lat' dir='ltr'>angelus</span> <span class='ocrx_word' id='word_1_265' title='bbox 826 3464 960 3545; x_wconf 86' lang='lat' dir='ltr'>Domini,</span> <span class='ocrx_word' id='word_1_266' title='bbox 982 3468 1069 3548; x_wconf 87' lang='lat' dir='ltr'>eique</span> <span class='ocrx_word' id='word_1_267' title='bbox 1089 3484 1177 3548; x_wconf 89' lang='lat' dir='ltr'>quum</span> <span class='ocrx_word' id='word_1_268' title='bbox 1198 3465 1254 3530; x_wconf 90' lang='lat' dir='ltr'>alia</span> <span class='ocrx_word' id='word_1_269' title='bbox 1274 3465 1458 3547; x_wconf 81' lang='lat' dir='ltr'>significavit,</span> 
     </span>
    </p>
   </div>
   <div class='ocr_carea' id='block_1_9' title="bbox 1 3698 1460 4090">
    <p class='ocr_par' dir='ltr' id='par_1_9' title="bbox 1 3698 1460 4090">
     <span class='ocr_line' id='line_1_28' title="bbox 146 3698 1456 3776; baseline 0 -21"><span class='ocrx_word' id='word_1_270' title='bbox 146 3700 190 3774; x_wconf 87' lang='lat'>¹¹)</span> <span class='ocrx_word' id='word_1_271' title='bbox 211 3700 272 3756; x_wconf 86' lang='lat' dir='ltr'>Job.</span> <span class='ocrx_word' id='word_1_272' title='bbox 294 3701 340 3758; x_wconf 82' lang='lat' dir='ltr'>lv.</span> <span class='ocrx_word' id='word_1_273' title='bbox 360 3701 500 3759; x_wconf 76' lang='lat'><strong>25-27.</strong></span> <span class='ocrx_word' id='word_1_274' title='bbox 858 3698 900 3774; x_wconf 74' lang='lat'>⁰)</span> <span class='ocrx_word' id='word_1_275' title='bbox 921 3699 1046 3776; x_wconf 75' lang='lat' dir='ltr'>Assiduae,</span> <span class='ocrx_word' id='word_1_276' title='bbox 1067 3702 1196 3774; x_wconf 79' lang='lat' dir='ltr'>statisque</span> <span class='ocrx_word' id='word_1_277' title='bbox 1211 3700 1304 3759; x_wconf 86' lang='lat' dir='ltr'>diebus</span> <span class='ocrx_word' id='word_1_278' title='bbox 1321 3716 1353 3757; x_wconf 86' lang='lat' dir='ltr'>ao</span> <span class='ocrx_word' id='word_1_279' title='bbox 1371 3700 1456 3773; x_wconf 89' lang='lat' dir='ltr'>boris,</span> 
     </span>
     <span class='ocr_line' id='line_1_29' title="bbox 147 3804 1460 3886; baseline 0.002 -27"><span class='ocrx_word' id='word_1_280' title='bbox 147 3804 192 3879; x_wconf 79' lang='lat'>¹²)</span> <span class='ocrx_word' id='word_1_281' title='bbox 212 3804 321 3861; x_wconf 83' lang='lat' dir='ltr'>lllalacb.</span> <span class='ocrx_word' id='word_1_282' title='bbox 343 3805 363 3862; x_wconf 91' lang='lat'>1.</span> <span class='ocrx_word' id='word_1_283' title='bbox 387 3805 432 3863; x_wconf 90' lang='lat' dir='ltr'>ll.</span> <span class='ocrx_word' id='word_1_284' title='bbox 794 3812 823 3862; x_wconf 90' lang='lat' dir='ltr'>ut</span> <span class='ocrx_word' id='word_1_285' title='bbox 850 3804 1003 3861; x_wconf 87' lang='lat' dir='ltr'>bebraionm</span> <span class='ocrx_word' id='word_1_286' title='bbox 1037 3813 1120 3886; x_wconf 55' lang='lat' dir='ltr'>“tityri</span> <span class='ocrx_word' id='word_1_287' title='bbox 1152 3807 1193 3863; x_wconf 87' lang='lat' dir='ltr'>Ps.</span> <span class='ocrx_word' id='word_1_288' title='bbox 1221 3807 1341 3865; x_wconf 82' lang='lat' dir='ltr'><strong>XXXIV.</strong></span> <span class='ocrx_word' id='word_1_289' title='bbox 1369 3805 1404 3879; x_wconf 80' lang='lat'>2,</span> <span class='ocrx_word' id='word_1_290' title='bbox 1432 3811 1460 3861; x_wconf 91' lang='lat' dir='ltr'>et</span> 
     </span>
     <span class='ocr_line' id='line_1_30' title="bbox 145 3877 1111 3997; baseline 0.001 -30"><span class='ocrx_word' id='word_1_291' title='bbox 145 3910 189 3985; x_wconf 78' lang='lat'>¹²)</span> <span class='ocrx_word' id='word_1_292' title='bbox 210 3910 274 3967; x_wconf 75' lang='lat' dir='ltr'>oea.</span> <span class='ocrx_word' id='word_1_293' title='bbox 295 3911 351 3968; x_wconf 80' lang='lat' dir='ltr'>xri.</span> <span class='ocrx_word' id='word_1_294' title='bbox 373 3912 401 3986; x_wconf 82' lang='lat' dir='ltr'>s,</span> <span class='ocrx_word' id='word_1_295' title='bbox 421 3912 516 3969; x_wconf 86' lang='lat' dir='ltr'>xvur.</span> <span class='ocrx_word' id='word_1_296' title='bbox 533 3911 579 3986; x_wconf 77' lang='lat' dir='ltr'>la,</span> <span class='ocrx_word' id='word_1_297' title='bbox 600 3911 682 3968; x_wconf 84' lang='lat' dir='ltr'>xxo.</span> <span class='ocrx_word' id='word_1_298' title='bbox 697 3909 744 3985; x_wconf 82' lang='lat' dir='ltr'>ra,</span> <span class='ocrx_word' id='word_1_299' title='bbox 794 3941 856 3997; x_wconf 50' lang='lat' dir='ltr'>Lu,</span> <span class='ocrx_word' id='word_1_300' title='bbox 876 3940 971 3997; x_wconf 60' lang='lat' dir='ltr'>xm</span> <span class='ocrx_word' id='word_1_301' title='bbox 1100 3877 1111 3898; x_wconf 72' lang='lat'>&#39;</span> 
     </span>
     <span class='ocr_line' id='line_1_31' title="bbox 1 4009 535 4090; baseline 0.011 -23"><span class='ocrx_word' id='word_1_302' title='bbox 1 4017 2 4048; x_wconf 70' lang='lat' dir='ltr'>t</span> <span class='ocrx_word' id='word_1_303' title='bbox 87 4009 178 4072; x_wconf 82' lang='lat' dir='ltr'><strong>XXVI.</strong></span> <span class='ocrx_word' id='word_1_304' title='bbox 201 4016 375 4090; x_wconf 80' lang='lat' dir='ltr'>4,xxv111.</span> <span class='ocrx_word' id='word_1_305' title='bbox 399 4016 535 4077; x_wconf 82' lang='grc'><strong>14.....’</strong></span> 
     </span>
    </p>
   </div>
   <div class='ocr_carea' id='block_1_10' title="bbox 90 4121 1462 4547">
    <p class='ocr_par' dir='ltr' id='par_1_10' title="bbox 90 4121 1462 4547">
     <span class='ocr_line' id='line_1_32' title="bbox 147 4121 1459 4229; baseline 0.021 -46"><span class='ocrx_word' id='word_1_306' title='bbox 147 4121 191 4196; x_wconf 91' lang='lat'>¹⁴)</span> <span class='ocrx_word' id='word_1_307' title='bbox 213 4121 277 4178; x_wconf 71' lang='lat' dir='ltr'><strong>Gen·</strong></span> <span class='ocrx_word' id='word_1_308' title='bbox 297 4121 389 4179; x_wconf 74' lang='lat' dir='ltr'>XUX·</span> <span class='ocrx_word' id='word_1_309' title='bbox 412 4121 458 4179; x_wconf 77' lang='lat'>¹⁰·</span> <span class='ocrx_word' id='word_1_310' title='bbox 857 4152 902 4227; x_wconf 72' lang='grc' dir='ltr'>Η)</span> <span class='ocrx_word' id='word_1_311' title='bbox 924 4151 1028 4209; x_wconf 71' lang='lat' dir='ltr'>Eximit</span> <span class='ocrx_word' id='word_1_312' title='bbox 1041 4151 1091 4211; x_wconf 79' lang='lat' dir='ltr'>Ilei</span> <span class='ocrx_word' id='word_1_313' title='bbox 1106 4153 1133 4208; x_wconf 87' lang='lat' dir='ltr'>in</span> <span class='ocrx_word' id='word_1_314' title='bbox 1145 4151 1249 4209; x_wconf 84' lang='lat' dir='ltr'>ltaliam</span> <span class='ocrx_word' id='word_1_315' title='bbox 1263 4152 1459 4229; x_wconf 88' lang='lat' dir='ltr'>benevolentia,</span> 
     </span>
     <span class='ocr_line' id='line_1_33' title="bbox 150 4227 1460 4334; baseline 0.015 -39"><span class='ocrx_word' id='word_1_316' title='bbox 150 4228 192 4303; x_wconf 78' lang='lat'>¹³)</span> <span class='ocrx_word' id='word_1_317' title='bbox 214 4227 275 4285; x_wconf 68' lang='grc' dir='ltr'>Ᾰθῑ·</span> <span class='ocrx_word' id='word_1_318' title='bbox 296 4229 329 4285; x_wconf 76' lang='grc' dir='ltr'>Χ·</span> <span class='ocrx_word' id='word_1_319' title='bbox 353 4228 378 4286; x_wconf 77' lang='lat'>¹·</span> <span class='ocrx_word' id='word_1_320' title='bbox 795 4273 811 4312; x_wconf 92' lang='lat' dir='ltr'>e</span> <span class='ocrx_word' id='word_1_321' title='bbox 832 4274 882 4330; x_wconf 88' lang='lat' dir='ltr'>qua</span> <span class='ocrx_word' id='word_1_322' title='bbox 903 4259 1020 4328; x_wconf 74' lang='lat' dir='ltr'>gentium</span> <span class='ocrx_word' id='word_1_323' title='bbox 1040 4258 1172 4331; x_wconf 86' lang='lat' dir='ltr'>primitias</span> <span class='ocrx_word' id='word_1_324' title='bbox 1193 4259 1309 4334; x_wconf 75' lang='lat' dir='ltr'>delegit,</span> <span class='ocrx_word' id='word_1_325' title='bbox 1337 4276 1352 4314; x_wconf 84' lang='lat' dir='ltr'>a</span> <span class='ocrx_word' id='word_1_326' title='bbox 1381 4260 1460 4315; x_wconf 88' lang='lat' dir='ltr'>nobis</span> 
     </span>
     <span class='ocr_line' id='line_1_34' title="bbox 147 4332 1462 4439; baseline 0.008 -27"><span class='ocrx_word' id='word_1_327' title='bbox 147 4342 190 4418; x_wconf 78' lang='lat'>¹⁸)</span> <span class='ocrx_word' id='word_1_328' title='bbox 215 4343 393 4417; x_wconf 65' lang='lat' dir='ltr'>ffl⁰⁵⁸⁸fi¹¹¹¹¹a</span> <span class='ocrx_word' id='word_1_329' title='bbox 419 4340 535 4417; x_wconf 57' lang='lat' dir='ltr'>‘mia&#39;</span> <span class='ocrx_word' id='word_1_330' title='bbox 561 4332 638 4410; x_wconf 58' lang='grc' dir='ltr'><em>τάξις</em></span> <span class='ocrx_word' id='word_1_331' title='bbox 662 4356 746 4419; x_wconf 62' lang='lat' dir='ltr'>⁰¹0ss-</span> <span class='ocrx_word' id='word_1_332' title='bbox 795 4364 839 4434; x_wconf 84' lang='lat' dir='ltr'>qni</span> <span class='ocrx_word' id='word_1_333' title='bbox 861 4363 916 4419; x_wconf 89' lang='lat' dir='ltr'>itali</span> <span class='ocrx_word' id='word_1_334' title='bbox 936 4379 1042 4439; x_wconf 86' lang='lat' dir='ltr'>sumus,</span> <span class='ocrx_word' id='word_1_335' title='bbox 1068 4364 1200 4438; x_wconf 89' lang='lat' dir='ltr'>postulat,</span> <span class='ocrx_word' id='word_1_336' title='bbox 1228 4381 1261 4421; x_wconf 88' lang='lat' dir='ltr'>ne</span> <span class='ocrx_word' id='word_1_337' title='bbox 1287 4366 1406 4422; x_wconf 85' lang='lat' dir='ltr'>sinamus</span> <span class='ocrx_word' id='word_1_338' title='bbox 1433 4372 1462 4423; x_wconf 91' lang='lat' dir='ltr'>ut</span> 
     </span>
     <span class='ocr_line' id='line_1_35' title="bbox 90 4439 1462 4547; baseline 0.006 -26"><span class='ocrx_word' id='word_1_339' title='bbox 90 4441 203 4522; x_wconf 61' lang='lat' dir='ltr'>&#39;‘mlii&#39;-</span> <span class='ocrx_word' id='word_1_340' title='bbox 243 4450 406 4524; x_wconf 62' lang='lat' dir='ltr'>Hffllsshlffi,</span> <span class='ocrx_word' id='word_1_341' title='bbox 432 4448 462 4506; x_wconf 58' lang='grc' dir='ltr'>ἐκ</span> <span class='ocrx_word' id='word_1_342' title='bbox 482 4447 611 4525; x_wconf 56' lang='lat' dir='ltr'>‘milvii‘</span> <span class='ocrx_word' id='word_1_343' title='bbox 632 4447 662 4504; x_wconf 52' lang='grc' dir='ltr'>ἐκ</span> <span class='ocrx_word' id='word_1_344' title='bbox 681 4439 746 4523; x_wconf 59' lang='lat' dir='ltr'>&#39;di’</span> <span class='ocrx_word' id='word_1_345' title='bbox 795 4459 883 4547; x_wconf 77' lang='grc' dir='ltr'><strong><em>φόβος</em></strong></span> <span class='ocrx_word' id='word_1_346' title='bbox 902 4467 948 4525; x_wconf 80' lang='grc' dir='ltr'>καὶ</span> <span class='ocrx_word' id='word_1_347' title='bbox 969 4459 1103 4546; x_wconf 73' lang='grc' dir='ltr'><strong><em>εὐσέβεια,</em></strong></span> <span class='ocrx_word' id='word_1_348' title='bbox 1124 4487 1192 4544; x_wconf 87' lang='lat' dir='ltr'>quae</span> <span class='ocrx_word' id='word_1_349' title='bbox 1213 4474 1238 4527; x_wconf 89' lang='lat' dir='ltr'>iu</span> <span class='ocrx_word' id='word_1_350' title='bbox 1259 4470 1384 4528; x_wconf 85' lang='lat' dir='ltr'>Cornelio</span> <span class='ocrx_word' id='word_1_351' title='bbox 1404 4476 1462 4529; x_wconf 86' lang='lat' dir='ltr'>tau·</span> 
     </span>
    </p>
   </div>
   <div class='ocr_carea' id='block_1_11' title="bbox 91 4554 1463 4755">
    <p class='ocr_par' dir='ltr' id='par_1_11' title="bbox 91 4554 1463 4755">
     <span class='ocr_line' id='line_1_36' title="bbox 91 4554 1463 4650; baseline 0.011 -30"><span class='ocrx_word' id='word_1_352' title='bbox 91 4567 187 4623; x_wconf 63' lang='lat' dir='ltr'>limi,</span> <span class='ocrx_word' id='word_1_353' title='bbox 208 4554 239 4611; x_wconf 54' lang='grc' dir='ltr'>ἐκ</span> <span class='ocrx_word' id='word_1_354' title='bbox 258 4554 399 4630; x_wconf 50' lang='grc' dir='ltr'>θθυμὲθθυ·</span> <span class='ocrx_word' id='word_1_355' title='bbox 796 4581 890 4648; x_wconf 83' lang='lat' dir='ltr'>tepere</span> <span class='ocrx_word' id='word_1_356' title='bbox 910 4575 1062 4650; x_wconf 73' lang='lat' dir='ltr'>efferuntur,</span> <span class='ocrx_word' id='word_1_357' title='bbox 1082 4577 1151 4650; x_wconf 88' lang='lat' dir='ltr'>apud</span> <span class='ocrx_word' id='word_1_358' title='bbox 1171 4592 1222 4633; x_wconf 86' lang='lat' dir='ltr'>nos</span> <span class='ocrx_word' id='word_1_359' title='bbox 1242 4574 1384 4649; x_wconf 84' lang='lat' dir='ltr'>aliquando</span> <span class='ocrx_word' id='word_1_360' title='bbox 1404 4578 1463 4635; x_wconf 87' lang='lat' dir='ltr'>lan-</span> 
     </span>
     <span class='ocr_line' id='line_1_37' title="bbox 149 4659 931 4755; baseline 0.003 -39"><span class='ocrx_word' id='word_1_361' title='bbox 149 4661 191 4736; x_wconf 78' lang='lat'>¹⁷)</span> <span class='ocrx_word' id='word_1_362' title='bbox 211 4661 278 4717; x_wconf 81' lang='lat' dir='ltr'>Sunt</span> <span class='ocrx_word' id='word_1_363' title='bbox 296 4661 362 4717; x_wconf 84' lang='lat' dir='ltr'>baec</span> <span class='ocrx_word' id='word_1_364' title='bbox 376 4660 499 4735; x_wconf 84' lang='lat' dir='ltr'>apposita</span> <span class='ocrx_word' id='word_1_365' title='bbox 520 4660 629 4749; x_wconf 85' lang='lat' dir='ltr'>quaein</span> <span class='ocrx_word' id='word_1_366' title='bbox 647 4659 747 4718; x_wconf 87' lang='lat' dir='ltr'>divinis</span> <span class='ocrx_word' id='word_1_367' title='bbox 797 4688 931 4755; x_wconf 52' lang='lat' dir='ltr'>qamt„</span> 
     </span>
    </p>
   </div>
   <div class='ocr_carea' id='block_1_12' title="bbox 92 4758 1463 5181">
    <p class='ocr_par' dir='ltr' id='par_1_12' title="bbox 92 4758 1092 4862">
     <span class='ocr_line' id='line_1_38' title="bbox 92 4758 1092 4862; baseline -0.002 -44"><span class='ocrx_word' id='word_1_368' title='bbox 92 4758 182 4822; x_wconf 66' lang='lat' dir='ltr'>Hiberis</span> <span class='ocrx_word' id='word_1_369' title='bbox 203 4767 297 4822; x_wconf 80' lang='lat' dir='ltr'>ttl&#39;ebl&#39;o</span> <span class='ocrx_word' id='word_1_370' title='bbox 318 4767 520 4838; x_wconf 64' lang='lat' dir='ltr'>coniunguntur·</span> <span class='ocrx_word' id='word_1_371' title='bbox 861 4787 906 4862; x_wconf 79' lang='lat' dir='ltr'>an)</span> <span class='ocrx_word' id='word_1_372' title='bbox 926 4788 988 4844; x_wconf 41' lang='lat' dir='ltr'>Aa.</span> <span class='ocrx_word' id='word_1_373' title='bbox 1009 4786 1042 4842; x_wconf 43' lang='lat' dir='ltr'>x·</span> <span class='ocrx_word' id='word_1_374' title='bbox 1064 4786 1092 4843; x_wconf 49' lang='lat'>3·</span> 
     </span>
    </p>

    <p class='ocr_par' dir='ltr' id='par_1_13' title="bbox 93 4888 1463 5181">
     <span class='ocr_line' id='line_1_39' title="bbox 151 4888 1463 4967; baseline 0.002 -21"><span class='ocrx_word' id='word_1_375' title='bbox 151 4888 194 4963; x_wconf 79' lang='lat'>¹⁸)</span> <span class='ocrx_word' id='word_1_376' title='bbox 212 4890 287 4947; x_wconf 87' lang='lat' dir='ltr'>Unda</span> <span class='ocrx_word' id='word_1_377' title='bbox 300 4908 326 4947; x_wconf 90' lang='lat' dir='ltr'>v.</span> <span class='ocrx_word' id='word_1_378' title='bbox 341 4889 389 4947; x_wconf 78' lang='lat'>22.</span> <span class='ocrx_word' id='word_1_379' title='bbox 411 4889 548 4947; x_wconf 86' lang='lat' dir='ltr'>Comellas</span> <span class='ocrx_word' id='word_1_380' title='bbox 561 4888 658 4947; x_wconf 78' lang='lat' dir='ltr'>dicitur</span> <span class='ocrx_word' id='word_1_381' title='bbox 676 4905 748 4965; x_wconf 77' lang='lat' dir='ltr'>pep-</span> <span class='ocrx_word' id='word_1_382' title='bbox 859 4892 903 4967; x_wconf 65' lang='grc' dir='ltr'>Μ)</span> <span class='ocrx_word' id='word_1_383' title='bbox 925 4892 1002 4959; x_wconf 84' lang='lat' dir='ltr'>Quod</span> <span class='ocrx_word' id='word_1_384' title='bbox 1024 4890 1180 4947; x_wconf 85' lang='lat' dir='ltr'>adverbium</span> <span class='ocrx_word' id='word_1_385' title='bbox 1199 4891 1316 4948; x_wconf 84' lang='lat' dir='ltr'>additum</span> <span class='ocrx_word' id='word_1_386' title='bbox 1336 4897 1413 4967; x_wconf 89' lang='lat' dir='ltr'>poto,</span> <span class='ocrx_word' id='word_1_387' title='bbox 1434 4896 1463 4948; x_wconf 90' lang='lat' dir='ltr'>ut</span> 
     </span>
     <span class='ocr_line' id='line_1_40' title="bbox 93 4984 1461 5068; baseline 0 -18"><span class='ocrx_word' id='word_1_388' title='bbox 93 4984 248 5068; x_wconf 74' lang='lat' dir='ltr'>wpodpeao&#39;c</span> <span class='ocrx_word' id='word_1_389' title='bbox 274 5014 303 5053; x_wconf 80' lang='lat' dir='ltr'>sa</span> <span class='ocrx_word' id='word_1_390' title='bbox 329 4984 385 5052; x_wconf 67' lang='lat' dir='ltr'>rinc*</span> <span class='ocrx_word' id='word_1_391' title='bbox 410 4987 477 5053; x_wconf 82' lang='grc' dir='ltr'><strong><em>ὅλου</em></strong></span> <span class='ocrx_word' id='word_1_392' title='bbox 495 4989 546 5053; x_wconf 76' lang='grc' dir='ltr'>τοῦ</span> <span class='ocrx_word' id='word_1_393' title='bbox 570 4989 671 5060; x_wconf 66' lang='grc' dir='ltr'><strong><em>ἔθνους</em></strong></span> <span class='ocrx_word' id='word_1_394' title='bbox 693 4988 750 5051; x_wconf 65' lang='grc' dir='ltr'>τῶν</span> <span class='ocrx_word' id='word_1_395' title='bbox 797 4996 912 5053; x_wconf 84' lang='lat' dir='ltr'>interdiu</span> <span class='ocrx_word' id='word_1_396' title='bbox 927 5013 959 5052; x_wconf 82' lang='lat' dir='ltr'>ac</span> <span class='ocrx_word' id='word_1_397' title='bbox 972 4996 1095 5067; x_wconf 71' lang='lat' dir='ltr'>vigilanti</span> <span class='ocrx_word' id='word_1_398' title='bbox 1114 4986 1211 5067; x_wconf 78' lang='grc' dir='ltr'><strong><em>ὅραμα</em></strong></span> <span class='ocrx_word' id='word_1_399' title='bbox 1230 4994 1362 5048; x_wconf 83' lang='lat' dir='ltr'>accidisse</span> <span class='ocrx_word' id='word_1_400' title='bbox 1375 4996 1461 5065; x_wconf 68' lang='lat' dir='ltr'>signi·</span> 
     </span>
     <span class='ocr_line' id='line_1_41' title="bbox 95 5089 927 5181; baseline 0.002 -25"><span class='ocrx_word' id='word_1_401' title='bbox 95 5089 222 5162; x_wconf 68' lang='lat' dir='ltr'>buno.</span> <span class='ocrx_word' id='word_1_402' title='bbox 261 5103 392 5177; x_wconf 73' lang='lat' dir='ltr'>volgatus</span> <span class='ocrx_word' id='word_1_403' title='bbox 404 5118 455 5179; x_wconf 92' lang='lat' dir='ltr'>pro</span> <span class='ocrx_word' id='word_1_404' title='bbox 468 5096 530 5181; x_wconf 64' lang='lat' dir='ltr'>laq?</span> <span class='ocrx_word' id='word_1_405' title='bbox 543 5100 624 5159; x_wconf 81' lang='lat' dir='ltr'>babet</span> <span class='ocrx_word' id='word_1_406' title='bbox 632 5098 748 5176; x_wconf 72' lang='lat' dir='ltr'>plotae</span> <span class='ocrx_word' id='word_1_407' title='bbox 798 5102 927 5159; x_wconf 82' lang='lat' dir='ltr'>licaretur.</span> 
     </span>
    </p>
   </div>
   <div class='ocr_carea' id='block_1_13' title="bbox 794 3931 1460 4122">
    <p class='ocr_par' dir='ltr' id='par_1_14' title="bbox 794 3931 1460 4122">
     <span class='ocr_line' id='line_1_42' title="bbox 998 3931 1460 4018; baseline 0 -20"><span class='ocrx_word' id='word_1_408' title='bbox 998 3942 1051 3998; x_wconf 81' lang='lat'>53:</span> <span class='ocrx_word' id='word_1_409' title='bbox 1086 3940 1146 4000; x_wconf 79' lang='grc' dir='ltr'>Καὶ</span> <span class='ocrx_word' id='word_1_410' title='bbox 1169 3931 1242 4018; x_wconf 76' lang='grc' dir='ltr'><strong><em>ἦσαν</em></strong></span> <span class='ocrx_word' id='word_1_411' title='bbox 1261 3935 1412 4008; x_wconf 68' lang='grc' dir='ltr'><strong><em>διαπαντός</em></strong></span> <span class='ocrx_word' id='word_1_412' title='bbox 1431 3940 1460 3998; x_wconf 72' lang='lat' dir='ltr'>is</span> 
     </span>
     <span class='ocr_line' id='line_1_43' title="bbox 794 4040 930 4122; baseline -0.007 -19"><span class='ocrx_word' id='word_1_413' title='bbox 794 4040 837 4119; x_wconf 75' lang='grc' dir='ltr'>τῷ</span> <span class='ocrx_word' id='word_1_414' title='bbox 856 4040 930 4122; x_wconf 71' lang='grc' dir='ltr'><strong><em>ἱερῷ.</em></strong></span> 
     </span>
    </p>
   </div>
   <div class='ocr_carea' id='block_1_14' title="bbox 0 0 1648 5400">
    <p class='ocr_par' dir='ltr' id='par_1_15' title="bbox 0 0 1648 5400">
     <span class='ocr_line' id='line_1_44' title="bbox 0 0 1648 5400; baseline 0 0"><span class='ocrx_word' id='word_1_415' title='bbox 0 0 1648 5400; x_wconf 95' lang='lat' dir='ltr'> </span> 
     </span>
    </p>
   </div>
  </div>
 </body>
</html>
