3266 5416
203 299 224 359 d
727 294 1057 363 Phonnuonffltun

210 457 230 547 ᾗ
264 463 321 528 τοῦ
359 460 442 525 θεοῦ
479 459 659 543 ἄνθρωπος
671 507 681 538 ,
727 460 806 543 πρὸς
839 466 904 529 πᾶν
940 467 1034 547 ἔργον
1067 463 1198 548 α’γαθόν
1228 462 1482 546 ἐξηρτισμένος,
1520 461 1589 526 utilis
1620 487 1621 490 ¹

210 576 298 638 etiam
321 576 348 607 ¹²
372 580 417 636 est
437 571 474 635 ad
499 571 670 652 doctrinam,
693 573 950 655 adprobationem
972 579 1152 658 argumentis
1175 578 1294 640 minime
1318 575 1419 638 dubiis
1436 572 1589 652 sulhdtam,
1620 633 1621 638 ,

213 683 250 747 ad
279 682 531 764 emendationem,
560 684 826 765 institutionemque
846 687 985 766 iustitiae,
1013 689 1199 768 omniumque
1225 688 1368 749 virtutum
1390 687 1437 765 ¹²,
1475 702 1542 747 eum
1568 683 1592 744 in
1620 719 1621 746 ι

210 793 298 858 finem
316 797 363 871 ²²,
393 800 425 854 ut
445 792 535 855 homo
555 792 628 874 Dei,
658 794 739 859 curius
766 796 908 877 egregiae
930 797 959 858 in
981 796 1135 878 Scripturis
1157 804 1317 858 occurrunt
1343 794 1540 877 periphruses
1556 795 1590 869 ²¹,
1620 805 1621 830 ἢ

214 904 252 968 sit
273 902 309 965 ab
331 904 367 966 iis
384 903 519 968 omnibus
534 903 702 985 plenissime
717 905 882 984 instructus,
902 906 1005 987 quibus
1019 905 1132 970 theoria
1146 924 1235 968 verae
1249 906 1412 988 religionis
1425 905 1593 981 continetur,

214 1013 350 1096 quinoque
379 1031 494 1094 curem,
525 1014 709 1095 studiumque
736 1015 860 1077 iustitiae
886 1016 1024 1079 inducunt
1048 1035 1083 1079 ac
1103 1023 1285 1097 promovent.

317 1129 346 1185 8.
379 1123 518 1187 lumvero
538 1141 636 1204 neque
656 1122 712 1185 hac
734 1122 837 1186 llorum
859 1124 1070 1205 pulchritudine
1086 1128 1238 1207 nitescent,
1261 1144 1365 1207 neque
1380 1124 1591 1188 hnelructuum
1619 1168 1620 1175 ,

173 1313 181 1326 ⁹
211 1234 353 1301 suavitate
382 1232 589 1315 theologorum
610 1235 796 1297 tractationes
823 1236 935 1319 animos
957 1236 1113 1315 delinient,
1135 1236 1190 1297 nisi
1212 1234 1315 1298 diurna
1339 1236 1450 1317 iidem,
1480 1240 1591 1296 noctur-
1619 1250 1620 1263 ι

211 1363 308 1425 naque
334 1362 422 1406 manu
449 1342 611 1425 Scripturas
637 1346 834 1426 versaverint,
860 1364 895 1406 eo
922 1364 961 1407 ex
981 1346 1032 1426 iis,
1062 1352 1198 1427 tanquam
1220 1366 1237 1410 e
1259 1346 1351 1409 divite
1374 1365 1474 1426 vena,
1503 1343 1591 1425 plenis

212 1454 362 1519 haustibus
389 1453 618 1534 desumpserint,
648 1472 724 1535 quae
756 1456 902 1518 communi
929 1454 1035 1518 deinde
1055 1457 1175 1519 utilitate
1197 1455 1380 1538 dispensent.
1429 1456 1592 1535 sculpturae

214 1582 288 1647 ergo
310 1571 389 1643 sunt,
420 1562 562 1644 equibus
583 1563 715 1646 theologi
745 1572 878 1647 repetant
903 1582 1030 1627 necesse
1059 1572 1104 1627 est
1121 1568 1149 1599 ²²
1173 1566 1268 1648 loyen
1288 1563 1379 1648 ὑγιῆ,
1413 1560 1593 1643 οἱκατοέγνον

214 1694 289 1740 στου
310 1674 431 1737 verbum
453 1691 566 1755 sanum,
590 1673 861 1756 irreprehensibile,
884 1682 914 1737 et
935 1674 1071 1755 equibus
1087 1676 1154 1755 vim,
1177 1675 1408 1757 facultatemque
1418 1679 1591 1747 mutuentur,

212 1805 269 1870 qua
294 1785 410 1849 valeant
426 1785 454 1818 ²³
484 1784 681 1866 παρακαλεῖν
709 1788 744 1847 ἐν
768 1787 805 1869 τῇ
831 1782 1019 1867 διδασκαλία
1042 1787 1079 1868 τῇ
1099 1783 1280 1869 ὑγιαινούσῃ
1305 1787 1362 1849 καὶ
1384 1784 1464 1859 τούς
1483 1780 1591 1847 dude

213 1915 329 1978 γονιας
358 1894 499 1976 ἐλέγχειν
524 1893 672 1958 adhortari
699 1894 730 1961 in
758 1894 889 1957 doctrina
911 1914 997 1977 sune,
1024 1914 1060 1958 ac
1082 1908 1134 1959 eos
1157 1897 1205 1977 qni
1226 1894 1413 1976 obnituntur,
1442 1889 1591 1976 arguendo

214 2024 400 2071 convincere.

279 2195 322 2275 ¹⁸)
347 2196 422 2253 hicet
440 2195 568 2269 particula
587 2193 634 2251 καὶ
654 2196 723 2253 desit
743 2197 811 2269 apud
829 2197 877 2253 uli·
991 2195 1035 2272 ¹⁹)
1065 2198 1140 2255 Sicut
1168 2199 1272 2272 verbis,
1303 2189 1377 2274 πρός
1403 2190 1588 2256 cometae

215 2322 283 2382 quos
314 2312 420 2362 veteres
450 2304 625 2377 interpretes,
656 2309 797 2376 patresque
823 2318 875 2358 non
924 2297 996 2381 πρός
1020 2297 1142 2381 alienos,
1171 2321 1234 2379 pers
1258 2305 1400 2375 religionis
1426 2281 1589 2375 θοωρηνᾰόι·

219 2415 326 2471 omnino
359 2425 475 2485 paucos:
508 2416 536 2465 et
565 2410 642 2479 licet,
657 2411 773 2483 expungi
804 2409 876 2464 illurn
925 2414 962 2467 ita
983 2411 1088 2485 verbis,
1114 2402 1185 2488 πρός
1208 2402 1417 2487 ἐπανόρθωσιν,
1438 2398 1513 2483 πρός
1531 2418 1588 2459 ποι-

216 2526 341 2595 oportere
372 2517 466 2574 llillius
494 2517 642 2593 putaverit,
676 2518 760 2572 critici
789 2523 878 2572 tamen
900 2587 902 2592 Ι
926 2516 1001 2575 teter
1031 2509 1081 2591 νόν
1110 2518 1139 2574 ἐν
1169 2508 1339 2594 δικαιοσύνῃ,
1376 2532 1444 2590 pars
1477 2510 1589 2570 eiusdem

214 2628 333 2703 plerique
359 2638 451 2681 omnes
477 2624 516 2680 illi
535 2623 728 2697 suffragantur,
755 2623 878 2694 illamque
926 2616 1063 2701 πρακτικὴ
1083 2624 1170 2681 efferri
1190 2623 1302 2680 videtur.

214 2736 253 2791 nti
273 2734 418 2806 sinceram,
439 2748 643 2803 germanamque
663 2735 775 2785 tuentur.
815 2728 877 2784 Vim

217 2848 304 2898 autem
353 2839 438 2896 induit
482 2844 693 2912 potestatemque
738 2835 876 2892 inferendi.

217 2949 379 3022 Quemquam
420 2947 489 3001 euim
527 2952 663 3017 utrumque
702 2943 876 3015 adiectivnm,

217 3047 402 3119 θεόπνευστος
427 3061 455 3109 et
478 3042 628 3129 ὠφέλιμος,
656 3053 806 3125 appositum
833 3053 877 3125 sit,
988 3051 1033 3128 ²¹)
1065 3049 1220 3107 Cuiusmodi
1241 3051 1309 3105 istae
1329 3055 1405 3122 sunt,
1427 3046 1525 3121 quibus
1544 3043 1588 3098 ho·

217 3170 244 3219 et
274 3163 308 3218 ad
340 3177 478 3217 commune
510 3149 701 3233 όποκοίμονου,
735 3156 807 3231 qood
836 3163 879 3213 est
927 3161 1009 3216 mines
1042 3159 1093 3215 ltei
1125 3159 1287 3232 appellantur
1320 3153 1341 3208 l.
1372 3154 1470 3210 Thess.
1507 3151 1527 3206 l.
1562 3146 1586 3201 9·

216 3262 297 3324 πᾶσα
309 3259 412 3343 γραφή,
426 3267 568 3341 reteratur3
584 3264 754 3321 nibilominus
768 3264 878 3321 alterum
926 3261 1095 3331 δουλεύοντος
1135 3258 1198 3337 deqi
1241 3256 1322 3331 ξιόνπι
1362 3258 1410 3317 καλ
1447 3245 1588 3331 haered:

218 3376 382 3449 appositum,
410 3363 555 3448 ὠφέλιμος,
576 3388 634 3428 curn
655 3372 745 3444 priore
765 3369 879 3429 αλυιαπι-
926 3372 1024 3444 Ephes.
1044 3371 1090 3428 Vl.
1112 3370 1159 3426 24.
1179 3359 1340 3444 ἀγαπῶντες
1358 3359 1446 3424 esda:
1473 3365 1506 3420 ll.
1525 3362 1586 3419 Tim.
1621 3410 1622 3413 ,

988 2784 1034 2859 ²⁰)
1063 2784 1111 2841 Sic
1123 2790 1210 2857 verto,
1231 2783 1419 2867 qnodputem,
1435 2777 1588 2855 perticulam
1621 2866 1622 2875 ἵ

928 2883 973 2948 ἵνα
992 2890 1111 2948 adhiberi
1130 2882 1248 2955 νιλαιοός.

218 3475 274 3544 κοῖς
294 3480 438 3552 copulatur.
468 3479 570 3536 ldcirco
591 3479 660 3534 euim
681 3472 762 3534 ποῖσοι
775 3469 878 3553 γραφή,
928 3477 960 3532 ll.
1002 3476 1049 3533 22.
1089 3470 1278 3539 daemoniacae
1317 3462 1365 3530 νόν
1407 3463 1522 3547 κόριονι
1563 3468 1588 3518 ti
1621 3536 1622 3563 1

217 3601 320 3642 summa
344 3585 485 3657 libromm,
518 3602 585 3657 qnae
617 3576 711 3659 γραφὴ
736 3585 879 3641 universim
928 3584 1029 3641 ibidem
1066 3600 1093 3639 v.
1126 3583 1171 3638 tu.
1209 3571 1388 3655 ὀνομάζοντος
1428 3568 1462 3636 πό
1501 3566 1586 3646 ὄνομα
1621 3590 1622 3653 p

218 3693 352 3766 audiebat,
373 3708 503 3766 quemque
522 3682 557 3748 τό
578 3681 638 3766 ispo?
657 3682 822 3766 γράμματα,
852 3697 880 3746 et
927 3686 978 3749 τοῦ
991 3688 1092 3767 κυρίου.

218 3802 294 3858 llom.
332 3798 377 3855 lll.
408 3798 435 3854 2.
469 3789 548 3872 λόγια
579 3791 652 3853 θεοῦ
681 3797 774 3852 Paulus
805 3798 879 3872 dicit,

219 3897 355 3984 οόφέλιμός
378 3906 449 3973 ἐστι,
476 3903 547 3978 qood
572 3894 756 3969 θεόπνευστος
781 3920 796 3959 a
821 3904 879 3961 Deo

220 4018 363 4090 inspirante
385 4011 571 4089 proficiscitur.
992 4005 1037 4081 ²²)
1069 4005 1136 4062 lbid.
1157 4004 1177 4061 l.
1198 4005 1226 4063 9.

991 3847 1036 3923 2²)
1071 3846 1121 3903 ran
1142 3846 1175 3904 n.
1196 3848 1224 3904 s.

1621 3974 1622 4015 l
