3258 5400
199 337 259 399 190
719 335 850 400 ΙιΙΒΕΙλ
892 335 1059 404 PRIMUS

197 503 286 566 timor
305 499 416 565 effecit:
437 501 496 565 boc
515 502 612 566 bonor
633 502 855 586 discipulorum:
882 505 941 568 boc
966 505 1141 570 obedientia.
1185 505 1240 568 Ubi
1260 507 1415 587 perspicua
1435 512 1481 568 est
1500 504 1572 568 λιτό-

196 633 267 689 της,
289 630 346 694 qrra
367 612 470 675 Petrus
490 611 659 694 simpliciter
680 610 872 689 διδάσκαλος
895 623 1092 697 nuneupatur,
1114 613 1199 695 idest,
1219 614 1344 697 primus,
1365 612 1570 696 supremusque

200 723 341 802 magister
361 739 397 784 ac
418 721 530 784 doctor.

306 834 376 893 241.
419 829 479 895 Sed
500 830 636 913 quidnam
651 831 753 895 Petrus
775 834 847 915 egit,
870 832 948 914 quod
968 831 1074 914 reliqui
1094 833 1217 916 apostoli
1239 851 1331 916 agere
1351 835 1414 915 pari
1435 833 1497 895 iure
1518 847 1572 893 non

197 935 365 1021 potuerint?
396 941 477 1003 acsi
501 939 570 1003 mihi
591 942 704 1004 animus
724 958 861 1022 umqrmm
884 940 987 1005 luisset
1008 941 1129 1005 inliciari
1150 942 1188 1005 ad
1209 961 1312 1005 omnes
1333 943 1442 1023 pariter
1462 945 1573 1022 aposto·

197 1046 243 1110 los
263 1049 412 1129 pertinere
435 1049 524 1111 verba
542 1050 567 1083 ¹⁶
592 1049 764 1115 salvatoris:
797 1050 1002 1134 quodcumque
1022 1051 1168 1115 solveritis
1194 1071 1283 1135 super
1302 1059 1427 1132 terram,
1454 1051 1509 1114 erit
1528 1066 1571 1111 so

197 1156 287 1220 lutum
308 1165 339 1220 et
358 1158 388 1220 in
409 1157 516 1239 caelis,
544 1166 574 1223 et
595 1159 799 1242 quodcumque
821 1159 982 1242 ligaveritis
1003 1167 1234 1241 superterram,
1264 1164 1320 1224 erit
1345 1160 1468 1242 ligatum
1494 1165 1523 1222 et
1546 1159 1573 1220 in

197 1265 296 1329 caelis.
337 1265 428 1328 Erant
447 1275 476 1330 et
498 1269 552 1350 ipsi
572 1269 693 1347 iudices,
716 1276 746 1331 et
765 1268 913 1331 iudiciaria
935 1271 1105 1332 auctoritate
1125 1270 1317 1351 potiebantur.
1361 1270 1498 1334 Attamen
1518 1286 1571 1331 nor

199 1375 262 1456 ipsi,
283 1373 453 1457 sedl‘etrus
469 1379 494 1410 ¹⁷
511 1377 646 1440 Ananiae
661 1384 691 1440 et
703 1376 844 1459 Sapbirae
859 1395 995 1441 caussam
1015 1379 1142 1441 examini
1156 1378 1289 1459 subiecit,
1310 1383 1487 1443 sententiam
1506 1378 1571 1458 tulit,

198 1501 383 1566 poenamque
409 1486 541 1550 sontibus
568 1488 718 1571 irrogavit
763 1488 810 1550 An
832 1487 899 1550 ideo
921 1487 1000 1569 quod
1021 1490 1084 1569 ipse
1105 1505 1180 1550 unus
1202 1487 1336 1568 adesset,
1364 1488 1502 1553 abessent
1528 1506 1573 1550 ce-

198 1590 276 1656 teril
308 1595 398 1657 immo
420 1595 547 1660 adfuisse
569 1614 673 1660 omnes
694 1597 912 1660 testatissimum
934 1604 980 1659 est
1000 1616 1018 1660 e
1038 1596 1137 1660 verbis
1156 1600 1181 1630 ¹⁸
1204 1596 1301 1660 Lucae
1323 1599 1495 1662 scribentis:
1525 1596 1573 1661 καί

198 1709 327 1787 ἐνέγκας
355 1703 530 1784 (Ἁνανίας)
558 1712 655 1789 μέρος
679 1724 724 1781 τι,
756 1703 846 1786 παροί
873 1700 947 1780 τούς
967 1703 1068 1781 πόδας
1090 1707 1155 1769 τῶν
1175 1705 1364 1771 ἀποστόλων
1390 1706 1520 1783 ἔθηκεν·
1547 1712 1574 1768 et

46 1806 76 1871 ’.
199 1813 327 1878 afferens
351 1817 481 1879 Ananias
509 1824 622 1898 partem
649 1817 790 1901 aliquam,
819 1816 857 1879 ad
883 1814 1079 1897 apostolorum
1107 1816 1200 1897 pedes
1222 1817 1300 1880 ibam
1321 1818 1427 1898 posuit
1468 1817 1572 1893 Cernis,

199 1920 286 2007 παρολ
307 1918 381 2000 rode
402 1910 589 2001 πόδαςτῶν
610 1925 804 2002 ἀποστόλων,
826 1926 863 1990 ad
883 1925 976 2008 pedes
998 1942 1057 1986 non
1077 1926 1163 1987 unius
1183 1925 1269 2005 Petri,
1290 1925 1344 1988 sed
1364 1928 1495 1989 omnium
1515 1925 1572 1987 uni·

201 2037 309 2100 versim
331 2034 553 2117 apostolorum?
581 2037 658 2099 unde
681 2055 755 2119 ergo
778 2035 884 2098 lactum
905 2033 1124 2115 arbitrabimur,
1154 2035 1249 2097 solum
1270 2035 1387 2098 renum
1417 2035 1455 2098 de
1476 2050 1573 2097 caussa

198 2148 425 2229 pronunciasse,
448 2165 523 2227 quae
544 2146 582 2209 ad
603 2164 759 2209 commune
780 2144 977 2227 apostolorum
1000 2143 1123 2206 uibunal
1146 2143 1241 2207 delata
1263 2141 1378 2208 luerat?
1407 2145 1475 2208 inda
1496 2162 1513 2206 e
1534 2141 1575 2204 rei

199 2262 317 2337 natura,
342 2254 557 2337 bibliorumque
578 2255 728 2338 analogia,
755 2254 834 2337 quod
854 2253 956 2316 Petrus
985 2255 1101 2336 praeire
1123 2254 1153 2341 in
1179 2254 1313 2316 omnibus
1334 2253 1475 2334 deberet,
1501 2248 1575 2333 quod

200 2384 239 2429 ex
259 2383 296 2428 eo
317 2364 489 2429 iudiciorum
510 2365 778 2428 ecclesiasticorum
802 2363 953 2445 exemplar
973 2364 1130 2446 petendum
1158 2370 1253 2444 esset,
1279 2364 1357 2444 quod
1385 2366 1455 2447 ipsi,
1481 2367 1574 2443 utpote

200 2475 300 2556 capiti,
328 2492 525 2556 supremoque
549 2476 656 2537 rectori
678 2492 748 2536 cura
769 2473 895 2535 urendae
917 2473 1135 2537 ecclesiasticae
1157 2473 1327 2555 disciplinae
1347 2476 1480 2556 inprimis
1501 2487 1575 2534 oom-

200 2590 323 2669 peteret
366 2582 430 2645 lloc
451 2591 549 2647 autem
574 2583 698 2647 feliciter
717 2583 860 2646 Beronius
876 2584 902 2616 ¹⁰
926 2583 1087 2663 expressit,
1113 2583 1263 2663 inquiens:
1307 2583 1437 2664 „Videas
1468 2600 1506 2643 ex
1533 2578 1574 2641 bis

149 2683 152 2689 ’
199 2693 332 2774 Petrum,
359 2694 434 2756 sicut
454 2694 484 2755 in
506 2695 629 2774 ceteris,
652 2694 691 2755 ita
712 2694 799 2756 etiam
820 2690 969 2754 iudiciaria
990 2699 1134 2773 potestate
1155 2693 1306 2774 praelerre
1325 2694 1495 2775 primatum:
1521 2687 1574 2771 pri·

200 2820 265 2866 mus
287 2805 392 2885 quippe
420 2804 548 2865 omnium
570 2822 606 2865 ac
626 2800 707 2865 solus
735 2804 811 2865 inter
832 2809 950 2864 eeteros
973 2801 1010 2864 de
1031 2809 1197 2883 perpetrato
1220 2810 1343 2883 peccato
1364 2820 1436 2865 reos
1457 2802 1574 2864 interro·

200 2920 268 2996 gat,
290 2930 364 2995 quos
388 2913 556 2993 convictos,
580 2931 650 2976 mox
671 2931 689 2974 a
708 2911 772 2974 Deo
794 2912 858 2973 dira
879 2928 974 2992 poena
993 2912 1123 2974 immissa
1146 2913 1365 2993 consequens

307 3028 376 3086 242.
420 3023 507 3086 Cuius
533 3042 604 3105 prae
635 3025 742 3087 ceteris
769 3025 909 3105 primatus
935 3022 1052 3104 signum
1079 3040 1139 3085 non
1160 3024 1255 3086 minus
1276 3023 1456 3086 luculentum
1477 3038 1520 3082 ex
1542 3017 1574 3079 iis

200 3134 369 3215 desumitur,
391 3151 467 3215 quae
489 3133 526 3196 de
540 3134 626 3197 Petro
649 3140 796 3196 extructas
816 3133 911 3196 ubivis
932 3130 1075 3195 ccclesias
1093 3133 1247 3212 invisente,
1269 3133 1383 3213 illisque
1406 3135 1470 3194 iure
1492 3143 1575 3191 oecu-

200 3246 307 3307 menici
327 3246 451 3326 pastoris
472 3243 659 3322 consulente,
680 3242 774 3306 Lucas
799 3242 907 3306 scribit
949 3244 999 3307 Ait
1011 3247 1040 3277 ²⁰
1063 3261 1206 3324 namque:
1250 3241 1296 3305 Ai
1317 3243 1378 3323 μὲν
1397 3234 1457 3304 οὖν
1476 3236 1575 3312 tarto

201 3354 265 3418 οίαι
292 3352 373 3417 καθ)
399 3351 473 3429 ὅλης
502 3353 555 3428 τῆς
580 3349 739 3427 Ἰουδαίας
768 3352 820 3415 καί
842 3352 1013 3427 Γαλιλαίας
1040 3354 1093 3416 καὶ
1114 3351 1305 3435 Σαμαρείας
1331 3347 1424 3428 εἶχον
1449 3346 1572 3431 alpiano,

201 3462 467 3546 οὶκοδομοιίριεναι
488 3463 542 3526 καὶ
561 3463 769 3544 πορευόμεναι
789 3463 836 3545 τῷ
855 3463 950 3548 φόβον
966 3466 1023 3527 τοῦ
1039 3463 1160 3545 κυρίου,
1183 3462 1236 3525 καὶ
1254 3465 1291 3545 τῇ
1311 3440 1504 3542 παρααλήσει
1522 3454 1574 3519 τοῦ

201 3571 295 3656 ἁγίου
316 3570 492 3653 πνεύματος
513 3570 738 3647 ἐπληθόνοντο.
781 3570 922 3653 Ἐγένετο
942 3570 978 3636 bt
997 3571 1123 3654 Πέτρον
1143 3571 1347 3654 διερχόμενον
1367 3565 1423 3635 διό
1444 3567 1573 3637 πάντων,

201 3681 371 3747 κατελθεῖν
391 3683 445 3745 καὶ
467 3678 545 3763 πρός
559 3673 632 3755 τοιίς
646 3677 758 3761 ἁγίους
773 3680 850 3756 τούς
863 3684 1086 3754 κατοικοῦντας
1100 3681 1246 3744 Λύδδαν.
1288 3680 1442 3743 Ecclesiae
1463 3674 1574 3759 eumn

201 3811 255 3875 per
274 3793 440 3855 universam
461 3791 602 3854 iudaeam
623 3799 653 3855 et
673 3790 830 3854 Galilaeam
852 3799 883 3854 et
903 3791 1063 3856 &mamam
1084 3808 1159 3872 pace
1179 3790 1363 3869 finiebantur,
1384 3797 1414 3852 et
1426 3792 1452 3822 ²¹
1477 3791 1573 3850 aomar

200 3900 447 3984 proficientesque
474 3902 503 3963 in
524 3902 629 3963 timore
651 3900 767 3963 Domini
795 3909 825 3964 et
845 3901 1046 3964 consolatione
1068 3902 1160 3964 sancti
1182 3900 1303 3982 Spiritus
1325 3897 1573 3979 amplificabantur.

201 4011 295 4086 Ouum
323 4011 429 4074 laetum
458 4018 517 4091 est,
543 4018 574 4073 ut
601 4009 701 4075 Petrus
727 4030 780 4094 per
809 4030 860 4075 eas
888 4029 992 4074 omnes
1021 4012 1167 4073 transiens
1196 4012 1310 4073 veniret
1330 4009 1366 4072 ad
1388 4014 1505 4072 sanctos
1529 4000 1574 4083 qui

202 4120 320 4203 Lyddae
341 4123 537 4185 morabantur.

308 4231 388 4295 llaec
415 4239 513 4295 autem
547 4249 613 4293 cum
639 4232 674 4294 iis
702 4233 824 4314 primum
853 4230 1055 4314 componenda
1082 4226 1216 4292 existimo
1244 4247 1320 4311 pirae
1341 4227 1405 4291 Tito
1429 4223 1531 4288 Paulus
1544 4221 1570 4253 '³

203 4340 334 4404 mandat:
379 4338 506 4406 Τούτου
534 4339 633 4422 χάριν
661 4341 822 4405 κατέλιπόν
849 4361 883 4406 σε
909 4347 944 4405 ἐν
970 4337 1094 4424 Κρήτῇ,
1127 4338 1179 4404 ίνα
1202 4336 1243 4403 τιὶ
1270 4338 1418 4402 λείποντα
1442 4332 1573 4419 ἐπιδιορ-

268 4526 620 4605 ¹⁶)ttattb.xvtll.1s.,
914 4525 961 4584 καί
979 4522 1015 4604 τῇ
1038 4517 1211 4601 παρακλήσει
1234 4519 1284 4581 τοῦ
1309 4514 1397 4599 ἁγίου
1415 4511 1573 4593 πνεύμασι»

267 4633 311 4708 ¹²)
330 4634 391 4690 Aet.
401 4634 436 4691 V.
450 4632 604 4691 3-0-92
624 4626 865 4710 Elardllllapoc.
915 4649 968 4691 non
989 4633 1023 4689 ad
1044 4632 1227 4689 τοτιοοόοοίίο
1247 4632 1399 4706 participia,
1419 4613 1573 4707 οίνιοόομοῦ·

269 4738 312 4815 ¹⁶)
333 4740 399 4796 lbid.
420 4756 447 4795 v.
468 4740 496 4797 2.
915 4756 997 4815 μιπια
1015 4736 1063 4795 καὶ
1082 4736 1273 4815 superdueam,
1293 4737 1343 4794 sed
1363 4737 1398 4793 ad
1417 4733 1573 4805 antequem

266 4845 310 4922 Ι’)
329 4846 373 4904 Ad
392 4863 488 4903 annum
507 4846 627 4905 xxxiv.
647 4864 674 4903 a.
695 4846 827 4905 cclxiv.
916 4846 1043 4921 verbum,
1064 4835 1256 4917 ἐπληθίιοηο
1275 4844 1389 4921 ττῐοπο,
1416 4856 1469 4900 aon
1487 4839 1574 4897 adue

267 4952 312 5030 ²⁰)
333 4955 394 5010 Act
414 4953 460 5011 [Χ.
481 4952 622 5012 31-33.
916 4955 978 5011 dum
1000 4952 1215 5025 mpugaebimus.

265 5062 311 5142 '')
332 5063 362 5121 Si
382 5063 426 5139 qui
445 5077 504 5119 cnm
522 5063 641 5136 Valpato
662 5060 755 5119 malint
773 5061 866 5139 perba,
980 5058 1025 5136 ¹²)
1045 5059 1087 5115 Ad
1109 5059 1160 5116 'lit
1180 5058 1201 5115 l
1222 5061 1249 5116 5.
