3324 5382
182 287 243 349 584
670 284 802 350 hlauta
842 285 1078 354 SECUNDUS

188 451 352 535 Testilicar
378 474 483 517 coram
505 450 571 517 Deo
599 462 629 517 et
655 452 847 533 domatibus,
883 455 1088 521 scribebat¹⁴⁰
1111 456 1149 522 da
1175 454 1376 523 iconomachis
1397 457 1570 524 Theodotus

184 565 305 644 studita,
334 558 466 639 ἑαυτούς
489 560 666 647 σὶπέρῥηξαν
686 565 743 628 τοῦ
763 564 911 648 σώματος
931 567 988 629 τοῦ
1005 546 1169 645 Xpeatoai,
1190 570 1249 629 τσῦ
1269 570 1472 656 aapaqaoao
1490 567 1571 649 θρό-
1641 570 1642 577 ’

186 696 260 750 νον,
294 680 329 738 ἐν
349 667 377 759 ᾦ
398 676 416 737 a'
437 674 576 756 Χριστὸς
597 675 692 737 ἔθετο
711 672 770 750 τας
791 676 876 751 κλεῖς
896 678 949 752 τῆς
975 676 1123 757 πίστεως,
1157 668 1196 753 ἧς
1223 675 1262 741 od
1291 676 1489 756 κατίσχυσαν
1513 675 1568 742 ἀπ’

184 786 313 859 αἰῶνος,
335 782 407 847 οὐδ’
428 776 469 848 aia
489 784 704 862 κατισχύσωσι
724 790 818 867 μέχρι
832 784 1008 860 συντελείας
1021 783 1116 850 πύλαι
1131 782 1224 868 qidav,
1247 793 1365 866 κείρων
1380 784 1571 851 adstruam

183 917 203 958 a
225 915 351 974 corpore
376 892 506 971 cunata,
526 916 547 957 a
567 892 675 957 tirrano
694 901 845 974 mactae,
866 902 898 957 in
918 917 979 976 qao
999 892 1144 958 Christus
1160 895 1239 978 fidei
1260 893 1361 960 claues
1379 903 1499 976 amata,
1521 897 1572 960 ad-

183 1025 295 1066 ueram
317 1024 409 1082 qaam
430 1026 486 1066 nee
507 1024 654 1083 amquam
673 1003 933 1085 praevaluerant,
961 1027 1019 1069 nea
1046 1006 1090 1070 ad
1105 1005 1202 1088 finem
1222 1026 1322 1085 aeque
1340 1006 1448 1070 naam
1466 1016 1573 1086 partae

182 1113 278 1197 ἠνίασέ
300 1112 536 1191 praevalebant.
580 1112 675 1177 Dato
703 1133 831 1197 namque
844 1118 884 1149 ¹⁴¹
908 1114 996 1179 Petro
1023 1113 1180 1192 dacibus,
1214 1114 1261 1178 illi
1287 1113 1418 1179 mamae
1441 1116 1572 1181 (dhrim

183 1230 333 1286 amaena
355 1223 581 1304 ποιμναιρχίας
603 1218 731 1306 ἀξίωμα
749 1222 918 1302 pastoralia
936 1232 1129 1306 primipatua
1150 1225 1341 1310 monadem,
1373 1248 1412 1289 ae
1436 1235 1473 1289 ut
1492 1235 1573 1291 aua

181 1329 391 1415 α’ρχιπσιμήν,
426 1328 549 1416 κεφαλὴ
571 1335 636 1397 τῶν
654 1331 741 1397 ὅλων
762 1331 930 1421 κεφαλῶν,
955 1343 1066 1415 partor
1086 1355 1260 1414 supremos,
1282 1342 1418 1416 capitam
1438 1343 1573 1399 mum
1641 1322 1642 1339 ¹

179 1449 280 1521 eaput.
318 1442 415 1515 Quare
436 1442 522 1505 nobis
544 1461 613 1505 esse
633 1442 716 1506 cordi
736 1442 998 1509 vehementissima
1020 1444 1108 1508 dehet
1121 1448 1175 1525 ¹⁴²,
1197 1443 1363 1522 ἐνωθῆναι
1384 1446 1422 1528 τῇ
1442 1449 1573 1529 κορυφῇ

182 1551 438 1627 ravennianae
460 1556 517 1615 τοῦ
537 1553 621 1616 θεοῦ
641 1551 762 1637 Ῥώμῃ,
798 1555 852 1618 καὶ
879 1551 920 1619 da’
945 1551 1042 1631 αὐτῆς
1068 1560 1135 1628 τοῖς
1163 1555 1245 1636 τρισὶ
1271 1551 1502 1635 πατριάρχαις,
1537 1564 1570 1618 ut

182 1660 301 1725 Rornae
322 1660 521 1724 ecelesiarum
544 1670 652 1726 uertici
671 1671 825 1741 uniantur,
846 1686 885 1729 aa
900 1684 957 1744 per
978 1683 1046 1726 eant
1066 1660 1167 1725 tridua
1184 1661 1382 1742 patriarchia.

291 1776 359 1833 164.
403 1770 484 1833 Haec
505 1779 602 1835 autem
624 1772 739 1837 abunde
760 1772 917 1855 sufiiciunt,
939 1780 971 1837 ut
990 1773 1115 1837 alterum
1130 1773 1310 1854 quaestionis
1325 1781 1412 1854 caput
1425 1773 1464 1837 de
1479 1780 1572 1837 amnt

179 1880 269 1943 neoda
290 1877 495 1959 apostoloram
517 1880 706 1961 aequalitate
728 1882 883 1946 diremtum
902 1882 1045 1947 adeam.
1080 1880 1186 1963 Neque
1208 1883 1287 1945 enim
1304 1881 1414 1945 admitti
1428 1883 1574 1947 eiusmodi

179 1990 341 2072 aequalitas
361 1997 474 2072 potest,
512 1991 580 2072 quin
601 1991 678 2055 Petri
699 1988 847 2072 ἀξίωμα,
886 1994 1010 2074 eiusque
1038 1988 1181 2071 ὑπεροχὴ
1212 2009 1270 2073 qua
1300 2010 1404 2079 omnes
1427 1991 1572 2058 obnoxios

178 2098 331 2179 habuerit,
369 2099 543 2182 denegetur.
591 2100 752 2183 Utrumque
781 2120 852 2165 vero
884 2100 1067 2183 scripturae,
1104 2108 1134 2162 et
1155 2100 1369 2182 Scripturarum
1397 2099 1574 2185 interpretes

180 2209 335 2272 orthodoxi
356 2217 456 2291 patres
477 2208 661 2274 evidentibus
683 2210 724 2273 illi
744 2211 898 2275 sententiis
919 2208 1095 2275 adscribunt
1139 2209 1314 2273 Omnimoda
1339 2211 1430 2294 igitur
1454 2220 1573 2294 aposto·
1641 2228 1642 2231 ’

179 2319 274 2382 lorum
297 2318 456 2400 aequalitas
478 2320 514 2382 iis
537 2322 690 2384 accenseri
712 2320 862 2384 enonous
885 2319 983 2401 dehet,
1004 2320 1054 2400 qui
1068 2317 1281 2402 Scripttnarum
1298 2318 1451 2403 suffragio,
1472 2322 1571 2386 ortho

181 2429 309 2510 donique
331 2430 458 2493 nominis
479 2430 678 2493 consensione
697 2428 880 2493 refelluntur.

288 2537 325 2600 Et
348 2558 421 2601 sane
442 2541 492 2621 qui
514 2539 591 2602 iliam
613 2538 808 2603 defenderunt
829 2537 914 2620 olim,
936 2544 985 2600 aut
1006 2537 1165 2601 etiamnum
1187 2536 1348 2601 defendere
1368 2548 1513 2622 pergtmt,
1537 2562 1573 2606 ne

180 2649 252 2713 satis
274 2649 392 2731 quidem
414 2649 452 2711 ad
473 2668 509 2712 ea
532 2652 659 2723 animum
682 2647 845 2711 advertisse
866 2647 1016 2727 videntur,
1050 2666 1127 2729 quae
1149 2646 1323 2731 evangelica
1344 2649 1467 2715 historia
1489 2652 1571 2715 lucu-
1641 2662 1642 2715 t

179 2758 343 2822 lentissime
371 2759 465 2822 tradit.
510 2760 546 2823 Ut
574 2761 652 2822 enim
665 2761 707 2791 '¹¹
736 2757 811 2820 duos
838 2775 927 2838 supra
955 2757 1139 2839 septuaginta
1168 2758 1326 2839 discipulos
1357 2761 1461 2824 tacitus
1487 2781 1573 2844 prae

179 2875 306 2947 teneam,
339 2869 545 2950 consignatum
567 2870 596 2930 in
619 2867 782 2950 evangeliis
803 2866 945 2948 legimus:
985 2865 1006 2927 l.
1030 2885 1069 2929 ex
1089 2868 1249 2958 eorum¹⁴⁴
1273 2885 1398 2931 numero
1420 2871 1471 2951 qui
1492 2870 1574 2935 illum

181 2978 389 3060 sequebantur,
414 2977 558 3041 Christum
580 2978 737 3042 duodecim
758 2977 936 3058 secrevisse,
958 2974 1074 3057 illisque
1096 2974 1227 3055 apastoli
1244 2997 1362 3053 namen,
1385 2978 1572 3063 dpuitataaa

181 3091 510 3168 anctoritatemqae¹⁴³
543 3087 716 3151 contulisse:
758 3094 818 3149 tum
852 3102 923 3148 vero
959 3084 992 3147 ΙΙ.
1025 3086 1102 3149 inter
1129 3086 1210 3168 ipsos
1223 3088 1266 3120 ¹⁴¹
1290 3084 1446 3150 duodecim
1476 3110 1572 3153 meat

181 3196 312 3279 elegisse
337 3193 482 3273 Petram,
505 3197 645 3280 iliumque
665 3205 773 3284 petrae
794 3192 899 3272 titula,
913 3193 1117 3277 fundamenti
1138 3194 1295 3279 diqndtate,
1316 3204 1346 3259 et
1363 3205 1489 3277 propria
1512 3197 1572 3261 ata

181 3313 278 3391 atqeri
299 3314 367 3368 tare
389 3325 561 3371 exornasse.

289 3416 434 3489 Quorsum
456 3413 665 3499 panchaeo?
703 3423 752 3478 aut
774 3432 833 3499 quo
856 3412 987 3477 Chrimus
1008 3411 1066 3476 hac
1087 3411 1194 3496 duplici
1216 3417 1384 3481 secretione
1406 3415 1572 3498 spectavit?
1641 3430 1642 3435 ’

180 3526 206 3588 si
226 3524 317 3605 iacta,
352 3526 394 3588 uti
415 3544 467 3607 par
489 3534 548 3608 est,
584 3528 720 3609 accipere
741 3544 777 3588 ac
800 3522 986 3606 interpretari
1015 3522 1156 3601 velimus,
1191 3523 1325 3606 proiecto
1355 3525 1571 3612 intelligemus:
1641 3562 1642 3569 ν

181 3635 202 3697 1.
223 3653 283 3697 non
307 3636 401 3698 minus
423 3635 631 3714 apostoloram
653 3634 773 3700 delecta
795 3654 833 3698 eo
861 3639 1013 3716 spectasse
1034 3630 1196 3713 Christum,
1231 3641 1264 3697 ut
1293 3634 1422 3698 fidelium
1454 3646 1572 3701 coetum

180 3743 371 3823 inaequalem
391 3744 548 3827 redderet3
584 3765 672 3828 quam
693 3743 783 3809 Petra·
804 3741 936 3819 delecta,
956 3749 988 3805 ut
1007 3762 1118 3806 nouam
1138 3748 1221 3822 ipsae
1249 3748 1329 3805 inter
1349 3742 1505 3837 apostolae
1530 3754 1573 3809 ia-

181 3853 397 3935 aequalitatem
418 3854 589 3918 induceret:
624 3874 721 3939 neque
743 3855 839 3917 minus
860 3851 893 3914 u.
915 3851 1114 3935 apostolorum
1136 3849 1253 3914 delectu
1275 3870 1313 3916 eo
1333 3860 1504 3937 spectasse,
1538 3865 1572 3919 ut

183 3970 354 4028 auctoritas
376 3965 526 4048 repandae
549 3964 696 4029 ecelesiae
720 3964 764 4028 ad
790 3962 946 4026 duodecim
973 3968 1189 4042 reuocaretur,
1226 3980 1314 4044 msam
1344 3963 1571 4044 delectarent

181 4081 217 4137 at
238 4074 375 4137 eiusdem
395 4096 524 4152 somma,
546 4097 629 4155 apen
651 4083 680 4137 et
699 4072 856 4155 plenitudo
877 4070 920 4135 ad
940 4091 1036 4133 cnam
1056 4069 1184 4133 rediret.
1386 4062 1397 4081 ⁴

250 4284 309 4361 1ν)
331 4283 417 4357 Epist
439 4285 472 4342 aa
493 4285 672 4343 nunciatam.
965 4282 1025 4359 ¹⁴⁴)
1046 4280 1108 4340 tuo
1129 4280 1175 4340 Vt
1199 4280 1325 4340 13-17.
1346 4284 1407 4340 0⁰¹¹·
1427 4283 1509 4343 lim·
1527 4284 1572 4345 m

901 4387 1043 4464 to-to,
1063 4387 1157 4445 uano.
1177 4388 1211 4446 Χ.
1234 4387 1332 4446 1-4.

250 4471 310 4544 ¹¹¹)
329 4468 417 4543 aptat.
439 4471 472 4527 ad
491 4470 644 4528 Panchatem
664 4470 829 4528 Pontificem.
963 4494 1024 4570 aaa)
1056 4494 1170 4563 quoq„
1201 4495 1272 4552 enim
1299 4495 1333 4553 ὼ
1358 4501 1495 4570 pomp„
1528 4505 1574 4557 „a

898 4600 1032 4677 promissa
1058 4606 1104 4659 aut
1129 4600 1225 4659 collata
1251 4604 1278 4659 ia
1304 4602 1454 4675 euangeliis
1481 4621 1572 4665 seruo

899 4714 949 4784 est,
970 4725 1023 4765 aaa
1044 4706 1089 4765 aiii
1111 4725 1189 4782 mam
1210 4707 1327 4782 apostoli
1348 4718 1539 4769 memorantur.

962 4814 1023 4890 ¹⁴⁸)
1043 4814 1133 4872 natu.
1154 4812 1225 4872 ΧΠ
1248 4812 1383 4889 ts-ta,
1403 4814 1469 4873 lma.
1486 4816 1570 4875 xxu

248 4920 308 4996 ¹¹³)
329 4918 392 4977 Luc.
411 4917 446 4976 X.
469 4918 495 4976 i.
898 4919 1044 4999 31-33,
1063 4920 1127 4979 doh
1147 4919 1218 4979 XXL
1242 4918 1380 4978 15-1s.

249 4655 308 4730 ¹⁴¹)
327 4654 414 4729 Epist.
436 4654 470 4710 ad
489 4655 643 4713 iiichaclcm
656 4656 780 4714 Tranium
801 4657 850 4713 im·

182 4769 343 4836 paraturam.
