3258 5400
604 315 750 385 CAPUT
790 316 849 382 Ἠ.
1351 319 1413 383 rot

60 482 134 549 lctis
167 483 197 548 ln
225 482 386 569 Evangelio
416 485 560 570 quidem¹
598 486 747 552 scribens:
778 481 865 551 aleres
884 486 903 550 ό
923 484 1047 568 Πέτρος
1074 484 1129 550 aot
1156 486 1187 550 ot
1213 486 1282 569 μετ’
1303 483 1410 571 αὐτοῦ,

61 594 129 657 diste
149 589 274 674 Primo,
301 602 332 659 et
360 602 414 676 qut
440 617 512 660 mm
537 594 599 661 atto.
641 596 809 660 Rursum⁵z
840 598 859 659 d
889 595 926 663 dl
950 595 1073 680 Πέτρος
1103 598 1156 663 καὶ
1183 598 1213 661 ol
1241 589 1301 662 erlo
1326 594 1413 683 αὐτῷ

59 696 138 782 ἦσαν,
156 701 269 767 Pom
289 713 392 770 ouem
412 714 442 769 et
462 712 516 787 qut
535 726 606 770 cum
625 714 693 787 tpso
711 714 809 769 mont.
852 707 885 769 ln
905 706 988 771 Actis
1009 724 1097 789 vero,
1126 708 1156 771 in
1177 708 1304 790 quibus¹
1336 708 1412 790 legi·

58 831 123 876 nus:
142 812 267 891 σταθεὶς
289 814 326 879 δὲ
348 815 475 897 Πέτρος
495 813 554 879 ote
573 816 638 891 τοῖς
659 813 782 891 ἕνδεκα,
804 823 895 878 stom
914 822 1020 880 cateno
1036 813 1154 880 Petrus
1174 838 1244 881 earn
1263 817 1411 882 undecim.
1455 812 1461 823 ’

55 922 222 1006 Etdiquot¹
255 926 431 989 interiectis:
461 920 551 989 εἶπον
579 921 615 988 δὲ
636 924 716 1008 πρὸς
735 922 790 989 τὸν
810 925 939 1008 Πέτρον
964 925 1018 989 aot
1037 919 1111 1001 τούς
1132 926 1260 1002 λοιπούς
1280 924 1415 991 doomo-

53 1031 126 1109 λους,
147 1034 354 1115 dematque
374 1035 418 1099 od
433 1032 576 1113 Petrum,
596 1043 775 1116 ceramque
787 1033 949 1114 apostolor.
992 1036 1038 1099 Ac
1059 1036 1156 1101 denuo
1169 1043 1199 1099 ¹:
1223 1035 1415 1120 ἀποκριθεὶς

53 1140 84 1205 dl
101 1143 254 1225 ὁΠέτρος
277 1145 330 1209 καὶ
351 1145 380 1207 ot
400 1141 570 1209 ἀπόστολοι
576 1191 588 1222 ,
610 1140 718 1223 eleros,
745 1145 932 1226 respondem
957 1153 1062 1211 autent
1080 1143 1199 1210 Petrus
1220 1155 1249 1210 et
1274 1144 1413 1228 apostoli,

50 1252 187 1318 dtemmt.

143 1368 207 1426 118.
250 1363 401 1446 Equihus
422 1363 480 1427 duo
502 1372 577 1446 sunt,
600 1383 676 1448 quae
698 1366 864 1446 προςεχοῖς
885 1372 1041 1431 eruuntur:
1062 1365 1083 1429 h
1104 1372 1166 1429 tum
1184 1364 1300 1430 Pehum
1321 1372 1414 1429 noma·-

47 1477 131 1535 aeae
153 1473 338 1557 compellari,
366 1493 455 1557 quum
481 1474 530 1538 alii
553 1475 670 1538 nonnisi
687 1483 858 1559 ymerottoa
885 1483 1099 1558 memorantem
1129 1477 1174 1539 sic
1200 1494 1273 1540 vero
1296 1474 1413 1539 Potum
1496 1462 1501 1469 “
1621 1500 1622 1555 i

46 1588 206 1645 ammaim
232 1582 349 1664 efferri,
377 1590 410 1645 ut
433 1582 539 1665 reliqui
565 1584 733 1667 appendicis
763 1586 853 1650 instar
879 1586 1005 1651 subiici¹
1045 1585 1212 1649 videantur:
1239 1583 1273 1647 lh
1295 1583 1326 1647 id
1350 1583 1415 1648 lieri

47 1707 97 1753 nou
115 1693 206 1755 semel
227 1692 378 1757 dixmtaxnt
397 1712 433 1756 ac
452 1711 584 1774 rursum,
613 1694 669 1758 sed
695 1703 886 1774 constanter,
914 1703 1002 1779 atque
1023 1694 1099 1759 adeo
1121 1695 1237 1776 quoties
1258 1712 1326 1756 cum
1345 1693 1414 1756 reli·

47 1801 102 1882 qr's
119 1809 266 1865 censetm.

136 1910 226 1975 Porro
239 1911 328 1974 huius
342 1908 372 1974 in
386 1913 542 1977 scribendo
557 1914 738 1978 constantiae
753 1914 861 1978 deesse
873 1933 976 1979 caussa
991 1915 1101 1996 nequit,
1122 1911 1283 1976 nefastum
1301 1919 1415 1975 temere

48 2025 157 2101 metm,
179 2021 262 2103 quod
282 2023 478 2105 suimetipsius
501 2022 595 2087 simile
617 2043 735 2106 semper
758 2032 817 2106 esi,
837 2042 873 2086 ae
894 2042 911 2087 e
931 2031 1030 2104 certo,
1057 2030 1180 2104 ratoque
1202 2022 1325 2086 consilio
1345 2039 1414 2105 pro·

47 2126 140 2191 tecum
157 2130 288 2212 apparet.
331 2132 503 2197 Huiusmodi
526 2151 600 2217 ergo
623 2151 727 2197 caussa
748 2134 918 2215 investigari
934 2132 1031 2214 debet,
1053 2150 1148 2215 eaque
1161 2133 1248 2196 unice
1269 2140 1415 2213 tamquam

46 2256 105 2301 sera
124 2240 277 2321 praeferri,
300 2260 376 2323 quae
397 2248 429 2321 ο)
444 2261 510 2306 cum
531 2241 631 2306 verbis
652 2243 723 2324 ipsis
744 2243 898 2304 coniuncta
920 2243 972 2305 sit:
992 2242 1029 2337 b)
1050 2242 1221 2309 clarioribus
1243 2241 1415 2305 testimoniis

44 2352 207 2414 mmenurt:
239 2356 273 2429 ο)
295 2352 468 2417 universalis
497 2354 549 2433 sit,
576 2352 779 2432 rationemque
808 2368 910 2415 eorum
934 2353 1062 2416 omnium
1090 2356 1252 2432 continent,
1280 2369 1355 2432 quae
1378 2349 1415 2413 de

45 2455 118 2521 Petro
137 2461 326 2547 singulariter
346 2461 554 2545 perhibentur:
578 2469 728 2543 postremo
754 2461 787 2538 d)
808 2459 924 2524 illorum
952 2460 1092 2546 suffragio
1116 2450 1339 2545 comprobetur,
1367 2461 1417 2542 qui

46 2575 103 2643 ante
131 2570 235 2634 chorte
263 2571 301 2635 de
321 2571 400 2635 Petri
426 2571 567 2655 dignitate
596 2570 715 2635 dissidia
740 2571 871 2652 pietatis,
900 2572 1119 2653 sapientiaeque
1142 2571 1219 2635 lama
1241 2571 1415 2635 claruerunt.

45 2675 122 2760 htqni
146 2698 223 2744 unus
251 2689 298 2745 est
324 2680 402 2744 Petri
428 2682 584 2763 primatus,
618 2682 745 2762 eiusque
763 2682 860 2762 potior
884 2682 1055 2762 auctoritas,
1086 2682 1133 2744 cui
1160 2681 1215 2744 iste
1241 2681 1418 2744 conveniant

47 2791 361 2868 quaemmeravimm.
567 2796 588 2875 'A

144 2905 213 2964 119.
254 2898 294 2963 Ε1
313 2918 348 2963 re
369 2918 442 2963 sane
461 2918 533 2964 vera
552 2917 657 2964 caussa
677 2899 813 2964 everhtr
827 2905 904 2980 tpsie
925 2898 1049 2963 deducta
1068 2898 1141 2981 fingi
1162 2898 1218 2962 alia
1231 2917 1291 2962 non
1311 2904 1417 2980 potest,
1472 2882 1480 2897 ’

46 3024 120 3087 qurm
146 3029 223 3092 quac
253 3028 292 3072 ex
319 3009 453 3074 adhibitis
480 3011 613 3076 formulis
641 3019 743 3094 suapte
773 3017 877 3094 sponte
905 3010 1111 3092 consequitur,
1140 3016 1171 3071 et
1199 3027 1217 3072 e
1245 3006 1416 3089 prophetico

46 3114 113 3180 Petri
140 3121 262 3183 nomine
296 3101 431 3183 dimanat.
474 3120 518 3184 Eo
540 3123 618 3184 enim
639 3122 763 3204 insignis
787 3120 907 3183 nomine
933 3119 1089 3184 exhibetur
1109 3118 1225 3199 Simon,
1258 3116 1307 3180 vel
1328 3134 1417 3198 quum

46 3228 201 3292 nominatim
223 3228 431 3311 compellatur,
459 3230 507 3293 vel
529 3249 617 3312 quum
645 3230 751 3312 reliqui
778 3230 919 3312 apostoli,
947 3237 1095 3312 tamquam
1116 3229 1207 3309 socii,
1235 3227 1418 3307 comitesque

46 3335 130 3400 cidem
148 3339 350 3403 subiiciuntur.
394 3338 454 3404 Sed
474 3339 719 3421 quemadmodum
741 3339 931 3404 formularum
950 3340 1025 3402 ratio
1042 3341 1069 3372 ¹⁰
1093 3356 1130 3401 ea
1151 3345 1211 3419 est,
1243 3355 1319 3419 quae
1340 3334 1419 3399 Petri

46 3444 223 3530 lignitatem,
251 3450 515 3530 excellentiamque
544 3449 738 3533 demonstratq
767 3451 845 3513 itae
873 3448 991 3513 fatidico
1019 3448 1153 3511 eiusdem
1174 3448 1310 3527 nomine,
1335 3448 1418 3511 cuius

46 3555 95 3619 tin
114 3557 245 3622 Christus
267 3557 465 3640 explicaverat
479 3563 503 3594 ¹¹
528 3560 680 3641 inquiens,
707 3579 802 3638 saper
828 3556 909 3622 hone
928 3564 1050 3638 petram
1070 3553 1240 3639 oedificabo
1258 3554 1419 3620 ecelesiam

97 3764 123 3841 ⁴)
144 3765 205 3823 huc.
227 3766 299 3824 Vllh
319 3767 368 3825 45.
749 3755 852 3824 mireo:
878 3767 970 3824 liatth.
983 3766 1080 3825 XXVl.
1094 3766 1150 3824 20:
1175 3757 1280 3841 Ἰησοῦς
1299 3755 1418 3823 ἀνέκειτο

97 3870 123 3946 ⁵)
141 3872 212 3930 lhid.
233 3873 279 3930 ix.
300 3873 348 3931 32.
612 3910 621 3933 .
748 3864 819 3947 perd
843 3866 899 3930 τοῖο
922 3864 1046 3930 cetae:
1080 3889 1107 3929 a.
1129 3873 1183 3930 69:
1214 3871 1261 3930 καὶ
1280 3863 1316 3929 σύ
1335 3859 1418 3945 ἦσθα

97 3975 327 4051 ¹)Ao.11.14.
748 3970 819 4052 perd
844 3968 933 4052 Ἰησοῦ
940 3994 947 4034 :
982 3978 1063 4036 hlarc.
1086 3978 1131 4035 111.
1154 3978 1206 4035 14:
1234 3976 1281 4034 aut
1308 3976 1421 4051 ἐποίησε

99 4082 125 4156 ⁷)
143 4084 212 4141 ibid.
233 4101 261 4141 r.
281 4085 330 4141 st.
749 4074 872 4153 tetes,
900 4074 945 4140 loe
970 4072 1023 4142 eim
1051 4082 1111 4160 μετ’
1138 4075 1239 4142 αὐτοῦς
1271 4084 1342 4141 XVl.
1366 4083 1419 4140 10:

98 4187 124 4261 ¹)
143 4189 210 4247 ibid.
231 4190 265 4248 V.
286 4189 334 4247 29.
494 4224 496 4229 ·
752 4187 839 4262 eosq
858 4192 1031 4262 πορευθεῖσα
1050 4180 1195 4266 ἀπήγγειλε
1214 4197 1272 4255 τοῖς
1290 4185 1349 4264 μετ’
1370 4178 1420 4246 αὖ·

98 4292 125 4367 ¹)
144 4294 308 4368 Quemquam
329 4295 457 4368 formula,
483 4290 586 4367 olpter’
606 4283 702 4362 αὐτοῦ,
750 4290 801 4352 τοῦ
821 4293 985 4371 γοοορένοιςε
1007 4302 1035 4352 et
1046 4296 1140 4353 hlatth.
1151 4296 1209 4353 Xll.
1224 4296 1252 4352 3.
1267 4295 1327 4352 coll.
1338 4296 1418 4352 Mare.

49 4408 135 4452 nonea
151 4416 248 4471 perse
267 4401 316 4476 sit,
337 4378 405 4474 qnue
420 4401 489 4458 illius
509 4400 701 4473 praestantiam
750 4401 783 4457 lh
805 4400 859 4458 25:
891 4390 941 4457 οὐκ
965 4390 1111 4476 ἀνέγνωτε,
1137 4400 1164 4459 rt
1187 4400 1299 4476 ἐποίησε
1317 4398 1420 4480 Aaou,

51 4496 157 4577 denota,
178 4520 238 4561 cum
252 4521 305 4580 quo
322 4506 415 4580 reliqui
436 4522 496 4562 esse
516 4505 703 4581 perhibentur3
751 4496 798 4564 dre
817 4504 958 4563 ἐπείνασεν
977 4496 1075 4577 αὐτός,
1095 4505 1142 4564 aot
1162 4507 1187 4564 ot
1205 4502 1264 4583 μετ’
1285 4498 1390 4577 αὐτοῦς

51 4605 208 4666 nihilominus
240 4629 282 4668 me
311 4612 387 4685 plane
416 4612 497 4685 latet,
532 4628 565 4668 nn
595 4611 702 4667 diversa
816 4612 860 4687 ¹¹)
881 4629 908 4669 n.
931 4610 996 4668 118.
1483 4666 1489 4677 ,

51 4710 234 4782 umbratione
254 4719 281 4773 in
299 4717 330 4772 N.
343 4717 372 4774 Τ.
394 4717 535 4790 aliqnando
555 4723 702 4790 usurpetur.
818 4717 860 4792 ¹¹)
881 4717 1122 4775 hlatth.XVl.18.
1163 4718 1239 4776 Unde
1258 4717 1371 4777 Racilius
1392 4721 1419 4777 in

53 4812 115 4873 haee
149 4828 219 4879 certe
253 4823 417 4895 significatio
453 4824 632 4896 praestantiae
660 4823 702 4879 rel
752 4823 895 4881 Prooemio
915 4823 949 4879 de
969 4824 1075 4881 iudicio
1095 4825 1160 4900 bei,
1180 4841 1207 4881 n.
1223 4824 1256 4880 i:
1277 4815 1308 4880 ‘O
1327 4815 1419 4900 μακά-

53 4921 119 4978 tnicr
133 4932 181 5000 eet,
201 4929 243 4984 rel
265 4946 333 5002 quae
351 4930 453 5002 passim
474 4928 634 5003 dominatur,
656 4928 703 4986 ad·
753 4945 811 5005 ριος
823 4927 941 5000 Πέτρος,
961 4920 1104 4987 ἁπάντων
1120 4927 1170 5003 μὲν
1188 4924 1328 5002 patiendo
1348 4918 1419 4982 oino-

53 5023 195 5106 hihemrqqe
212 5033 275 5093 huo.
290 5035 335 5095 Vt.
350 5034 384 5091 4:
409 5031 512 5112 Δοιβίό,
531 5031 579 5091 aot
598 5032 624 5090 ot
643 5028 701 5109 μετ’
752 5031 873 5110 κριθείς,
895 5024 979 5107 μόνος
998 5030 1028 5090 ct
1047 5029 1141 5088 ertator
1160 5027 1217 5087 reis
1235 5021 1328 5084 omes
1346 5041 1418 5100 pao
