3266 5416
98 226 102 235 ’
221 256 263 319 sa
741 253 872 319 uranu
914 250 1081 320 antuus

225 428 302 492 haec
315 428 343 461 ‘⁸
374 423 412 487 de
430 422 533 487 Petro:
561 421 719 505 μακάριος
740 420 772 487 εἶ
792 421 912 506 Σίμων
931 421 994 506 βοὶρ
1014 422 1111 488 Ἰωνᾶ
1121 472 1128 487 .
1141 471 1168 487 ..
1196 424 1250 489 καὶ
1274 424 1326 488 dal
1342 421 1443 508 ταύτῃ
1458 422 1494 508 τῇ
1511 440 1587 506 aerpq

226 530 428 617 οἰκοδομήσω
448 550 513 614 μου
532 526 589 610 τήν
608 534 782 611 ἐκκλησίαν.

335 702 384 758 32.
426 694 509 768 Quae
529 696 553 758 si
573 712 633 757 uno
654 694 805 758 oculorum
825 694 928 758 obtutu
948 697 978 759 iu
998 714 1086 758 uuam
1107 695 1230 759 redacta
1247 713 1394 758 summam
1416 691 1590 777 comprehen

228 809 345 885 dantur,
371 804 400 869 id
429 823 502 867 sane
530 802 674 885 ellicient,
704 812 734 866 ul
760 806 879 886 gemina
907 807 1003 886 potius
1031 822 1118 887 quam
1145 805 1246 869 similis
1272 805 1445 887 οἰκονομία
1465 803 1519 867 Dei
1541 823 1592 866 cau

228 917 397 981 Abrahamo
424 921 512 995 atque
540 913 626 976 Petro
655 913 797 976 videatur.
848 915 1030 977 Conveniunt
1056 915 1134 976 enim
1159 916 1268 996 prima,
1300 915 1485 977 conveniunt
1507 913 1591 991 meda,

228 1028 406 1105 conueniput
432 1024 541 1087 ultima.
584 1023 714 1105 Uterque
735 1031 856 1087 uocatus
877 1031 1033 1086 vocantem
1051 1025 1197 1105 sequitur:
1224 1027 1340 1108 utrique
1360 1043 1494 1105 norum,
1522 1022 1592 1085 iden·

228 1155 286 1222 que
308 1134 454 1198 fatidicum
476 1152 584 1196 nomen
604 1135 794 1215 promittitur,
821 1135 1056 1215 promissumque
1078 1133 1242 1196 confertur:
1270 1136 1377 1197 eximia
1399 1133 1489 1213 lidei,
1511 1134 1592 1196 urtu-

228 1251 324 1330 tisque
352 1245 512 1327 specimina
539 1241 575 1305 ab
598 1250 723 1324 utroque
743 1241 939 1325 postulantur:
969 1251 1074 1306 neuter
1094 1242 1150 1307 sibi
1171 1243 1272 1323 deest,
1301 1252 1389 1326 atque
1412 1244 1492 1307 adeo
1512 1250 1593 1305 neoto

229 1355 357 1420 uberiori
377 1353 509 1437 praemio
531 1350 694 1414 fraudatur:
717 1351 877 1434 explicatur
897 1350 1067 1415 Abrahamo
1087 1351 1288 1435 propheticum
1309 1372 1433 1436 nomeu,
1456 1353 1593 1435 explicatu

230 1474 259 1530 et
272 1464 376 1529 Petro:
398 1461 533 1544 iutelligit
553 1460 702 1524 Abraham
722 1480 805 1523 suam
828 1463 857 1523 in
877 1469 992 1542 patrern
1012 1464 1141 1525 omnium
1161 1464 1292 1544 gentium
1310 1463 1545 1540 destinationem,
1563 1464 1593 1523 in-

230 1573 333 1658 telligit
353 1582 383 1637 at
403 1573 519 1651 Petrus,
541 1593 575 1636 se
596 1573 752 1634 universae
775 1570 921 1633 ecclesiae
941 1578 1054 1652 petram
1075 1575 1244 1654 praestitui:
1267 1573 1504 1639 heatusdieitur
1521 1569 1593 1634 hon·

229 1685 307 1764 ham,
328 1684 432 1746 dicitur
450 1692 480 1745 et
500 1682 618 1745 Petrus:
640 1680 791 1743 revelatur
810 1678 989 1761 Abrahamo,
1011 1684 1159 1745 neminem
1173 1683 1229 1745 nisi
1250 1702 1290 1745 ex
1306 1684 1371 1763 ipso
1394 1690 1427 1746 et
1448 1683 1592 1765 peripsum

230 1795 368 1859 coelestis
393 1793 605 1856 benedictionis
632 1790 695 1854 lore
722 1792 910 1873 participem,
937 1790 1086 1853 revelatur
1114 1798 1143 1854 et
1162 1790 1264 1874 Petro,
1293 1811 1399 1855 omnes
1428 1812 1470 1855 ex
1495 1793 1552 1872 ipso
1574 1794 1594 1847 et

228 1925 282 1988 per
302 1907 396 1987 ipsum
420 1903 602 1981 linuitatem,
628 1900 873 1982 stabilitatemque
902 1910 1150 1983 consequuturos:
1180 1904 1336 1984 posteritas
1358 1903 1465 1985 nequit
1485 1900 1535 1964 sibi
1552 1897 1592 1958 n‘ui

229 2035 283 2098 per
304 2013 503 2077 Abrahamum
524 2012 675 2073 victoriam
698 2009 734 2072 de
756 2009 887 2072 hostibus
908 2011 1056 2093 polliceri,
1077 2019 1107 2074 at
1127 2029 1225 2093 neque
1249 2012 1377 2075 ecelesia
1399 2013 1440 2075 de
1461 2011 1548 2094 port'u
1562 2008 1592 2068 iu

231 2124 305 2187 lerui
331 2125 387 2185 uisi
414 2139 468 2203 per
492 2119 609 2182 Petrum
630 2119 806 2201 triumphum
828 2128 915 2202 aget:
945 2119 1071 2202 denique
1091 2121 1117 2183 si
1133 2120 1334 2203 Abrahamus,
1363 2129 1469 2204 utpote
1492 2116 1592 2181 creden

230 2235 300 2295 tium
319 2237 494 2313 praeceptor
514 2230 669 2307 institutus,
694 2228 836 2311 singulari
857 2245 926 2291 cura
948 2228 1086 2292 divinitus
1107 2229 1263 2313 edocetur,
1290 2233 1435 2315 singulari
1455 2232 1524 2293 ilem
1542 2242 1613 2319 cura

233 2340 361 2405 erudrlur
382 2338 501 2419 Petrus,
531 2357 619 2420 quern
639 2337 769 2400 Christus
788 2339 969 2401 universitati
989 2336 1115 2417 fidebam
1143 2343 1331 2422 magistrum,
1358 2343 1592 2417 institutoremqu

230 2448 381 2532 praeleeit.

339 2616 389 2675 33.
432 2609 570 2691 Jamvero
592 2619 677 2675 erunt
699 2630 753 2691 ne,
775 2627 899 2693 quorum
920 2611 1033 2675 ammos
1051 2612 1189 2677 dubitatio
1211 2612 1324 2695 subeat,
1345 2621 1444 2677 utrum
1462 2613 1534 2676 haec
1551 2610 1592 2671 sint

189 2802 192 2809 ν
229 2727 372 2804 propria,
393 2727 523 2797 cubitu,
546 2729 576 2783 et
599 2728 767 2804 comparate
789 2721 824 2783 ud
846 2720 978 2802 Petrum,
1001 2740 1067 2785 curn
1090 2724 1195 2805 potiori
1215 2723 1368 2806 regendae
1393 2724 1538 2787 ecclesiae
1555 2734 1590 2780 au·

232 2834 365 2897 ctoritate
386 2828 547 2895 consertal
568 2849 627 2894 non
641 2839 755 2913 putem:
774 2840 899 2912 propria
913 2850 1040 2914 namque
1056 2851 1133 2913 esse,
1156 2832 1374 2897 evidentissima
1393 2837 1472 2897 ratio
1494 2832 1591 2894 deuou-

232 2951 312 3008 strat.
354 2940 431 3005 Nihil
453 2942 529 3005 anim
553 2942 714 3005 evidentius
737 2961 823 3024 quarn
838 2943 953 3025 propria
975 2961 1053 3023 esse,
1075 2961 1151 3024 quae
1173 2942 1210 3005 de
1231 2943 1288 3006 alio
1310 2946 1449 3025 quopiam
1470 2954 1589 3021 nusquam

232 3057 260 3118 in
282 3053 378 3117 bibliis
398 3042 550 3135 leguntur:
572 3070 648 3134 quae
669 3040 776 3115 donum
797 3053 835 3115 ita
857 3058 938 3132 sunt,
966 3060 997 3114 ut
1018 3054 1077 3114 viru
1101 3070 1234 3135 quoque,
1258 3055 1465 3136 rationemque
1486 3050 1613 3139 reserant,

232 3165 352 3247 praemii
355 3212 370 3253 ,
400 3163 479 3244 quod
503 3180 557 3245 pro
588 3162 729 3244 singulari
758 3163 863 3225 merito
890 3161 1074 3245 rependitur:
1107 3179 1182 3241 quae
1209 3161 1328 3225 landem
1350 3164 1517 3228 communia
1541 3172 1591 3220 csse

234 3292 292 3336 non
313 3279 443 3355 possunt.
487 3271 546 3335 Sed
568 3290 644 3353 quae
667 3271 702 3333 ad
717 3270 915 3336 Abrahamum
938 3279 967 3336 et
979 3271 1096 3335 Petrum
1111 3273 1272 3353 spectantia
1286 3273 1450 3355 retulimus,
1473 3282 1592 3351 nusquam

234 3383 270 3445 de
301 3381 358 3445 alio
384 3382 488 3463 quovis
517 3383 640 3462 repetita
670 3381 812 3463 legimus,
839 3399 936 3462 neque
953 3383 1056 3473 <magis
1080 3382 1224 3444 rationem
1251 3380 1320 3445 doni
1347 3382 1501 3464 exhibent,
1526 3391 1591 3460 qtttffl

233 3497 365 3553 naturam
386 3489 505 3552 induant
526 3490 671 3554 mercedis
689 3489 885 3571 singularibus
905 3491 1055 3571 utriusque
1077 3491 1187 3554 meritis
1209 3491 1349 3575 tributae:
1378 3497 1416 3557 ita
1438 3509 1511 3557 vero
1531 3502 1591 3550 con·

234 3607 337 3683 parata
357 3606 438 3678 sunt,
465 3607 497 3661 ut
526 3599 728 3663 communibus
755 3599 908 3662 accenseri
934 3606 1090 3679 nequeant.
1135 3600 1215 3664 Sicut
1243 3603 1321 3664 eninr
1344 3601 1408 3665 heri
1429 3622 1491 3667 uon
1509 3598 1591 3682 potest

235 3718 265 3773 ut
285 3708 433 3773 Abraham
456 3708 636 3772 credentium
659 3711 786 3772 omnium
805 3717 896 3788 pater
916 3707 1072 3789 habeatur,
1099 3710 1169 3790 quin
1190 3709 1348 3774 credentes
1370 3708 1511 3795 quotquot
1528 3707 1592 3769 ertttl

236 3840 355 3901 omnes,
379 3819 442 3901 filit
467 3837 539 3901 prae
566 3821 628 3900 ipso
654 3821 872 3899 existimentur3
899 3820 937 3881 ita
957 3817 1022 3881 lieri
1041 3820 1156 3901 nequit,
1173 3827 1219 3883 ⁴ut
1239 3820 1341 3884 Petrus
1362 3824 1414 3905 sit,
1446 3823 1592 3895 dianuqu

236 3931 382 3997 ecelesiae
406 3937 495 4011 petra
523 3934 552 3990 et
572 3927 826 4010 fundumentum,
854 3927 923 4010 quin
951 3945 1054 3991 omnes
1081 3931 1130 4011 qui
1161 3930 1198 3992 ad
1219 3930 1377 3995 ecclesiam
1404 3937 1594 4016 spectante

235 4062 324 4125 porro
345 4040 534 4124 spectabunt,
561 4040 615 4120 ipsi
636 4037 818 4118 incumbunt,
850 4044 937 4119 atque
959 4056 999 4099 ex
1020 4041 1097 4119 ipso,
1129 4045 1277 4121 tamquam
1298 4040 1498 4123 dependentes
1516 4056 1549 4102 ex
1566 4045 1592 4092 eo

235 4160 350 4235 partes,
372 4151 477 4230 robur,
500 4150 750 4229 constantiamque
771 4155 945 4210 mutuentur.

342 4318 391 4375 34.
434 4311 561 4393 Operam
590 4328 661 4373 vero
689 4312 719 4373 in
733 4296 778 4373 ⁴re
799 4311 917 4373 minime
940 4311 1108 4373 necessaria
1130 4309 1324 4391 collocarem,
1350 4314 1375 4376 si
1397 4331 1473 4394 qtrae
1491 4306 1593 4393 propria

237 4440 304 4485 esse
327 4422 452 4499 ostendi,
475 4420 579 4484 eadem
602 4420 717 4500 eximia,
739 4420 974 4502 praestantiaque
989 4438 1057 4482 esse
1071 4419 1201 4502 pluribus
1223 4421 1455 4504 comprobarem.
1498 4418 1591 4484 tltonu

237 4534 314 4595 enim
343 4532 467 4615 dignitas
497 4538 526 4593 et
555 4530 729 4594 excellentia
756 4548 793 4593 eo
824 4529 957 4612 splendet
985 4528 1115 4613 lulgore,
1146 4533 1195 4612 qui
1222 4530 1325 4595 oculos
1350 4533 1519 4596 necessario
1541 4534 1591 4605 pts'

237 4642 361 4724 stringit.
404 4641 502 4715 Quare
531 4642 620 4704 satius
648 4640 713 4703 lore
742 4639 883 4720 arbitror,
910 4641 935 4702 si
962 4642 997 4703 iis
1018 4660 1083 4705 reru
1105 4641 1275 4723 expediam,
1305 4660 1381 4723 quae
1410 4642 1479 4706 licet
1497 4640 1591 4703 (1ο1111θ

238 4749 405 4814 Abrahamo
427 4749 651 4833 chrysostomus
673 4752 823 4832 scripserit
836 4754 876 4829 ³⁴,
906 4750 943 4813 ad
961 4759 1117 4834 utrumque
1138 4758 1236 4814 tumen
1261 4770 1299 4813 ex
1320 4768 1415 4832 aequo
1435 4749 1590 4814 reseruati*

302 4989 348 5069 ⁸¹)
369 4992 459 5050 ttatttn
480 4991 551 5050 xvl.
574 4991 621 5049 tt.
1011 4989 1110 5065 Ἠ)111
1131 4987 1226 5047 Genea.
1247 4990 1319 5047 bom.
1340 4989 1422 5047 xxti.
