3258 5400
646 368 792 439 CAPUT
833 370 926 438 xxi.
1415 375 1474 437 rot

86 536 203 622 θοίσγ),
235 536 289 603 καί
308 534 502 624 καταστήσῃς
524 528 604 604 κατιλ
625 539 715 605 πόλιν
727 544 755 577 ²⁸
778 539 1023 625 πρεσβυτέρους,
1051 536 1098 614 οίς
1122 532 1186 622 dyo*
1208 540 1259 604 ool
1281 538 1475 624 διεταξάμην.

86 647 206 711 Idcirco
232 655 262 710 te
284 648 390 712 Cretae
415 649 522 730 reliqui
546 656 578 711 ut
604 667 680 732 quae
709 658 865 732 supersunt
891 651 921 712 in
943 648 1075 712 ordinem
1100 648 1236 731 redigas,
1263 655 1294 713 et
1321 638 1476 732 'oppidatim

87 757 284 840 presbyteros
305 759 481 838 constituas,
504 758 749 841 quemadmodum
771 759 901 841 egotibi
923 759 1066 823 mandavi.

200 867 272 930 Cum
297 867 332 931 iis
363 868 469 931 deinde
496 887 572 950 quae
602 868 639 931 de
666 867 755 931 Paulo
778 887 813 931 ac
840 868 973 933 Barnaba
998 868 1092 931 Lucas
1105 867 1133 901 ²⁸
1157 866 1273 930 scribit:
1318 860 1411 931 Μετοί
1443 866 1481 932 δέ

1 997 2 1014 ¹
90 995 180 1051 τινας
201 972 321 1057 ἡμέρας
341 973 409 1041 alae
431 976 565 1053 Παῦλος
587 976 666 1059 πρὸς
687 975 879 1059 Βαρνάβαν·
901 981 1142 1061 ἐπιστρέψαντες
1163 970 1202 1054 δη
1223 974 1478 1059 ἐπισκεψαίμεθα

91 1080 170 1161 τούς
193 1081 356 1172 είδεληούς
378 1084 469 1171 ἡμῶν
486 1080 566 1152 κατοί
588 1089 694 1152 πᾶσαν
717 1086 824 1161 πόλιν,
846 1091 880 1150 εν
899 1082 951 1159 αἷς
974 1086 1218 1169 κατηγγείλαμεν
1238 1084 1292 1148 τὸν
1311 1085 1408 1167 λόγον
1421 1088 1479 1151 τοῦ

88 1192 219 1278 κυρίου,
241 1200 310 1271 πῶς
331 1198 451 1273 ἔχουσι.
494 1196 563 1261 Post
583 1197 692 1279 aliquot
712 1214 784 1259 vero
806 1196 869 1260 dies
891 1196 962 1260 dirdt
980 1196 1085 1260 Paulus
1104 1196 1269 1260 Barnabae:
1291 1204 1476 1261 revertentes

88 1307 242 1370 visitemus
263 1305 369 1369 iratres
391 1314 507 1382 nostros
528 1324 582 1388 por
600 1324 704 1369 omnes
728 1307 860 1369 civitates
873 1309 901 1339 ²⁵
922 1307 951 1368 in
974 1306 1078 1387 quibus
1099 1307 1331 1371 annuntiavimus
1353 1306 1476 1371 verbum

88 1414 226 1496 Domini,
250 1416 397 1497 cognituri
419 1414 566 1497 quomodo
588 1434 622 1478 se
643 1415 779 1479 habeant.

199 1524 270 1588 Cum
296 1527 331 1588 iis
356 1533 506 1607 postremo
530 1544 607 1607 quae
634 1544 673 1588 ex
702 1523 892 1587 alexandrino
920 1523 1070 1589 Clemente
1096 1524 1240 1589 Eusebius
1253 1528 1281 1561 ²⁸
1308 1526 1414 1608 refert,
1443 1527 1474 1590 in

88 1652 175 1698 more
196 1634 287 1697 luisse
308 1634 448 1715 iohanni,
477 1643 508 1697 ut
528 1635 618 1698 Asiae
640 1632 783 1697 eeclesias
805 1651 877 1715 quas
899 1633 962 1714 ipse
984 1639 1162 1715 extruxerat,
1185 1634 1233 1698 vel
1253 1654 1328 1700 unus
1349 1637 1475 1700 maxime

90 1743 278 1824 excoluerat,
300 1763 353 1826 pro
374 1753 518 1827 potestate
539 1746 677 1808 visitaret.

199 1858 269 1915 243.
312 1854 373 1918 Hac
396 1856 473 1917 enim
494 1854 710 1936 comparatione
734 1852 937 1937 intelligimus,
967 1872 1043 1935 quae
1066 1853 1104 1916 de
1126 1853 1212 1917 Petro
1234 1863 1403 1935 narrantur,
1437 1854 1475 1919 ad

89 1963 232 2046 pascendi
253 1965 452 2027 auctoritatem
482 1964 601 2028 reterri:
626 1965 780 2045 ipsumque
808 1961 880 2025 nihil
901 1981 940 2025 ex
960 1963 995 2025 iis
1019 1962 1126 2026 iecisse
1151 1963 1310 2046 reliquum,
1341 1982 1416 2047 quae
1438 1964 1475 2028 ad

88 2074 275 2136 oecumenici
297 2076 422 2155 pastoris
444 2073 586 2155 officium,
609 2075 730 2154 iuraque
751 2075 906 2154 portinent.
948 2072 1106 2137 Enimvero
1126 2091 1186 2136 non
1208 2075 1270 2156 ipso
1292 2092 1367 2135 unus
1389 2073 1474 2137 lero·

1 2223 2 2252 η
88 2183 212 2266 solymis
234 2190 312 2263 erat,
339 2203 435 2267 neque
458 2186 519 2267 ipse
541 2202 616 2246 unus
638 2182 780 2247 ecclesias
802 2201 905 2247 omnes
926 2183 1073 2262 iudaeae,
1105 2181 1252 2245 Galilaeae
1273 2190 1303 2246 et
1324 2182 1473 2246 Samariae

88 2292 312 2375 aedificaverat3
335 2293 520 2377 nihilominus
541 2296 602 2375 ipse
624 2312 699 2356 unus
719 2292 942 2376 elerosolymis
956 2290 1104 2375 proiectus
1126 2311 1186 2356 non
1205 2311 1292 2356 unam
1314 2291 1473 2356 alteramve

86 2403 187 2465 invisit
207 2402 379 2483 ecclesiam,
401 2422 498 2484 neque
520 2404 555 2466 iis
578 2404 725 2466 dumtaxat
744 2403 889 2467 consuluit
910 2422 982 2485 quas
1005 2403 1067 2485 ipse
1090 2403 1243 2483 erexisset,
1264 2403 1317 2465 sed
1338 2403 1473 2466 omnibus

85 2520 117 2575 et
139 2512 264 2595 singulis
285 2530 337 2575 sua
359 2530 429 2574 cura
450 2512 555 2594 adluit,
578 2530 759 2595 operamque
780 2512 929 2594 impendit.

196 2622 283 2687 Cuius
309 2623 501 2685 oeconomiae
521 2624 547 2685 si
569 2640 704 2686 caussam
723 2640 848 2703 quaeras
866 2640 926 2685 non
947 2622 1115 2703 confictam,
1145 2640 1243 2705 neque
1264 2621 1302 2685 ad
1322 2621 1472 2685 arbitrium

86 2732 295 2813 excogitatam,
317 2731 371 2794 sed
392 2732 517 2813 obviam,
540 2750 607 2794 cum
625 2750 659 2794 re
682 2733 743 2813 ipsa
763 2730 972 2794 cohaerentem
993 2739 1023 2795 et
1044 2731 1257 2813 scripturarum
1275 2733 1472 2795 consensione

86 2839 257 2923 probatam,
286 2859 346 2904 non
368 2840 454 2905 aliam
476 2842 641 2923 comperies
662 2859 750 2923 quam
771 2858 847 2922 quae
869 2859 887 2903 e
908 2842 1025 2922 propria
1045 2843 1211 2923 eximiaque
1234 2840 1311 2903 Petri
1332 2840 1472 2922 dignitate

86 2950 278 3032 depromitur.
321 2950 431 3015 Omnes
452 2971 524 3015 sane
546 2949 669 3034 apostoli
691 2957 944 3031 erantpastores,
966 2950 1113 3014 sedunus
1136 2951 1238 3014 Petrus
1251 2953 1278 2983 ²⁷
1303 2951 1471 3013 universum

87 3062 167 3125 ovile
188 3061 353 3145 regendum
374 3061 689 3142 administrandamque
711 3067 899 3142 susceperat:
922 3078 1024 3123 omnes
1047 3066 1293 3142 erantpastores,
1314 3058 1368 3122 sed
1389 3057 1472 3121 Cbri·

1 3195 2 3224 i
87 3180 151 3235 nus
174 3173 310 3254 princeps
329 3179 478 3253 pastorum
502 3188 591 3233 unum
615 3170 768 3252 delegerat
789 3168 919 3251 Petrum,
940 3172 987 3232 cui
1009 3188 1078 3233 suas
1099 3171 1181 3233 vices
1203 3170 1406 3233 committeret.

195 3286 265 3344 244.
308 3279 391 3342 Unde
419 3279 673 3345 animadversione
687 3279 821 3361 ¹dignum
847 3287 906 3359 est,
941 3279 1026 3343 aliter
1060 3279 1097 3343 de
1124 3279 1225 3360 Petro,
1259 3298 1294 3342 ac
1321 3278 1405 3342 aliter
1433 3278 1470 3341 de

85 3390 176 3454 Paulo
205 3397 234 3453 et
255 3389 387 3479 Bernaba
413 3389 555 3452 ecclesias
585 3388 775 3451 invisentibus
797 3388 905 3452 Lucam
926 3389 1067 3454 seribere.
1112 3389 1290 3453 Testimonia
1307 3408 1324 3451 e
1344 3390 1470 3471 regione

83 3498 259 3580 collocabo,
283 3505 314 3561 ut
336 3497 414 3581 quod
436 3498 585 3581 intelligo,
608 3498 759 3561 oculorum
782 3498 839 3562 lide
860 3507 1003 3563 teneatur.

129 3609 195 3673 Act.
217 3608 267 3673 lx
291 3614 346 3671 32:
389 3604 529 3691 Ἐγενετο
560 3605 596 3672 δὲ
625 3605 755 3688 Πέτρον
844 3609 910 3673 Act.
939 3610 1000 3673 XV.
1029 3615 1088 3671 36:
1136 3605 1396 3693 Ἐνιστραγαντες
1430 3607 1469 3686 δὴ

87 3717 293 3801 διερχόμενον
325 3711 379 3780 δαί
408 3716 552 3795 πάντων,
587 3715 755 3781 κατελθεῖν
804 3716 1056 3802 ἐπισκεψώμεθα
1083 3711 1157 3793 τούς
1189 3716 1351 3801 dulcimode
1381 3716 1471 3802 ἡμῶν

87 3829 141 3894 καί
162 3828 242 3912 πρὸς
262 3827 335 3903 vorle
355 3824 466 3909 ἁγίους
481 3826 554 3905 τούς
575 3827 754 3891 κατοικοῦν-
804 3822 886 3891 κατοί
902 3829 1008 3892 πᾶσαν
1026 3828 1125 3906 πόλιν,
1146 3833 1181 3892 ἐν
1198 3822 1250 3905 ale
1266 3831 1472 3912 sarmada.
1556 3883 1564 3899 .

88 3958 145 4013 τας
166 3935 312 4003 Λύδδαν.
802 3958 860 4019 μεν
880 3936 934 4000 τὸν
948 3937 1044 4020 λόγον
1061 3940 1117 4003 τοῦ
1127 3941 1247 4023 κυρίου,
1268 3943 1337 4015 πῶς
1349 3942 1468 4017 ἔχουσι.

85 4049 117 4112 ld
144 4050 242 4131 itaque
271 4049 411 4111 intererat
431 4046 548 4110 Petrum
568 4049 653 4128 inter,
674 4046 794 4110 Paulum
823 4054 852 4109 et
871 4046 1032 4125 barnabam
1039 4097 1047 4131 ,
1078 4048 1157 4131 quod
1178 4050 1300 4113 interest
1321 4051 1396 4112 inter
1418 4045 1470 4114 διοί

84 4154 230 4236 πάντων,
258 4166 288 4221 et
312 4148 392 4220 κοινοί
419 4159 527 4222 πᾶσαν
554 4158 661 4233 πόλιν,
690 4161 723 4221 ἐν
752 4149 804 4231 αἶς
832 4156 1078 4241 κατηγγείλαμεν
1100 4179 1127 4221 κ.
1149 4179 1175 4221 τ.
1198 4159 1224 4221 λ.
1268 4159 1349 4222 Haec
1372 4167 1470 4245 autem

149 4354 194 4429 ²⁸)
216 4354 263 4409 His
289 4361 437 4411 consonant
455 4370 524 4428 quae
554 4354 588 4410 dc
618 4354 750 4427 apostolis
862 4352 908 4428 Η)
929 4352 1054 4429 Proprie,
1077 4371 1131 4428 per
1150 4373 1369 4432 unamquamque
1395 4358 1470 4413 rioi-

86 4460 168 4517 habet
194 4459 316 4516 Clemens
346 4461 372 4516 ia
405 4462 495 4532 priore
522 4461 556 4515 ad
584 4460 750 4532 Corinthios,
801 4467 898 4532 toton,
925 4462 956 4516 ιἰι
975 4459 1087 4535 quibus:
1115 4478 1166 4534 qua
1187 4465 1387 4520 constructione
1406 4464 1469 4521 col-

87 4566 114 4639 s.
138 4565 227 4623 Xbll:
267 4558 354 4623 Κανιί
383 4556 478 4643 χώρας
509 4554 557 4622 οὗν
586 4564 634 4622 καλ
660 4556 753 4631 πόλεις
802 4566 905 4624 lectica
925 4568 1049 4639 acceptio
1070 4566 1228 4626 declaratur.

85 4655 287 4747 κηρύσσοντες,
323 4670 497 4730 καθίστανον
530 4666 582 4738 vde
618 4663 753 4749 ἄπαρχος

86 4767 193 4847 αὐτῶν,
229 4767 425 4852 δοκιμάσαντες
458 4773 501 4852 τῷ
529 4771 678 4855 νινειίμανι,
716 4776 753 4844 είς

84 4874 253 4949 ἐπισκόπους
279 4882 325 4941 καὶ
351 4875 493 4951 διακόνους
519 4880 576 4943 τῶν
598 4876 753 4960 μελλόντων

86 4980 230 5049 πιστεύειν.

154 5094 430 5173 mmmm
867 5072 1248 5167 mmmmffl

867 4724 912 4800 Η)
932 4725 964 4781 Η.
985 4724 1016 4781 Ε.
1044 4725 1092 4781 lib.
1113 4725 1157 4782 111.
1185 4743 1244 4800 ουρ.
1264 4725 1359 4784 xxul.
1386 4743 1421 4783 ox
1440 4726 1472 4783 li-

801 4831 852 4888 bro
874 4831 1016 4887 Clementis
1044 4831 1193 4904 inscripto:
1238 4830 1288 4897 ute
1313 4821 1329 4889 ὁ
1350 4822 1472 4906 σωζόμε-

802 4954 849 5004 νος
869 4929 1007 5003 πλούσιος.
