3300 5402
162 285 226 345 398
651 282 782 347 hibuit
822 280 1057 349 SECUNDUS

160 450 298 533 praecidi.
341 448 445 514 Deoadt
468 468 543 532 ergo
563 453 825 534 necessariamque
846 452 906 531 tuit,
928 461 959 515 ιιι
980 453 1155 516 sententiam
1171 451 1345 516 christianae
1368 452 1550 532 antiquitatis
1639 518 1640 547 ¹

160 568 246 623 antea
259 567 455 641 protestantes
475 560 673 640 consulerent,
696 580 784 643 mam
807 561 845 624 de
866 563 982 624 sincera
1003 562 1160 625 verborum
1176 561 1281 625 Christi
1305 562 1549 641 interpretatione

162 668 379 733 arbitrarentur.

268 784 317 841 tit.
361 778 453 842 lmmo
476 782 674 842 necessarium
693 779 753 861 finit,
775 787 807 842 ut
826 780 881 843 sibi
901 780 1039 862 religioni
1059 779 1201 844 ducerent
1222 800 1239 844 a
1259 789 1380 862 recepta
1395 782 1545 843 communi

161 889 336 968 antiquitatis
350 887 492 969 sullragio
512 888 750 970 interpretatione
772 889 930 953 divertere.
973 889 1062 952 blissa
1084 889 1198 969 iactam,
1220 907 1296 971 qnae
1310 888 1548 971 splendidissima

163 996 308 1060 ecclesiae
331 997 439 1061 lumina
453 1002 493 1077 ⁸²,
516 999 693 1079 institutique
714 997 848 1061 divinitus
867 1007 1002 1081 pastores
1022 999 1219 1082 doctoresque
1239 1017 1299 1061 uno
1321 1017 1373 1062 ore
1391 1007 1546 1077 testantur,

163 1106 245 1169 netas
274 1125 341 1170 esse
362 1106 638 1187 haereticorumque
669 1107 818 1188 proprium
842 1107 878 1170 ab
904 1127 940 1171 ea
970 1108 1047 1172 linea
1078 1110 1107 1170 in
1137 1108 1308 1171 enarrandis
1329 1110 1547 1190 Scripturansm

162 1215 287 1278 oraculis
309 1216 465 1289 secedere,
486 1234 573 1297 quam
595 1217 721 1279 maiores
743 1234 796 1278 sua
818 1221 989 1280 auctoritate
1010 1218 1169 1299 signarint3
1197 1237 1233 1280 ac
1254 1217 1283 1281 id
1305 1237 1393 1282 unum
1416 1219 1547 1281 monebo

162 1325 240 1408 quod
254 1326 388 1388 obtinere
402 1324 489 1388 tidem
511 1324 587 1405 apud
602 1342 706 1387 omnes
722 1324 825 1388 debet:
849 1344 909 1389 non
930 1343 1019 1408 posse
1033 1344 1127 1390 novos
1148 1335 1345 1409 recentesque
1367 1331 1548 1411 interpretes

162 1436 226 1498 sine
262 1441 328 1497 nota
364 1434 538 1516 impudentis
572 1434 741 1496 temeritatis
773 1445 839 1496 eam
868 1443 1070 1498 vetustissimi
1102 1443 1301 1499 instrumenti
1329 1440 1546 1519 expositionem

163 1543 314 1623 deserere,
337 1560 425 1624 quam
447 1544 467 1605 ii
490 1544 645 1609 unanimes
662 1543 831 1606 tradiderint
852 1546 902 1625 qui
922 1547 1007 1626 primi
1027 1548 1250 1609 instrumentum
1271 1549 1365 1627 ipsum
1387 1566 1546 1629 accepere,

150 1655 213 1737 qui
233 1653 401 1716 aucwribus
421 1653 646 1735 propinquiores
670 1654 766 1715 omnia
787 1655 876 1717 multo
898 1663 1040 1718 noverant
1062 1657 1241 1735 accuratius,
1269 1673 1393 1739 quorum
1415 1656 1548 1740 pluribus

164 1762 344 1826 instrumenti
358 1763 465 1825 idioma
477 1768 541 1824 erat
554 1761 754 1842 vernaculum,
775 1764 883 1845 quique
905 1782 973 1826 sese
989 1763 1026 1825 dc
1047 1764 1200 1828 retinenda
1221 1766 1471 1849 propagandaque
1497 1786 1549 1829 ac·

163 1878 247 1953 cepta
268 1872 305 1934 ab
326 1870 493 1934 auctoribus
514 1870 727 1952 significatione
747 1870 889 1934 sollicitos
912 1872 1147 1936 demonstrarint

268 1980 331 2044 Nisi
358 1979 502 2043 eiusmodi
530 1997 625 2043 canon
651 1982 857 2063 interpretibus
884 1983 921 2045 sit
948 1989 1086 2061 sanctae,
1126 1986 1229 2046 nescio
1258 2003 1295 2047 an
1321 1985 1376 2047 sibi
1408 1994 1547 2048 constare

163 2092 255 2172 possit
273 2091 492 2154 hermeneutica
519 2089 687 2171 disciplina:
711 2092 813 2154 nescio
833 2110 871 2154 an
893 2089 1020 2153 medium
1041 2091 1168 2153 laturum
1183 2092 1220 2154 sit
1240 2092 1400 2174 ratquum,
1433 2113 1491 2175 quo
1512 2095 1549 2157 iis

164 2208 350 2279 assumatur,
381 2217 456 2281 quos
484 2199 678 2263 Tertullianus
692 2201 719 2233 ⁸⁸
743 2206 831 2263 vocat
857 2206 980 2283 ingenia
1009 2199 1046 2262 de
1066 2199 1260 2280 spiritalibus
1281 2210 1449 2282 nequitiae,
1477 2225 1550 2266 cusa

165 2309 276 2392 quihus
290 2308 418 2374 luctatis
437 2318 485 2373 est
503 2306 600 2385 nohis,
624 2317 675 2390 „et
695 2310 745 2390 qui
764 2309 874 2373 habent
894 2311 963 2389 vim,
986 2316 1015 2372 et
1036 2311 1064 2372 in
1086 2311 1290 2393 excogitandis
1310 2310 1550 2395 instruendisque

164 2419 315 2483 erranbus
322 2417 506 2504 felicitatem
518 2440 580 2482 non
593 2418 669 2482 adeo
684 2419 867 2499 monumen,
886 2420 968 2500 quasi
985 2418 1132 2482 dillicilem
1147 2429 1177 2482 et
1192 2420 1434 2502 inexplicabilem,
1450 2440 1548 2504 >quum

165 2530 203 2593 de
224 2527 423 2593 meculuibus
443 2546 561 2611 quoque
581 2529 730 2611 scripturis
752 2526 919 2609 exemplum
940 2528 978 2590 sit
991 2528 1135 2590 eiusmodi
1148 2527 1302 2593 facilitatis.
1346 2530 1438 2593 Vides
1459 2531 1549 2593 hodie

164 2660 204 2703 ex
226 2638 349 2721 Virgilio
370 2638 496 2701 tabulam
517 2640 547 2701 in
568 2646 658 2702 totum
680 2636 766 2700 aliam
787 2639 934 2718 componi,
957 2637 1077 2700 materia
1098 2637 1258 2700 meandum
1275 2657 1390 2717 versu,
1412 2640 1548 2702 versibus

164 2748 324 2812 secundum
341 2749 493 2811 materiam
519 2748 708 2811 concinnatis.
750 2745 884 2828 Denique
899 2745 1073 2809 llosidius⁸⁴
1098 2746 1170 2809 Geta
1191 2746 1343 2811 bledaeam
1364 2749 1548 2830 tragoediam

166 2879 205 2921 ex
218 2858 341 2940 Virgilio
362 2858 531 2940 plenissime
553 2859 677 2920 exsuxit.
719 2855 802 2918 lleus
829 2856 945 2937 quidam
967 2856 1145 2937 propinquus
1168 2876 1206 2919 ex
1227 2856 1333 2919 eodem
1355 2865 1443 2938 poeta
1472 2860 1551 2921 inter

165 2978 263 3033 cetera
290 2968 346 3031 stili
375 2970 420 3032 sui
441 2969 498 3030 otia
513 2967 649 3031 Pinacem
671 2966 788 3029 Cebetis
807 2965 952 3047 explicuit
994 2964 1298 3029 Homero-centones
1327 2969 1414 3029 etiam
1447 2969 1548 3030 vocari

166 3079 270 3159 solent,
293 3080 341 3160 qui
364 3077 402 3140 de
424 3076 600 3140 carminibus
621 3077 741 3139 Homeri
762 3077 879 3156 propria
899 3092 990 3155 opera
1012 3092 1095 3137 more
1116 3077 1285 3137 centonario
1308 3094 1347 3138 ex
1368 3076 1464 3138 multis
1478 3076 1547 3139 hinc

165 3188 233 3252 inde
248 3188 418 3268 compositis
434 3192 464 3248 in
478 3204 568 3248 unum
589 3187 717 3249 sudant
738 3203 853 3266 corpus.
895 3184 931 3246 Et
951 3186 1051 3265 utique
1069 3182 1236 3268 formatior
1260 3185 1363 3248 iacun
1384 3183 1551 3248 leuatum

166 3299 203 3360 ad
224 3296 389 3361 facultatem
416 3298 557 3378 cuiusque
587 3299 736 3359 maurina.
785 3292 851 3357 Nec
878 3293 1033 3374 periclitor
1060 3294 1176 3371 dicere,
1203 3303 1289 3375 ipsas
1314 3316 1432 3375 peraque
1462 3294 1551 3358 Scri·

163 3416 275 3488 pturns
306 3414 353 3468 sic
378 3427 447 3468 asae
474 3428 517 3469 eta
543 3403 602 3467 Dei
631 3404 788 3468 adsentator
815 3405 998 3484 disposta,
1025 3412 1059 3466 ut
1088 3401 1252 3467 haereticis
1283 3412 1447 3467 materians
1474 3402 1549 3468 sub·

165 3524 393 3594 ministrarent,
430 3533 518 3598 quum
553 3516 652 3599 legam
675 3523 812 3597 oportere
832 3512 976 3578 haereses
998 3532 1082 3591 esse,
1111 3524 1197 3594 quae'
1215 3514 1280 3577 sine
1302 3514 1459 3595 scripturis
1481 3534 1550 3579 esse

166 3644 225 3688 non
248 3628 399 3707 possunu‘

272 3736 409 3800 Jamuero
439 3753 498 3798 non
526 3736 590 3798 aliis
618 3735 732 3798 meliori
764 3735 828 3798 iure
857 3734 982 3815 tribuas,
1011 3732 1089 3814 quod
1117 3733 1246 3795 omnium
1276 3733 1361 3813 primi
1383 3732 1550 3815 Scripturas

165 3848 387 3909 instrumentum
409 3845 595 3925 acceperint,
624 3844 703 3924 quod
729 3843 837 3905 luerint
865 3842 1031 3905 auctoribus
1052 3842 1228 3914 viciniores,
1259 3841 1337 3922 quod
1366 3842 1550 3906 instrumenti

165 3956 294 4037 linguam
309 3954 464 4017 habuerint
478 3952 674 4033 vernaculam,
696 3952 833 4034 quodque
855 3960 951 4015 semet
965 3952 1155 4033 expositionis
1169 3949 1263 4013 semu
1285 3950 1406 4013 tmditae
1429 3959 1549 4016 wuaces

166 4064 349 4128 ostenderint
378 4080 464 4144 qaam
485 4062 521 4123 iis
548 4080 602 4142 per
624 4079 698 4142 quos
726 4063 871 4125 sententia
899 4062 1073 4125 christianae
1088 4061 1277 4142 'antiquitatis
1299 4059 1336 4121 ad
1369 4078 1425 4124 nos
1454 4080 1547 4144 usque

166 4175 307 4257 pervenit
335 4171 542 4235 Necessarium
557 4171 645 4252 igitur
658 4170 885 4253 protestantibus
900 4170 960 4251 tuit,
977 4173 1149 4234 sententiam
1164 4170 1360 4251 iudiciumque
1376 4170 1550 4237 christianae

166 4283 342 4366 antiquitatis
363 4278 526 4363 explorare,
550 4279 678 4361 illudque
700 4280 870 4363 complecti,
892 4300 930 4344 ne
952 4298 1040 4344 secus
1062 4282 1161 4344 vitium
1183 4279 1359 4362 impudentis
1380 4283 1550 4346 temeritatis

168 4393 351 4458 mnnamsse
370 4389 547 4454 viderentur.

231 4594 276 4669 ⁸²)
304 4593 403 4649 ttomm
423 4592 585 4666 secuntias,
618 4596 835 4665 morantemque
948 4593 992 4669 ⁸³)
1013 4592 1052 4652 lte
1072 4592 1239 4665 Praescriptt
1260 4608 1319 4664 cap.
1340 4590 1462 4649 Xllltlll.

170 4701 319 4759 doctrinam
339 4698 478 4773 expendit,
499 4697 665 4772 illustratque
684 4697 835 4755 hudovieus
1130 4762 1131 4766 Ἰ

170 4807 376 4880 thomassinus,
408 4805 438 4862 Τ.
454 4804 499 4861 lll.
525 4805 650 4876 Dogmat
679 4803 834 4874 Theologio.
947 4805 991 4880 ι’)
1010 4805 1050 4860 Its
1069 4805 1122 4860 hoc
1141 4802 1248 4859 nomine
1266 4803 1344 4858 aliter
1358 4804 1391 4859 ab
1405 4804 1465 4859 aliis
1479 4804 1548 4861 tecta

171 4913 291 4971 rnna
309 4913 342 4969 ds
355 4911 556 4983 Protagomsuis
570 4908 743 4983 theologiae,
758 4925 833 4981 capp.
884 4909 946 4965 vide
966 4908 1072 4978 higattit
1094 4909 1300 4979 adnotationem.

170 5017 266 5079 xtttt.
283 5033 357 5091 seqq.
