3358 5400
666 284 811 351 CAPUT
849 284 960 351 XXV·
1440 288 1498 348 ubl

123 473 190 519 cum
217 463 297 521 certa
325 474 394 521 esse
422 456 511 520 debet
538 456 607 520 iacti
633 456 875 539 repraesentatio.
919 455 984 528 Quo
1014 455 1108 537 magis
1129 454 1221 516 Deum
1243 454 1348 517 imitari
1369 464 1502 536 oporteat

122 583 163 627 ue
182 572 272 627 ratam
292 565 399 629 babeat
419 568 448 629 in
471 566 557 629 coelo
579 566 680 628 falsam
701 565 778 627 illam
799 566 948 644 unitatem,
970 584 1029 626 non
1045 563 1132 626 modo
1154 564 1220 645 quia
1241 563 1400 626 coelestem
1422 564 1499 628 illam

122 676 259 739 unitatem
282 677 356 741 salso
379 678 544 758 vitioseque
570 681 809 756 repraesentaret
828 674 928 756 capitis
954 673 1003 736 illa
1024 674 1172 737 terrestris
1194 672 1359 753 multitudo,
1388 682 1421 737 ut
1439 693 1500 738 uon

122 784 201 848 illam
220 785 275 853 sed
296 786 383 868 plane
403 787 490 850 aliam
511 787 705 868 exprimeret3
728 783 783 847 sed
805 802 877 847 vero
899 784 965 866 quia
980 785 1009 845 in
1023 801 1061 845 eo
1074 784 1137 864 ipso
1156 783 1232 846 male
1252 790 1498 864 repraesentaret,

121 895 150 956 in
172 913 230 977 quo
252 896 360 980 alioqui
385 896 605 960 accuratissime
626 894 729 958 luisset
750 901 880 974 cautum,
906 913 961 973 ne,
989 911 1076 975 quam
1098 900 1192 972 esset,
1220 892 1304 956 aliter
1324 912 1498 976 repraesen-

118 1007 259 1066 meumst

226 1120 297 1177 340.
339 1115 436 1198 Atque
456 1115 531 1179 baec
553 1115 672 1177 omnino
693 1115 766 1176 ratio
787 1112 851 1193 luit,
881 1131 956 1194 quac
971 1115 1000 1146 ⁹⁰
1025 1111 1197 1192 Maximum,
1225 1112 1385 1195 Urbanum,
1413 1115 1497 1180 Sido-

114 1225 197 1286 nium
218 1231 249 1285 et
269 1224 426 1287 blacarium
448 1225 542 1307 gloria
564 1224 758 1287 confessionis
779 1223 921 1305 insignes,
948 1229 978 1283 et
998 1241 1014 1283 a
1036 1221 1187 1284 Novatiani
1210 1222 1366 1285 schismate
1388 1224 1425 1288 ad
1446 1245 1496 1307 pu-

113 1352 181 1396 cem
204 1335 406 1417 unitatemque
427 1335 573 1397 ecciesiae
594 1333 754 1396 redeuntes
774 1332 932 1414 permovit,
962 1338 992 1393 ut
1013 1350 1094 1393 suain
1117 1331 1162 1393 bis
1184 1332 1281 1394 verbis
1299 1333 1387 1397 iidem
1408 1335 1496 1416 profi-

112 1449 264 1505 terentur:
308 1443 389 1523 „Nos
406 1444 585 1531 'Cornelium
615 1449 790 1522 episcopum
816 1445 1031 1503 sanctissimae
1059 1437 1226 1503 catholicae
1254 1440 1402 1506 ecelesiae
1433 1444 1494 1508 ele·

113 1560 196 1615 ctum
213 1572 231 1615 a
246 1552 310 1616 Deo
324 1556 523 1637 omnipotente
539 1561 568 1617 et
582 1553 695 1616 Christo
709 1553 834 1614 Domino
849 1557 949 1612 nostro
968 1551 1086 1611 scimus.
1128 1549 1189 1613 Nos
1212 1569 1342 1614 errorem
1364 1559 1493 1616 nostrum

113 1662 306 1726 confitemur:
329 1681 384 1727 nos
407 1665 596 1745 imposturam
618 1664 697 1745 passi
719 1680 827 1725 sumus.
871 1660 1065 1722 circumventi
1086 1677 1186 1721 sumus
1200 1660 1318 1741 perfidia
1342 1668 1371 1722 et
1394 1662 1494 1743 loqtm·

109 1774 201 1836 citate
222 1775 367 1855 captiosa3
389 1791 455 1835 num
478 1774 533 1835 etsi
554 1770 726 1836 videbamur
740 1772 822 1853 qnasi
836 1768 990 1852 quamdam
1005 1770 1297 1833 communicationem
1312 1788 1378 1833 curn
1400 1771 1493 1835 schis-

111 1884 224 1946 matico
252 1889 283 1945 et
309 1882 459 1946 haeretico
485 1881 604 1944 homine
631 1880 785 1961 babuisse,
813 1881 929 1943 sincera
957 1887 1057 1942 tamen
1082 1897 1166 1941 mens
1194 1886 1294 1942 nostra
1320 1898 1438 1962 semper
1464 1883 1494 1944 in

113 1993 248 2056 eeclesia
274 1992 334 2055 ituit.
378 1990 446 2055 Nec
470 1999 552 2055 esaim
578 1998 755 2075 lqnnrurnus
777 2011 872 2052 ansam
894 1989 1101 2066 Detumuere,
1128 2010 1224 2052 arnum
1246 1987 1402 2053 Christum
1424 2013 1493 2055 case

111 2100 298 2179 Dominum,
321 2123 409 2182 ααννν
427 2101 566 2184 confessi
585 2121 709 2176 mutus,
731 2121 825 2162 tanum
845 2098 997 2179 Spiritum
1018 2096 1182 2176 Sanctum,
1204 2121 1300 2163 arnum
1322 2110 1494 2183 episcopum

110 2218 145 2274 ἐν
167 2209 321 2276 calholica
342 2208 475 2274 ecclesio
497 2232 566 2273 ease
589 2208 723 2273 mduef‘
757 2209 873 2271 Eadem
902 2211 974 2271 ratio
997 2209 1133 2272 Cornelio
1160 2211 1317 2291 persuasit,
1345 2219 1377 2274 ut
1395 2214 1426 2275 in
1447 2213 1491 2275 lie

110 2322 186 2385 teris
210 2321 246 2383 ad
267 2320 385 2384 Fabium
404 2321 610 2384 antiochenum
631 2318 705 2382 datis
720 2321 746 2352 ⁰¹
774 2317 831 2381 bac
852 2321 1012 2397 sententia,
1037 2319 1120 2382 brevi
1144 2319 1192 2382 illa
1217 2320 1352 2403 quidem,
1379 2326 1490 2405 gravis·

8 2410 9 2425 ¹
109 2432 188 2495 sima
209 2438 325 2511 umen,
346 2429 498 2494 Novatiani
521 2429 619 2492 scelus
641 2429 868 2491 demonstraret:
911 2425 943 2491 ‘0
963 2426 1121 2505 ἐκδικητής
1143 2421 1201 2493 οὖν
1220 2432 1276 2494 τοῦ
1295 2429 1489 2514 εὐαγγελίου,

71 2528 78 2535 ’
112 2538 175 2603 οὐκ
193 2539 344 2616 ἠπίστατο
365 2544 421 2603 ἕνα
439 2538 609 2602 ἐπίσκοπον
630 2536 696 2600 δεῖν
718 2533 798 2601 εἶναι
818 2541 851 2601 ἐν
872 2536 1032 2619 καθολικῇ
1050 2538 1211 2620 ἐκκλησίᾳ,
1234 2561 1307 2624 erpo
1326 2539 1378 2604 ille
1399 2564 1488 2606 νεανι-

110 2649 188 2734 palii
207 2650 324 2713 malem
347 2647 509 2734 ipnorcbot
532 2670 627 2713 ussum
649 2654 820 2729 epiacmum
839 2668 907 2708 ease
927 2654 1063 2726 oporlew
1082 2654 1115 2709 in
1134 2647 1262 2712 ecclesio
1281 2648 1439 2716 catholico.

219 2759 323 2842 Neque
344 2760 401 2823 alia
427 2758 464 2821 de
494 2776 596 2821 caussa
621 2758 727 2820 factum
755 2757 847 2820 videri
874 2755 975 2836 debet,
1004 2763 1036 2818 ut
1061 2756 1216 2847 Dionysius
1242 2759 1446 2826 alexandrinus
1459 2765 1487 2797 ⁰²

110 2868 157 2932 bis
182 2867 280 2932 verbis
299 2867 491 2932 Novatianum
512 2868 741 2949 perstringeret:
780 2863 867 2930 Ἔδει
892 2869 951 2947 μὲν
972 2857 1122 2945 γαρεεᾶν
1143 2868 1247 2931 ὁτιοῦν
1267 2868 1389 2933 παθεῖν
1410 2869 1489 2951 ὑπὲρ

8 2964 9 3015 i
112 2978 169 3040 τοῦ
189 2976 233 3059 μή
255 2975 409 3056 διακόψαι
432 2971 487 3054 τήν
507 2975 672 3051 ἐκκλησίαν
699 2976 755 3036 τοῦ
775 2973 873 3037 θεοῦΙ
902 2974 955 3038 καὶ
976 2964 1015 3050 ἦν
1036 2974 1095 3038 οὐκ
1121 2973 1294 3056 αδοξοτέρα
1314 2979 1366 3054 τῆς
1387 2984 1490 3044 ἕνεκεν

113 3090 171 3151 τοῦ
189 3084 234 3169 μή
249 3089 276 3122 '³
302 3087 403 3152 θῦσαι
423 3085 580 3169 μαρτυρία
586 3130 596 3161 ,
619 3082 687 3147 κατ’
708 3084 763 3165 ἐμὲ
786 3081 822 3147 δὲ
843 3085 896 3148 καὶ
913 3082 1046 3167 μείζων·
1067 3086 1131 3146 ἐκεῖ
1150 3085 1209 3164 μὲν
1229 3079 1291 3169 γὰρ
1313 3084 1392 3169 ὑπὲρ
1413 3092 1489 3172 μιᾶς

111 3343 172 3401 cap.
193 3325 294 3394 xxvi,
325 3324 503 3381 'l'beodoritus
529 3300 659 3380 Haeretic.
685 3321 775 3379 Fabul.
826 3321 938 3395 epistola
959 3320 1075 3378 Cornelii
1089 3323 1175 3397 Papae
1192 3323 1224 3379 ad
1240 3323 1413 3401 cyprianum
1433 3330 1487 3382 tum

110 3433 159 3489 lib.
173 3431 218 3487 tv.
240 3448 298 3505 cap.
312 3430 360 3506 111,
382 3446 467 3487 onnon
488 3432 720 3502 quinquagesimus
740 3444 776 3483 ex
826 3428 918 3484 addit:
953 3427 1119 3501 „Ecclesiam
1149 3430 1305 3485 catholicam
1336 3432 1489 3504 specialiter

111 3537 282 3611 apostolicis,
303 3542 331 3592 et
350 3536 524 3592 Tertullianus
545 3538 588 3608 qui
609 3542 699 3591 contra
713 3535 776 3590 Pra-
826 3534 951 3607 appellari
979 3551 1129 3609 romatiam3
1155 3551 1190 3591 eo
1211 3536 1282 3607 quod
1308 3537 1385 3594 radix
1405 3538 1441 3594 sit
1460 3544 1487 3594 et

111 3660 192 3701 seam
212 3643 349 3717 disputans
370 3643 411 3699 sic
429 3643 512 3699 babet
529 3659 588 3716 cap.
599 3642 701 3699 XXVI:
722 3640 777 3716 „ut
825 3644 922 3697 matrix
942 3641 1072 3695 ecelesiae
1094 3641 1249 3716 catholicae,
1272 3649 1301 3699 ut
1320 3646 1358 3700 ait
1377 3645 1487 3718 Cypria-

110 3755 176 3825 post
195 3751 417 3805 resurrectionem
430 3749 564 3822 spondens
579 3748 697 3805 Christus
713 3750 776 3803 mis·
825 3762 874 3802 uus
896 3748 921 3802 in
943 3746 1056 3820 epistola
1077 3747 1111 3803 ad
1132 3747 1290 3805 cornelium.
1329 3751 1375 3807 Sic
1393 3752 1487 3808 catho-

111 3871 202 3913 surum
230 3871 260 3911 ss
287 3855 424 3929 discipulis
451 3857 654 3927 promissionem
681 3854 775 3919 Patris,
825 3852 903 3909 licam
925 3853 1064 3909 ecclesiam
1086 3853 1156 3909 idem
1174 3853 1319 3928 Cyprianus
1334 3856 1360 3911 iu
1374 3856 1486 3930 epistola

111 3967 140 4017 st
160 3962 306 4017 nouissime
330 3961 506 4017 mandarant
527 3942 659 4033 tingerent
680 3962 706 4015 iu
727 3959 776 4014 Pa·
826 3959 859 4014 ad
880 3960 1060 4015 Antonianum
1081 3961 1157 4017 initio
1177 3967 1259 4016 vocat
1278 3977 1430 4019 romanam:
1456 3972 1488 4020 ut

111 4073 180 4124 bem
200 4067 340 4124 etlilium
361 4075 389 4124 et
408 4068 536 4140 Spiritum
556 4067 698 4139 Sanctum,
718 4082 776 4123 uos
824 4066 881 4121 ium
900 4067 1030 4122 sciretis
1049 4081 1151 4135 secam,
1171 4066 1222 4121 boc
1239 4075 1287 4139 est,
1308 4085 1369 4125 cum
1387 4069 1485 4127 cauo·

110 4174 143 4229 s'o
167 4189 260 4229 usnam.
307 4173 373 4229 Nam
398 4190 453 4232 osc
476 4174 561 4231 amuel
582 4174 632 4231 aad
656 4180 713 4243 tar,
742 4173 775 4229 ad
825 4171 881 4228 lica
901 4172 1022 4241 ecclesio
1042 4172 1273 4229 cmunuoicore.“

111 4280 217 4350 singula
243 4281 350 4336 uomina
376 4280 404 4337 iu
429 4281 547 4352 singrdas
573 4293 704 4352 personas
726 4280 776 4335 tin-
886 4277 932 4352 ⁹²)
962 4279 1039 4351 Apud
1070 4277 1214 4334 Eusebium
1247 4279 1279 4333 ll.
1309 4277 1341 4334 E.
1371 4279 1417 4335 lib.
1438 4279 1484 4337 vt.

110 4382 228 4456 αἰπεινή(
421 4392 424 4398 “
824 4400 882 4458 oap.
902 4383 981 4440 xlv.

886 4489 931 4565 ⁹³)
958 4490 986 4546 ln
1008 4490 1124 4562 vulgatis
1145 4489 1307 4546 editionibus
1328 4506 1359 4546 ac
1380 4490 1406 4545 iu
1427 4492 1485 4564 ipss

823 4611 927 4668 quoque
954 4596 1090 4652 valesiana
1116 4597 1226 4671 legitur,
1254 4590 1304 4652 τοῦ
1323 4586 1363 4670 μή
1383 4594 1485 4672 opicus,

823 4702 871 4758 sed
897 4701 1038 4773 legendum
1066 4717 1127 4757 esse
1154 4696 1205 4758 τοῦ
1230 4691 1269 4775 μή
1296 4697 1386 4757 θῦσαι
1415 4701 1485 4759 felici

171 4538 217 4614 ⁹⁰)
243 4540 339 4596 Narrat
365 4541 417 4597 ista
443 4541 581 4598 Cornelius
607 4542 633 4597 iu
659 4542 773 4614 epistola

111 4643 202 4702 xtix·
223 4646 257 4700 al.
272 4644 362 4702 xbvr.
383 4663 445 4720 pag.
462 4648 529 4704 235.
550 4648 584 4704 ad
606 4648 772 4719 cyprianum.

172 4802 217 4878 ⁹¹)
248 4768 327 4877 Apud
351 4804 500 4887 ‘Eusebium
532 4807 564 4861 ll,
592 4806 623 4861 E.
654 4805 700 4861 lib.
727 4805 772 4860 Vl.
813 4810 975 4863 ⁴coniectura
1001 4808 1158 4863 Pearsonius
1179 4810 1204 4863 iu
1225 4807 1370 4863 Annalibus
1391 4806 1485 4880 Cypri·

111 4925 167 4982 cap·
187 4909 277 4967 llllll.
320 4912 410 4968 bouet
429 4919 518 4969 autem
538 4914 565 4969 in
585 4913 704 4969 subiecta
727 4912 774 4968 ad-
824 4914 908 4968 anicis
930 4914 963 4968 ad
984 4928 1026 4967 an.
1041 4912 1123 4967 ccli.
1144 4912 1171 4985 ς.
1186 4913 1218 4967 Χ.
1240 4912 1323 4984 vidit,
1351 4918 1379 4969 at
1402 4912 1482 4969 latina

110 5018 247 5076 nouuoue
274 5017 412 5092 Valesius,
440 5018 533 5075 eadem
558 5019 641 5075 rerba
666 5019 720 5089 legi
746 5019 772 5077 in
824 5019 919 5077 liulflui
940 5018 1065 5074 versione
1087 5016 1258 5075 confirmarit.
