3374 5388
679 287 825 355 CAPUT
865 288 925 356 tv.
1432 286 1495 351 111

100 475 233 542 proram
272 456 458 523 masena:
477 457 582 542 igitrn,
612 476 649 524 ae
669 459 814 524 eiusmodi
836 458 942 523 existet
963 475 1085 522 sensus:
1115 453 1159 522 m
1184 476 1241 543 apo
1266 461 1405 522 mensas
1425 456 1495 521 dico

103 566 170 645 rur,
191 568 272 648 quaed
290 576 326 632 tu
348 588 381 631 ea
403 565 538 646 Petrus,
559 568 618 631 aed
636 586 696 651 epo
716 589 810 657 super
830 568 910 632 hunc
927 575 1070 648 petram,
1103 567 1198 649 qualis
1221 568 1284 650 ipse
1305 586 1388 648 sum,
1411 567 1494 631 aedt-

97 676 207 760 fteabo
226 676 391 742 mouens
409 698 517 742 maon

211 813 271 879 Sed
295 814 364 895 quid
383 814 502 896 proprie
523 815 555 877 in
576 814 780 896 quaestionem
803 806 977 877 adducitini
1004 812 1133 876 illudne
1155 813 1303 895 quomodo
1322 819 1423 893 possit
1445 831 1494 875 ac·

103 924 162 1005 cipi
184 923 324 1005 particula
345 924 413 1004 xci,
444 942 481 986 an
502 923 573 987 illud
590 923 687 1006 potius
709 922 859 1005 quomodo
886 924 1015 987 acautis
1044 924 1230 1006 immotisque
1251 923 1493 988 hermeneuticae

103 1032 223 1115 legibus
244 1034 337 1115 accipi
367 1030 498 1096 deleme
523 1032 595 1096 illud
620 1050 659 1095 ne
690 1050 776 1114 quarn
804 1034 864 1095 vim
895 1032 1008 1097 reterre
1028 1031 1171 1098 ammata
1187 1041 1304 1113 potu,
1333 1053 1371 1098 an
1399 1034 1494 1116 potius

106 1160 195 1224 mam
216 1143 275 1204 vim
296 1149 471 1221 comparate
486 1141 522 1204 ad
535 1148 724 1224 praesentem
745 1148 922 1221 contextum,
946 1143 1028 1206 cuius
1052 1144 1150 1207 omnia
1164 1150 1335 1225 spectentur
1349 1142 1492 1223 adiuncta,

103 1271 214 1314 revera
225 1248 416 1334 praeferat?
447 1252 570 1333 quisque
599 1252 703 1331 sentit,
725 1269 785 1314 non
813 1250 884 1314 illud
913 1253 994 1338 prius
1016 1253 1136 1334 quaeri,
1163 1250 1243 1333 quod
1268 1259 1329 1315 tum
1352 1250 1384 1315 tit
1405 1271 1493 1335 mum

102 1361 201 1424 lern'oa
217 1361 259 1394 ¹⁸¹
285 1359 523 1441 conscribuntur3
554 1358 608 1423 sed
628 1359 687 1423 boc
707 1363 871 1442 posterius,
899 1360 978 1443 quod
998 1360 1062 1424 lieri
1082 1362 1171 1424 toties
1193 1360 1297 1439 debet,
1319 1364 1436 1444 quoties
1456 1362 1494 1425 de

104 1471 345 1553 interpretatione
376 1469 546 1550 disputatur.
598 1468 642 1558 lio
675 1471 764 1552 igitur
797 1470 976 1552 quaestionis
1010 1478 1096 1553 caput
1126 1488 1299 1552 summaque
1336 1471 1429 1552 redit,
1464 1479 1496 1535 ut

105 1581 247 1662 inspectis
274 1577 516 1644 antecedentibus
547 1588 578 1643 et
605 1579 871 1661 consequentibus,
911 1586 1031 1662 totaque
1060 1581 1200 1643 orationis
1229 1582 1308 1645 serie
1337 1580 1495 1662 diligenter

101 1679 279 1772 perimunt·
299 1687 470 1767 delinietur,
500 1685 589 1752 mota
610 1707 662 1769 ne,
688 1696 815 1768 nuptia
835 1707 872 1753 aa
891 1709 953 1751 mu
975 1695 1067 1769 trito,
1086 1706 1124 1753 an
1145 1696 1302 1767 ramum,
1332 1697 1495 1769 rariorque

101 1805 235 1881 potestas
257 1798 417 1880 particulae
446 1798 500 1862 sat
521 1798 679 1881 deligenda
699 1799 745 1861 sit.
787 1798 877 1879 Atqui
895 1798 959 1861 talis
990 1805 1038 1861 est
1063 1800 1202 1863 universa
1223 1788 1369 1863 sermonis
1391 1798 1493 1879 iacies,

101 1926 180 1990 quae
195 1908 321 1989 obviam,
336 1908 496 1990 propriam,
516 1926 712 1988 communen,
735 1926 861 1989 eamque
876 1908 1068 1990 copulatimm
1089 1916 1118 1971 et
1131 1905 1322 1986 coadmixti:
1333 1907 1494 1991 particulae

99 2018 157 2082 καὶ
178 2018 423 2101 signiiicmionem
443 2017 578 2101 postulat
995 2029 997 2032 ’

211 2153 296 2229 Quod
323 2152 428 2236 quihus
462 2151 670 2234 comprobetur
697 2153 897 2234 argumentis,
933 2153 990 2215 iam
1023 2154 1141 2235 saepius
1175 2154 1365 2218 ostendimus.
1415 2154 1493 2220 Sane

102 2265 206 2345 nequit
226 2265 365 2344 incisum,
400 2263 451 2326 dni
471 2261 570 2345 ταύτῃ
589 2264 627 2344 τῇ
647 2266 747 2343 πέτρᾳ
769 2258 970 2343 οἰκοδομήσω
990 2282 1054 2344 μου
1076 2261 1132 2338 τήν
1152 2262 1330 2344 ἐκκλησίαν,
1364 2282 1381 2326 a
1407 2282 1493 2347 prae·

101 2373 232 2436 cedente
254 2372 362 2452 divelli,
386 2374 455 2454 quin
469 2372 490 2434 l.
505 2369 646 2467 cipporum
664 2379 693 2434 et
714 2379 875 2435 concentus
897 2373 974 2435 inter
994 2372 1218 2453 responsionem
1234 2372 1340 2438 Christi
1361 2392 1397 2437 ac
1416 2370 1494 2438 Petri

102 2482 233 2546 timditus
253 2481 455 2564 perturbetur:
478 2484 548 2563 quin
569 2481 602 2545 ll.
626 2484 718 2547 oratio
733 2483 838 2546 Christi
859 2481 999 2545 reddatur
1017 2482 1119 2562 tracta,
1141 2481 1303 2563 salebrosa,
1327 2491 1356 2546 et
1377 2486 1494 2549 nonnisi

102 2608 158 2673 per
172 2590 365 2672 parentheses
380 2598 538 2673 utcumque
552 2592 778 2675 complananda:
803 2594 872 2675 quin
893 2592 938 2655 lll.
961 2592 1090 2655 continui
1104 2598 1134 2654 et
1147 2610 1186 2654 ne
1201 2591 1351 2657 levissime
1374 2595 1493 2676 quidem

102 2701 267 2766 adumbrati
281 2704 323 2737 ¹⁸¹
348 2702 489 2765 orationis
510 2702 647 2765 transitus
676 2705 705 2765 in
726 2702 901 2765 brevissimo
929 2720 1069 2765 sermons
1097 2700 1314 2783 contingantur:
1346 2704 1416 2786 quin
1444 2703 1490 2766 tv.

100 2831 212 2876 sensus
234 2813 283 2893 qui
306 2818 435 2875 mentem
457 2830 511 2875 sua
532 2818 637 2893 sponte
659 2818 798 2893 occupat,
829 2811 906 2874 nulla
930 2810 1099 2893 impellente
1122 2828 1241 2892 caussa,
1263 2811 1431 2876 deseratur:
1463 2822 1493 2877 et
1535 2796 1538 2801 ’

100 2922 173 3005 quin
195 2921 230 2983 v.
253 2920 441 3002 abrumpatur
461 2920 608 2984 vinculum
628 2938 687 3003 quo
702 2921 807 2985 Christi
830 2920 923 2985 verba
945 2939 1011 2983 cum
1033 2920 1167 2985 eiusdem
1182 2922 1306 2984 consitio
1327 2921 1491 2986 cohaerere

101 3031 222 3095 debent

209 3165 394 3230 Manifestum
415 3182 543 3247 namque
565 3171 611 3229 est
632 3165 814 3247 propositum
835 3164 929 3227 tuisse
951 3164 1066 3229 Christo
1087 3167 1184 3229 vicem
1209 3166 1375 3248 rependere
1396 3164 1490 3247 Petro,

99 3277 243 3357 illumque
266 3293 320 3358 pro
341 3273 420 3338 edita
435 3273 625 3337 consessione
640 3275 755 3337 eximiis
776 3276 916 3356 praemiis
931 3274 1090 3338 cumulare.
1133 3275 1197 3339 lloc
1219 3276 1322 3340 ductus
1344 3279 1491 3341 sermonis

102 3386 226 3450 evincit:
258 3384 316 3447 boc
336 3383 503 3461 exordium,
537 3380 626 3465 κάγώ
648 3380 684 3447 ot
707 3384 757 3446 noi
778 3382 875 3466 λέγω,
904 3383 1078 3466 persuadet:
1109 3384 1167 3448 boc
1198 3392 1317 3447 veteres
1345 3385 1490 3450 ecciesiae

99 3502 202 3579 patres
216 3495 370 3557 unanimes
386 3491 568 3555 adnotarunt.
597 3493 680 3556 Unde
695 3492 791 3556 media
806 3508 923 3576 quoque
937 3499 1032 3557 aetate
1045 3492 1280 3577 Tbeopbylactus
1297 3494 1339 3528 '⁸⁴
1356 3496 1488 3577 scripsit:

101 3601 277 3686 Ἀμείβεται
304 3602 359 3665 τὸν
387 3598 515 3683 Πέτρον
543 3601 560 3663 d
583 3599 704 3684 κύριος,
733 3600 858 3686 μισθὸν
885 3600 972 3685 αὐτῷ
993 3597 1102 3677 didonis
1122 3600 1242 3684 μέγαν,
1268 3600 1304 3665 τὸ
1332 3603 1381 3666 ἐπ’
1402 3602 1490 3688 αὐτῷ

102 3858 137 3915 ad
163 3856 257 3913 ltatun
277 3854 348 3913 xvt.
371 3854 425 3929 18,
457 3857 613 3931 particulam
640 3858 703 3928 καί,
731 3861 770 3917 in·
821 3876 899 3932 quum
920 3860 954 3916 ad
975 3859 1094 3932 singulas
1115 3874 1197 3915 voces
1217 3860 1412 3933 particulasque
1437 3826 1490 3920 ior*-

100 3963 169 4036 quit,
191 3962 352 4018 reddendam
366 3977 427 4018 esse
440 3979 606 4036 pervortam,
623 3966 681 4037 sed,
702 3966 771 4023 bene
819 3967 940 4038 ruginem
969 3964 1117 4038 silvamque
1144 3965 1297 4040 uotiouum‚
1330 3984 1396 4040 quas
1427 3969 1488 4026 illae

101 4075 261 4126 monuerunt
279 4068 415 4125 Michaelis
429 4070 455 4125 in
469 4068 546 4125 Notis
567 4071 626 4128 crit.
648 4089 711 4145 pag.
725 4072 771 4146 10,
823 4073 932 4130 induere
953 4071 1076 4129 absolute
1095 4077 1222 4145 possunt,
1247 4071 1388 4145 collegere.

101 4181 130 4232 et
152 4174 359 4246 Soboettgenius
380 4178 407 4232 iu
428 4176 508 4231 lloris
528 4175 603 4232 hebr.
625 4195 688 4251 pag.
706 4177 770 4252 its,

99 4284 166 4339 item
192 4280 219 4337 ln
246 4279 346 4337 Lerioo
366 4278 397 4338 N.
420 4280 450 4339 Τ.
470 4298 534 4356 pag.
549 4280 616 4340 477.
638 4283 772 4339 edituo·

98 4388 168 4446 viss.
188 4402 252 4460 pag.
268 4384 335 4444 510.
376 4386 451 4444 llano
470 4389 608 4445 notionem
629 4388 701 4444 iltius
722 4403 771 4443 vo·

100 4493 177 4551 oniae
198 4493 289 4550 multis
309 4492 468 4567 scriptomm
488 4509 625 4551 sacrorum
644 4495 771 4569 protono-

99 4616 212 4672 rumque
237 4598 305 4658 loeta
333 4601 472 4657 confirmet
497 4601 635 4659 lictardus
664 4603 690 4658 in
718 4600 771 4658 oh-

101 4706 528 4887 mffissfflssfiss
555 4814 701 4887 mmm
729 4814 770 4870 di.
821 4777 880 4818 men
900 4760 982 4818 verba
1001 4776 1056 4817 non
1075 4762 1226 4835 praeierant
1242 4763 1294 4818 nisi
1310 4765 1484 4820 arctissimam

98 4933 177 4977 oues
203 4933 241 4975 οι
266 4918 456 4991 mmmm
488 4933 543 4975 „on
573 4934 691 4995 mm,
725 4922 769 4993 qui
821 4873 1057 4929 continuationem,

99 5032 156 5085 mm
181 5023 236 5084 sibi
261 5038 340 5082 omne
367 5024 461 5084 tulisse
486 5030 611 5099 punctum
639 5025 769 5100 attam,
886 5026 946 5102 ¹⁸⁴)
967 5024 1067 5085 comm
1089 5026 1122 5085 ad
1142 5025 1234 5085 ltattb·
1255 5025 1326 5086 XVI.
1350 5023 1395 5084 ta.

886 4230 946 4305 ¹⁸³)
974 4229 1040 4285 Nam
1064 4231 1204 4302 tequemio
1223 4230 1296 4287 illioo
1316 4232 1414 4308 umba,
1442 4232 1489 4290 nni

820 4325 1037 4400 manaucate
1057 4332 1141 4405 mata,
1162 4337 1197 4393 ad
1213 4337 1318 4394 Petrum
1339 4339 1488 4397 certissime

820 4447 959 4517 spectant,
990 4441 1058 4496 unde
1086 4442 1196 4498 minimo
1223 4443 1364 4501 intervallo
1391 4445 1488 4518 triplex

820 4548 963 4606 baberetur
987 4548 1114 4604 transitus
1135 4565 1149 4604 a
1171 4548 1249 4606 Petro
1275 4550 1310 4607 sd
1337 4550 1486 4623 Christum,

820 4660 847 4710 et
868 4671 883 4709 a
904 4655 1009 4711 Christo
1029 4655 1124 4710 iterum
1145 4655 1179 4711 ad
1200 4654 1320 4730 lebam,
1346 4673 1425 4731 quum
1446 4662 1487 4712 ta·
