3324 5382
602 312 749 381 cmm
789 314 896 382 xvir.
1378 318 1440 383 898

54 501 163 566 corpus
184 483 318 547 eiusdem
339 482 509 566 nycticora,
544 482 612 546 idei
628 485 724 549 unitas
745 483 937 565 lormmetm,
972 501 1009 547 ac
1028 483 1133 549 tidelea
1156 484 1369 566 stabilirentur,
1402 506 1441 551 ne

1 647 2 666 ,
53 612 190 658 enorum
218 592 385 656 abaciam
413 599 613 655 hanoversum
639 592 753 676 abrepti
780 613 796 657 a
821 601 959 677 suscepta
987 594 1080 658 semel
1110 594 1261 659 doctrinae
1290 598 1442 661 sanctitate

51 704 132 767 deuii
164 702 348 766 recederent
398 700 563 765 Prrtabimue
598 702 698 766 dotem
732 722 801 767 eme
829 710 1092 787 omsrnenlomque
1118 704 1212 785 Petri,
1247 713 1279 769 ut
1304 708 1442 789 princeps

50 812 191 876 credatur
211 813 358 890 iunctura,
393 818 481 894 atquc
510 811 649 893 ὄργανον
673 813 872 896 potissimum,
910 815 987 896 quod
1009 813 1079 880 κατ’
1100 818 1256 898 ἐνέργειαν
1276 816 1314 880 ab
1335 834 1372 879 eo
1394 834 1443 879 ac·

49 929 178 1003 ceptam,
200 921 249 1003 qui
270 919 312 983 illi
333 920 414 1002 dixit,
435 921 474 983 οὐ
496 915 526 984 el
544 919 679 1002 Πέτρος,
702 920 847 1003 στήριξον
866 916 941 998 τούς
961 921 1123 1011 ἀδελφούς
1143 943 1212 1000 σου,
1234 926 1380 1007 αοίμαννε
1401 921 1441 989 ια’

49 1027 199 1113 πρόβατα
227 1050 309 1111 μον,
345 1031 448 1112 iungat
480 1037 567 1113 utque
596 1032 626 1095 in
654 1050 745 1096 uuum
774 1050 882 1115 comus
911 1035 1129 1097 universitatem
1158 1033 1288 1099 fidelium
1316 1035 1440 1118 copulet

49 1140 278 1223 copulatamque
299 1141 454 1204 contineat.

159 1249 241 1323 Quae
262 1267 351 1332 quum
371 1251 411 1313 ita
432 1250 497 1329 sint,
521 1258 639 1333 apparet
659 1250 682 1313 Ι.
704 1250 808 1315 fideles
823 1270 937 1334 omnes,
961 1260 1095 1335 pastores
1109 1272 1145 1317 ac
1158 1270 1241 1331 oves,
1264 1253 1436 1318 sacerdotes

49 1368 83 1424 et
102 1359 222 1442 plebes,
250 1358 376 1423 clericos
399 1367 430 1423 et
451 1359 541 1423 laicus
562 1369 731 1441 comparate
752 1359 790 1423 ad
809 1360 926 1425 Petrum
947 1353 1008 1427 non
1029 1382 1098 1426 esse
1120 1361 1365 1445 καταρτίζοντας
1385 1365 1438 1429 sed

47 1468 335 1551 καταρτιοθέντας,
371 1486 430 1532 non
450 1487 519 1533 esse
540 1467 791 1551 οἰκοδομοῦντας
811 1470 865 1534 sed
886 1469 1074 1553 οἰκοδομήν,
1105 1490 1165 1536 non
1188 1491 1256 1536 esse
1277 1469 1367 1560 ἁφήν
1386 1477 1439 1549 τῆς

47 1580 259 1661 ἐπιχορηγίας
277 1580 332 1644 sed
354 1580 388 1642 τὺ
409 1581 504 1662 σῶμα
524 1578 874 1663 συναρμολογούμενον,
895 1599 1045 1645 nonense
1067 1576 1123 1658 τήν
1138 1586 1294 1665 ἐνέργειαν
1315 1583 1369 1646 sed
1383 1580 1439 1660 τήν

45 1683 187 1767 αὔξησιν.
229 1690 361 1772 Apparet
380 1690 414 1753 ΙΙ.
436 1691 644 1755 institutionem
667 1692 792 1772 pastona
812 1692 1013 1771 oecumenici,
1044 1691 1234 1774 doctorisque
1256 1692 1439 1772 uniuersalis,

45 1808 136 1882 atque
158 1800 235 1863 adeo
257 1799 467 1863 institutionem
488 1800 645 1883 primatus,
682 1801 797 1865 Christo
820 1801 992 1880 ordinante,
1014 1803 1122 1865 reterri
1140 1802 1184 1867 ad
1202 1800 1440 1888 σονοέφοιαν

45 1917 185 1990 corporis
206 1916 328 1992 mystici
349 1916 380 1973 et
395 1908 475 1992 fidei
494 1916 659 1985 onumen,
696 1910 801 1992 quihus
833 1909 882 1974 lint
914 1918 946 1973 ut
974 1929 1082 1993 corpus
1109 1913 1146 1975 sit
1168 1930 1257 1976 unum
1278 1918 1366 1994 atquc
1388 1928 1439 1975 co·

45 2021 187 2095 haerem,
213 2036 272 2081 non
294 2018 464 2100 dissipatum
488 2028 518 2084 et
534 2019 692 2085 schemate
709 2020 859 2099 amisum,
881 2039 917 2084 ac
936 2028 968 2084 ut
987 2022 1116 2085 omniurn
1138 2040 1196 2085 nna
1218 2023 1254 2084 sit
1277 2039 1345 2103 vox,
1367 2040 1439 2085 una·

48 2147 109 2211 que
131 2125 214 2207 fides,
235 2133 267 2190 ut
287 2144 376 2189 unum
399 2146 467 2191 esse
489 2136 642 2193 ueternum
667 2129 805 2208 Verbum,
827 2149 945 2213 unaque
967 2131 1082 2194 Veritas
1104 2129 1329 2194 demonstretur.

158 2243 227 2300 242.
270 2235 314 2299 De
342 2237 401 2300 boc
428 2245 526 2301 autem
547 2239 715 2302 instituendi
736 2240 873 2322 primatus
896 2239 1019 2303 consilio
1041 2246 1128 2322 atque
1150 2256 1242 2321 scopo
1263 2239 1437 2321 praeclaris·

45 2350 123 2414 sima
144 2346 252 2409 hahent
274 2346 429 2410 orthodoxi
449 2356 557 2429 patres,
580 2347 649 2411 dum
670 2348 774 2412 Christi
797 2349 874 2430 apud
896 2349 1061 2413 lohunuern
1083 2349 1172 2413 verbu
1196 2350 1438 2432 contemplantur.

45 2457 104 2521 Uni
125 2457 231 2521 dictum
253 2464 316 2536 est,
353 2457 454 2520 scribit
474 2456 642 2538 frequenter
655 2460 682 2491 ³¹
705 2458 903 2540 Augustinus,
935 2480 1245 2539 percenseamus,
1283 2469 1315 2524 ut
1341 2462 1437 2524 unitas

46 2566 320 2643 commendaretur,
356 2585 391 2629 ac
421 2567 531 2629 inuno
549 2566 636 2630 Petro
657 2569 753 2632 unitas
775 2577 923 2650 pastorum
945 2569 1129 2651 figuraretur.
1173 2568 1227 2632 Uni
1250 2568 1357 2631 dictum
1381 2577 1436 2649 est,

45 2678 192 2758 repetit³⁵
210 2678 353 2754 Asterius,
373 2697 469 2756 parre
489 2697 560 2740 oues
581 2697 675 2753 mear,
698 2685 729 2741 ut
750 2697 838 2742 unum
861 2679 915 2742 sub
938 2696 998 2741 uno
1021 2685 1140 2760 pastore
1162 2678 1288 2741 loturum
1310 2697 1435 2761 gregem

45 2785 262 2850 ostenderetur.
305 2785 417 2853 Similia
445 2786 562 2850 uadunt
582 2784 694 2865 Leo³‘,
729 2789 796 2849 ον’
823 2787 1001 2852 venerahilis
1023 2787 1117 2867 Reda,
1155 2790 1264 2870 quique
1293 2788 1359 2852 illos
1388 2788 1436 2851 diu

44 2897 216 2977 antiquitate
237 2897 399 2978 praecessit
421 2895 590 2978 Cyprianus,
611 2896 746 2978 inpudens
759 2900 805 2960 ³⁸:
827 2897 894 2978 „Ad
919 2916 1006 2980 quum
1028 2899 1167 2962 unitatem
1189 2898 1331 2980 redigens
1353 2897 1435 2961 Chri-

44 3014 108 3069 stns
130 3006 298 3086 ecclesiam,
322 3005 419 3069 denuo
440 3004 518 3085 dicii,
540 3015 571 3070 et
591 3013 650 3069 erit
669 3028 751 3069 unua
769 3028 853 3091 pree
874 3016 902 3070 el
924 3028 1006 3070 unus
1026 3013 1163 3087 partor.“

153 3115 213 3180 Sed
235 3114 368 3196 ubinam,
405 3116 550 3198 Cypriane
570 3117 746 3198 interprete,
784 3118 915 3181 Christus
936 3117 1024 3197 dicit,
1059 3124 1089 3180 et
1118 3124 1177 3180 erit
1200 3137 1282 3179 ναατ
1300 3138 1383 3201 pree
1404 3125 1433 3180 et

42 3247 130 3289 unus
147 3227 282 3306 partor?
324 3223 545 3303 Destinaticne,
569 3243 657 3307 quum
679 3225 797 3305 dicit³’,
821 3227 874 3291 καὶ
894 3224 1053 3307 γενήσεται
1072 3227 1131 3307 μία
1153 3226 1278 3308 ποίμνη,
1299 3220 1345 3302 εἷς
1367 3248 1432 3290 ποι·

42 3334 125 3417 μήνι
146 3355 182 3398 re
204 3352 277 3398 vero
298 3340 367 3416 ipra
390 3343 418 3397 et
440 3341 651 3416 respectione,
674 3354 763 3417 quum
777 3335 893 3399 Petrum
915 3336 1070 3418 alloquens
1091 3337 1139 3415 aii,
1160 3335 1256 3420 βάσκε
1278 3330 1316 3401 ru*
1337 3333 1433 3419 ἀρνία

40 3466 123 3527 μου,
161 3446 307 3528 :reiparte
337 3437 378 3509 τα
407 3442 551 3526 πρόβατά
578 3466 650 3526 μου.
694 3446 746 3509 itis
770 3447 849 3509 eninr
871 3444 974 3526 inplet
996 3446 1074 3529 quod
1096 3453 1181 3509 antea
1202 3447 1433 3522 destinauerat,

41 3553 134 3617 efficit
152 3562 184 3617 ut
204 3555 283 3637 quod
303 3553 443 3618 Ezechiel
464 3554 502 3619 de
522 3556 626 3638 ipso⁴⁰
650 3555 853 3637 praedixerat,
889 3553 1048 3620 τατοΙΙαόο
1078 3577 1172 3636 snper
1201 3578 1252 3619 eoa
1278 3564 1433 3637 pastorem

41 3684 149 3740 ααααι,
171 3666 243 3726 uc⁴¹
268 3682 395 3743 mesum,
414 3670 525 3745 parler
545 3671 605 3728 erit
625 3685 708 3729 unua
729 3671 862 3728 emtam
882 3686 997 3744 eorum,
1018 3666 1056 3729 ad
1077 3665 1192 3729 Petrum
1216 3682 1334 3749 quoque
1357 3664 1434 3731 dvc.

41 3773 146 3853 λόγος
167 3773 371 3856 protendatur3
393 3774 471 3838 unde
493 3774 700 3838 oeconomiam
722 3774 870 3838 ecclesiae
891 3793 965 3839 suae
986 3777 1024 3839 ita
1040 3774 1180 3857 disponit,
1203 3782 1233 3839 ut
1248 3793 1304 3857 qua
1319 3777 1433 3839 ratione

40 3884 138 3946 unitas
160 3882 341 3965 singularum
365 3883 569 3963 ecclesiarum,
592 3884 697 3947 eadem
720 3885 817 3948 unitas
839 3883 987 3949 ecclesiae
1007 3885 1183 3949 universalis
1207 3884 1356 3949 formetur.

152 3991 231 4058 Sane
259 4010 404 4074 quaenam
434 4000 479 4056 est
506 3995 536 4057 in
564 3994 689 4077 singulis
716 3994 853 4058 ecclesiis
881 4013 986 4059 caussa
1002 4003 1158 4073 externae,
1196 3997 1432 4077 conspicuaeque

40 4099 181 4165 unitatiat
217 4118 276 4165 non
297 4103 398 4184 utique
414 4100 558 4184 fideliam
579 4102 741 4168 multitudo
761 4126 799 4167 ac
827 4103 1009 4183 pluraliter,
1046 4104 1100 4168 sed
1126 4109 1232 4166 unitur
1261 4103 1432 4167 sacerdotia

39 4233 81 4275 ar
108 4217 262 4290 pastoria,
295 4211 341 4275 cui
372 4210 475 4275 iideles
497 4232 611 4279 morem
631 4221 753 4296 gerunt,
790 4222 908 4277 etcum
928 4232 987 4296 qun
1009 4213 1155 4277 coniuncti
1174 4213 1289 4277 unitatis
1309 4208 1431 4277 sormam

39 4328 215 4385 mutuantur.
257 4320 400 4402 Eatenus,
436 4322 538 4387 scribit
551 4327 578 4357 ‘²
604 4324 780 4407 Cyprianus,
801 4323 937 4406 singulae
958 4325 1105 4389 ecclesiae
1127 4324 1267 4389 unitatem
1289 4322 1430 4403 referunt,

104 4522 149 4598 aa)
171 4522 258 4580 Sem,
280 4521 434 4580 cxxxvu,
462 4540 521 4598 cap.
543 4523 595 4597 ill,
622 4524 709 4581 θετον.
824 4525 870 4600 ³⁸)
889 4524 975 4600 Epist
996 4460 1112 4582 ΙΧΧΙΙΙΙ.
1134 4525 1168 4581 ed
1189 4524 1321 4597 bagnum.

41 4628 167 4687 CXLVII.
189 4645 247 4703 cap.
265 4628 304 4704 ll,
326 4628 411 4687 sen.
427 4630 549 4687 CCXCV.
570 4646 629 4702 cap.
644 4629 689 4685 tv.
823 4630 869 4709 ³⁹)
889 4631 952 4687 lob
972 4630 1006 4687 ΙΙ.
1030 4630 1076 4688 16.

103 4733 150 4810 ³⁵)
175 4734 254 4791 Hom.
281 4736 307 4792 in
331 4752 369 4792 ss.
396 4736 536 4811 apostolos
556 4737 661 4792 Petrum
683 4740 711 4791 et
823 4736 867 4811 ⁴⁰)
888 4735 987 4795 Erech.
1009 4734 1128 4793 xxxiii
1150 4736 1198 4791 33.

40 4840 158 4897 Paulum.
823 4843 869 4917 ⁴¹)
889 4841 958 4900 lbld.
979 4841 1111 4900 xxxvii.
1133 4840 1181 4898 24.

104 4947 151 5020 ³⁸)
172 4947 258 5005 eun.
280 4947 325 5005 Ν.
347 4963 406 5022 cap.
427 4947 472 5005 ΙΙΙ.
822 4948 866 5024 ⁴²)
900 4949 986 5021 Epist
1007 4948 1097 5006 lxix.
1129 4948 1163 5004 ad
1190 4946 1351 5003 Florentiam
1381 4948 1429 5002 Pu-

104 5052 151 5127 ³⁷)
173 5053 250 5111 ttoni.
273 5055 299 5110 in
319 5068 357 5110 ss.
378 5054 528 5127 apostolos.
758 5054 874 5129 pienum.

94 5176 220 5231 inungite,
235 5176 411 5220 commententur.
1163 5158 1213 5237 38
