3258 5400
596 290 741 359 CAPUT
786 294 863 361 XV·
1360 294 1419 356 uri

70 463 110 525 ari
124 461 207 525 tuin
225 459 308 543 ἡμᾶς
329 461 431 542 ἐαυτῷ
457 450 514 524 iud
535 461 588 536 τῆς
605 458 685 542 πρὸς
704 460 782 526 αὐτὸ
803 461 995 547 συναφείας,
1022 460 1119 535 θείας
1140 482 1171 523 τι
1191 457 1319 545 φύσεως
1339 458 1420 526 ἁπο-
1494 514 1500 525 .

72 572 151 634 nhir
167 568 347 645 κοινωνούς.
390 570 657 652 Spiritus-sanetus
676 573 875 652 perseipsum
897 573 927 634 in
947 570 1032 634 nohis
1053 576 1198 651 operatur,
1221 588 1291 632 vere
1312 572 1418 633 sancti·

73 680 137 743 iaus
157 687 185 742 et
210 681 318 742 uniens
343 697 399 743 uos
427 678 614 761 sibimetipsi,
643 679 712 742 dum
739 697 794 742 nos
816 699 917 744 secum
938 679 1071 763 copulat,
1099 697 1135 741 ac
1156 678 1272 742 divinae
1297 687 1418 745 naturae

11 780 13 809 '
72 792 193 871 mdcipes
213 789 341 875 reddit“

151 904 214 961 172.
258 899 397 962 Jamvero
418 899 444 962 si
465 898 620 962 duodecim
640 899 738 980 priora
757 898 884 962 hctuum
904 900 998 980 capita
1016 898 1168 961 historiam
1190 898 1339 960 continent
1359 898 1417 960 ori·

65 1009 122 1071 eolis
145 1007 305 1089 ecclesiae,
333 1016 475 1092 gestaque
507 1007 753 1091 complectuntur,
784 1008 888 1089 quihus
915 1009 1046 1072 eiursdem
1063 1004 1176 1088 initiis,
1215 1006 1416 1087 incrementis,

11 1116 13 1122 “
61 1125 216 1197 nunnae,
245 1118 527 1199 guhemationisque
554 1118 666 1182 lormne
688 1117 810 1197 apostoli
830 1126 1058 1200 prospexerunt,
1088 1116 1210 1180 dubitari
1232 1134 1292 1179 non
1313 1122 1417 1197 potest,

61 1227 116 1306 quin
133 1245 165 1289 en
184 1246 253 1289 cum
274 1228 447 1308 quaestione
469 1225 506 1289 de
520 1226 597 1289 Petri
612 1228 825 1308 praerogativis
847 1206 1009 1290 arctissime
1032 1226 1212 1308 copulentur.
1254 1224 1417 1287 Historicae

58 1337 121 1397 enim
133 1336 256 1399 hctuum
278 1338 470 1410 narrationes,
492 1335 596 1416 quihus
614 1343 779 1413 eremum
792 1339 1027 1419 promissionum,
1051 1335 1297 1415 consiliorumque
1313 1333 1417 1397 Christi

56 1444 177 1526 reiedur,
198 1463 237 1509 eo
260 1452 362 1527 suapte
384 1452 485 1507 nutura
505 1446 659 1527 pertinent,
680 1453 713 1507 ut
732 1446 758 1507 si
779 1464 855 1526 quae
878 1445 915 1508 de
937 1444 1064 1509 ecclesia
1084 1444 1319 1525 administranda,
1341 1445 1418 1506 eius·

58 1572 105 1633 que
122 1555 271 1637 regendae
293 1553 386 1616 forma
408 1555 502 1616 minus
525 1553 649 1618 fortasse
671 1554 834 1618 luculenter
860 1556 888 1617 in
911 1555 1073 1639 evangeliis
1092 1561 1315 1635 praenunciata
1335 1555 1418 1635 lege·

56 1671 150 1744 renim,
170 1664 286 1745 eadem
308 1664 448 1728 historiae
470 1662 534 1726 lace
549 1662 638 1726 veluti
653 1664 823 1745 accedente,
845 1664 931 1746 plane
953 1664 1126 1744 clarescant,
1150 1680 1288 1744 novoque
1309 1662 1418 1725 lumine

55 1772 254 1853 perfundantur.
297 1772 597 1854 Propriumnamque
611 1781 657 1836 est
677 1782 898 1854 corporationis,
919 1783 951 1839 nt
973 1782 1193 1838 sustitutionem
1210 1772 1349 1853 declaret,
1371 1791 1418 1835 ra·

56 1884 205 1965 lienemque
232 1882 412 1964 suppeditet,
442 1902 498 1965 qua
526 1883 617 1948 verha
645 1885 707 1966 ipsa
734 1890 934 1947 iustitutionis
962 1893 992 1948 et
1008 1886 1095 1948 tutius
1117 1884 1361 1961 determinentur,
1390 1888 1420 1943 et

55 1991 150 2055 indlius
170 1993 379 2074 intelligantru.
423 1994 504 2068 Quae
525 1996 659 2076 quidem,
681 1996 706 2058 si
728 1994 764 2057 ad
784 2001 970 2076 praesentem
992 2002 1079 2075 quarn
1099 2010 1252 2057 versamus
1274 1993 1420 2073 quaestio

54 2120 126 2182 uem,
152 2103 356 2184 traducantur,
384 2121 504 2184 prorsus
523 2105 703 2186 innotescet,
732 2103 952 2187 evangeliorum
975 2102 1113 2184 ellata²³,
1137 2120 1213 2184 quae
1234 2101 1272 2165 de
1293 2101 1420 2164 instituto

55 2210 173 2275 divinitus
193 2214 321 2295 primatu
341 2213 515 2295 exponenda
530 2232 599 2277 esse
614 2214 776 2294 docuimus,
799 2214 890 2295 accipi
907 2212 991 2275 aliter
1006 2231 1066 2275 non
1080 2230 1179 2294 posse,
1197 2232 1236 2277 ne
1257 2218 1420 2293 aequatio

53 2321 171 2385 inhctis
192 2330 331 2385 contenta
353 2322 389 2385 ah
412 2324 446 2385 iis
468 2342 544 2405 quae
567 2325 721 2407 evangelia
742 2322 889 2403 referunt,
912 2322 1055 2387 dissidere
1075 2323 1216 2387 videatur.

146 2437 213 2494 113.
260 2431 337 2496 Sane
358 2433 500 2496 habeatur
519 2433 609 2497 veluti
631 2432 785 2507 duodecin
812 2452 920 2515 anceps
943 2433 1038 2497 adhuc
1059 2441 1146 2516 atque
1168 2436 1295 2513 incerta,
1322 2440 1417 2495 uuum

53 2539 253 2624 iueuangcliis
274 2542 439 2606 testimonia
461 2551 580 2624 extent,
602 2542 708 2625 quihus
727 2542 829 2605 Petrus
850 2543 1047 2624 apostolorum
1068 2551 1154 2625 caput
1173 2553 1260 2625 atque
1281 2544 1418 2626 princeps

52 2655 197 2714 minutas
217 2651 409 2732 significetur.
453 2652 529 2727 Quid
557 2652 633 2715 iacto
662 2670 735 2734 opus
758 2660 853 2735 esset,
884 2661 914 2716 nt
937 2673 972 2717 ea
994 2650 1147 2725 ὑπόθεσις
1171 2672 1230 2716 non
1252 2656 1310 2716 iam
1331 2652 1417 2715 dubia

52 2766 76 2819 rt
97 2778 216 2843 auceps,
248 2762 304 2825 sed
330 2770 426 2843 certa,
453 2762 661 2844 eiqilorataque
685 2762 776 2838 θέσις
797 2759 989 2827 censereturi
1016 2762 1085 2844 quid
1111 2762 1274 2844 exspectari
1294 2781 1311 2824 a
1331 2761 1416 2824 Petro

53 2872 143 2933 nerito
164 2871 306 2951 deberet,
338 2872 363 2934 si
383 2873 413 2934 in
434 2870 583 2953 apostolos
604 2880 721 2935 ceteros
742 2869 911 2955 ἡγεμονίαν
932 2893 949 2936 a
970 2872 1084 2936 Christo
1105 2890 1211 2934 revera
1234 2868 1417 2952 accepissetl

51 2994 154 3061 omues,
175 2989 265 3062 puto,
286 2981 324 3044 ab
343 3000 380 3044 eo
402 2989 623 3063 exspectarent,
645 2990 677 3045 ut
697 2985 759 3065 ipse
781 2983 852 3046 nulli
873 2984 1032 3061 secundus,
1056 2981 1177 3061 reliquis
1200 2981 1337 3062 praeiret,
1359 2978 1417 3041 dis-

50 3088 110 3151 sidia
127 3090 261 3171 tolleret,
283 3093 500 3154 controversias
521 3091 711 3173 expenderet,
735 3110 939 3173 expensasque
959 3092 1123 3169 dirimeret,
1146 3090 1272 3171 flagitia,
1294 3090 1319 3152 si
1342 3106 1417 3170 quae

50 3199 297 3280 contraherentur,
324 3202 453 3283 puniret,
482 3202 629 3263 communi
657 3201 827 3284 disciplinae
859 3202 1044 3286 advigilaret,
1073 3200 1208 3264 omnihus
1236 3198 1358 3262 consilio
1389 3206 1419 3261 et

50 3312 204 3374 rudoritute
225 3316 346 3392 praesto
366 3317 462 3390 esset,
484 3311 652 3393 nullamque
674 3331 774 3376 earum
795 3315 919 3396 portium
944 3315 1102 3392 omitteret,
1125 3329 1200 3392 quae
1220 3309 1417 3392 praepositum

50 3417 157 3500 decent,
185 3438 351 3501 munusque
379 3421 498 3500 capitis,
525 3421 757 3504 universalisque
784 3425 908 3487 rectoris
936 3423 1116 3486 comitantur.
1168 3419 1252 3494 Quod
1280 3418 1417 3481 iudicium

51 3526 127 3605 ipsius
151 3531 196 3591 rei
225 3530 447 3611 perspicuitate,
483 3529 687 3611 evidentiaque
715 3550 887 3613 expressum
916 3531 1111 3610 demonstrat,
1146 3529 1289 3612 duplicem
1315 3536 1417 3611 patere

52 3636 131 3720 ιίιιιι,
157 3637 334 3703 manium
355 3637 493 3717 alteram,
521 3645 607 3720 atque
630 3639 750 3703 alteram
772 3639 991 3722 hypotheticam
1005 3644 1044 3718 ³⁴,
1072 3658 1129 3722 qua
1151 3660 1190 3704 ex
1209 3639 1351 3703 hetorum
1373 3638 1417 3700 hi·

52 3750 128 3811 soria
149 3749 186 3812 de
207 3751 336 3812 instituto
358 3748 388 3809 in
410 3747 571 3829 evangeliis
592 3748 667 3812 Petri
688 3752 810 3832 primatu
832 3752 995 3816 certissime
1017 3759 1165 3814 mutuatur.

53 3947 205 4023 mdpuntoe
232 3948 279 4006 καὶ
305 3947 384 4025 μέχρι
409 3943 465 4006 sois
490 3946 641 4025 ἐλαχίστων
664 3948 704 4006 u·
753 3941 840 4026 &piore
856 3948 1014 4022 κατοικοῦι,
1034 3951 1080 4008 καὶ
1095 3942 1234 4025 ἀπομένειν
1245 3941 1292 4006 eri
1304 3941 1416 4017 nunde,

52 4056 185 4125 ἱκνεῖσθαι,
204 4055 252 4112 καὶ
272 4047 391 4130 ἁγιάζον
411 4045 484 4111 odaei
503 4047 549 4111 dcci
563 4051 613 4113 τοῦ
625 4047 704 4132 ἁγίου
752 4057 838 4113 ocimi
856 4060 882 4114 si
902 4059 1021 4132 qualitas
1046 4060 1183 4132 quaedam
1208 4057 1363 4113 hamdene
1385 4057 1416 4110 is
1449 4114 1454 4125 ,

53 4150 200 4233 πνεύματος.
248 4162 283 4217 Et
308 4160 474 4234 mmmlloom
501 4162 627 4233 uidetur,
651 4180 705 4236 per
752 4162 830 4220 ucho
848 4165 929 4235 insit,
949 4172 975 4221 et
995 4168 1025 4222 in
1043 4168 1147 4222 sanctis
1166 4163 1277 4236 lehun,
1296 4164 1414 4237 iupiter-

53 4266 158 4323 nedianu
183 4242 299 4343 aliquod
329 4276 486 4326 mentam
515 4269 704 4342 aaronem
753 4288 806 4344 pure
825 4279 943 4329 maest.

52 4386 107 4429 m
123 4378 181 4449 ipre
200 4376 278 4433 Dens
299 4392 354 4449 pro
372 4392 425 4432 arro
449 4376 480 4432 in
503 4376 626 4433 homines
652 4375 703 4434 de-
815 4377 860 4451 ³³)
881 4394 925 4433 nn.
948 4375 994 4432 14.
1015 4392 1088 4448 seqq.

54 4480 206 4554 reuma,
227 4484 266 4539 ud
284 4484 399 4539 nnuma
417 4500 503 4555 usqae
519 4485 657 4557 pmesit,
678 4491 705 4540 et
814 4481 860 4556 Η)
879 4452 982 4554 Duplici
1001 4481 1050 4535 hae
1074 4480 1120 4536 via
1146 4479 1230 4535 critici
1256 4476 1356 4550 passim
1382 4492 1414 4531 ae

54 4590 197 4657 mutiret
214 4606 267 4663 per
287 4596 412 4645 amelien
431 4588 572 4661 Spintum
609 4588 703 4646 Decla-
752 4587 904 4663 philosophi
925 4590 1037 4642 utunturr.
1078 4586 1182 4658 Critiei,
1202 4600 1281 4657 quum
1301 4584 1339 4640 ita
1359 4581 1414 4637 dis·

55 4696 89 4744 rat
105 4708 165 4750 vero
186 4694 368 4768 affirmando,
389 4711 466 4767 quum
481 4695 528 4753 lih.
540 4696 585 4753 lx.
600 4697 627 4752 iu
641 4697 702 4753 ioh.
751 4701 859 4751 seruut:
892 4693 944 4767 „si
964 4707 1031 4765 opus
1052 4688 1175 4764 aliquod,
1197 4690 1294 4761 matii
1315 4689 1414 4762 episto·

55 4808 108 4867 noa.
125 4799 191 4857 8¹0.
224 4802 322 4875 tradit,
354 4801 558 4874 participatione
588 4802 703 4876 Spiritus
751 4801 802 4875 lae,
823 4816 976 4871 germem
997 4803 1047 4871 cst,
1068 4797 1119 4852 hos
1131 4796 1267 4869 praeierat
1277 4796 1413 4852 characte-

55 4897 167 4960 muas
192 4908 369 4981 samniticum,
400 4898 514 4982 πιότης
543 4897 637 4985 ὥσπερ
662 4925 703 4973 rae
751 4922 794 4962 res
821 4911 937 4980 oportet
976 4903 1094 4960 Praeter-t
1123 4908 1219 4958 autem
1266 4901 1316 4957 liat
1344 4912 1411 4968 ergo

56 4998 175 5086 θεότιμος
198 5012 226 5071 dr
249 5002 317 5091 ἡμῖν
343 5004 493 5091 γινόμενοι,
523 5012 570 5073 καὶ
593 5014 624 5072 ia
644 5020 703 5082 reip
751 5008 935 5085 mauun.“
974 5010 1009 5066 Et
1026 5009 1161 5065 vicissim:
1181 5005 1274 5077 „Opus
1295 4999 1410 5074 aliquod,
