3258 5400
180 336 241 397 lid
695 330 828 395 LIBER
869 332 1037 399 ramus

178 501 287 566 idonea
313 504 551 561 ornamentorum
576 497 653 562 Petri
679 517 784 563 caussa
797 503 825 535 ⁸⁴
854 501 1038 584 desumatur3
1053 498 1139 564 tttud
1163 500 1335 563 oonsbhum
1361 500 1441 583 quod
1468 518 1561 565 nemo

182 607 311 692 prudens
331 609 497 690 negaverit:
524 625 590 670 eam
611 609 668 671 τοῦ
687 607 815 690 προίτοο
835 611 1079 693 significationem
1101 608 1169 672 heic
1190 626 1259 673 esse
1280 611 1451 673 necessario
1471 628 1560 692 pree-

180 717 355 798 habendam,
377 734 463 799 quam
479 723 625 782 orationis
639 714 819 798 subiectum,
840 717 899 783 lori
915 717 1068 800 paralleli,
1088 715 1324 798 seripturarum
1343 716 1505 782 harmonio
1518 724 1557 796 ⁵⁵,

182 834 211 891 et
238 823 426 890 christianae
452 833 645 906 antiquitatis
669 835 829 891 consensio
854 845 914 891 non
942 828 1038 892 terum
1066 825 1168 908 modo,
1197 829 1408 891 verumetiam
1436 846 1559 911 prorsus

181 936 349 1019 efflagitant.
390 935 500 1000 tiorum
525 954 614 1019 porro
641 938 766 1019 capitum
792 937 901 1001 nullum
929 944 987 1017 est,
1016 936 1094 1019 quod
1116 952 1176 998 nou
1197 936 1312 1018 exigat,
1337 944 1369 999 ut
1391 938 1496 1003 Simon
1516 938 1559 1001 id·

181 1047 261 1110 circo
281 1049 406 1127 πρώτος
428 1046 521 1109 dictus
549 1045 707 1127 iudicetur,
733 1047 812 1128 quod
839 1047 946 1129 insigni
974 1045 1098 1128 medam
1124 1047 1293 1109 auctoritate
1314 1047 1390 1111 inter
1408 1047 1559 1130 apostotos

181 1158 333 1221 emineret.

284 1263 443 1329 Enimvero
464 1263 633 1329 mbteetam
653 1268 864 1332 consideretur.
909 1265 1075 1329 Cuiusmodi
1097 1264 1166 1328 iliud
1185 1266 1231 1346 sit,
1253 1265 1556 1331 deciemtbiattbaeus

178 1374 226 1439 his
246 1374 361 1439 verbis:
383 1375 401 1437 ὁ
422 1374 590 1457 λεγόμενος
602 1374 737 1458 Πέτρος.
782 1376 841 1442 Sed
862 1393 960 1439 nonne
977 1376 1033 1439 iam
1047 1374 1156 1457 piuries
1177 1374 1356 1439 ostendimus
1369 1378 1409 1456 ⁸⁸,
1431 1374 1556 1458 Πέτρον

180 1502 249 1549 esse
275 1501 385 1549 nomen
411 1483 570 1567 dignitatis,
599 1488 808 1569 potestatisque
833 1488 908 1548 inter
934 1484 1082 1567 apostotos
1103 1483 1280 1566 supremaei
1311 1487 1350 1549 ite
1369 1486 1465 1569 plene.
1508 1486 1555 1550 nd

178 1595 377 1657 auctoritatem
398 1610 483 1676 ergo,
504 1613 629 1678 eamque
650 1615 816 1678 supremam
836 1595 942 1659 referri
964 1594 1052 1658 debet
1073 1594 1091 1655 d
1113 1595 1246 1676 πρῶτος,
1267 1602 1366 1677 utpote
1388 1599 1439 1678 qui
1457 1596 1554 1676 Petro,

177 1709 324 1784 nmquam
346 1700 495 1779 sabbeta,
519 1704 701 1789 adiungatur.

288 1817 354 1875 tot.
396 1811 440 1876 De
464 1832 521 1896 qua
547 1832 702 1896 supremae
723 1814 873 1896 potestatis
895 1814 1106 1897 significatione
1128 1811 1186 1877 tort
1205 1811 1298 1877 teau
1318 1812 1465 1879 sterilitati
1495 1832 1556 1878 non

177 1922 281 1986 minori
302 1921 448 1986 evidentia
469 1930 618 1987 testantur.
661 1922 745 1997 Quod
766 1924 843 1985 enim
864 1921 933 1987 heic
953 1931 998 1987 est
1018 1924 1153 2003 πρῶτος,
1174 1922 1240 1986 aiibi
1253 1927 1280 1958 ⁸⁷
1306 1941 1395 2005 quum
1415 1925 1555 2005 πρῶτος,

176 2038 237 2095 tum
257 2029 377 2113 μείζων
395 2032 449 2095 καί
468 2028 643 2114 ἡγούμενος
663 2030 791 2096 effertur.
834 2033 983 2097 Vocabula
999 2040 1096 2096 autem
1117 2029 1234 2115 μείζων
1254 2033 1306 2096 καί
1326 2031 1504 2116 ἡγούμενος
1524 2042 1557 2097 et

177 2149 279 2223 suapte
307 2148 424 2222 namra,
451 2151 480 2207 et
500 2161 628 2224 proeo,
657 2143 687 2205 in
709 2159 767 2224 quo
788 2141 961 2206 adhibentur
988 2148 1140 2223 contextu,
1168 2144 1322 2225 maiorem,
1349 2146 1555 2226 potioremque

177 2250 254 2314 Petri
274 2253 473 2315 auctoritatem
495 2253 659 2335 designant
701 2251 796 2326 Quum
818 2271 892 2335 ergo
913 2253 1052 2336 apposito,
1076 2254 1212 2332 πρῶτος,
1233 2250 1358 2334 μείζων,
1379 2248 1558 2334 ἡγούμενος

178 2359 232 2423 sibi
254 2360 429 2425 adamussim
450 2361 662 2444 respondeant,
684 2379 810 2424 necesse
831 2369 892 2444 est,
913 2367 944 2425 ut
966 2379 1024 2425 una
1046 2360 1116 2441 illis,
1139 2344 1302 2446 eademque
1323 2380 1479 2443 supremae
1500 2379 1556 2445 po-

177 2471 289 2535 testatis
310 2471 482 2554 significatio
503 2471 651 2534 tribuatur.

284 2580 377 2655 Quam
398 2581 424 2645 si
445 2582 494 2662 qui
518 2588 670 2663 respuant,
697 2581 730 2646 bi
751 2582 877 2645 funditus
898 2577 1087 2643 harmoniam
1107 2579 1328 2663 perturbabunt,
1357 2598 1414 2662 qua
1436 2579 1557 2643 diversa

178 2685 389 2770 Sertptmamm
414 2688 501 2754 effata
526 2692 698 2773 secumipsis
726 2693 883 2755 concinere
909 2688 1025 2753 debent.
1067 2687 1168 2754 Petrus
1195 2693 1287 2781 enim,
1317 2709 1404 2771 quem
1425 2691 1557 2772 πρῶτον

175 2796 338 2862 Matthaeus
358 2799 494 2882 appellat,
522 2799 591 2864 alibi
604 2804 633 2835 ⁸⁸
657 2800 826 2883 exhibetur,
847 2807 878 2862 ut
899 2800 948 2882 qui
969 2803 1065 2880 πέτρα
1085 2800 1122 2863 sit
1141 2801 1296 2882 ecciesiae,
1318 2798 1472 2882 στήριγμα
1494 2800 1554 2865 iru-

176 2916 266 2990 trum,
296 2916 457 2991 στερέωμα
476 2910 529 2985 tric
550 2908 697 2987 πίστεως,
723 2912 778 2986 τῆς
801 2907 1126 2993 ούρανώνλβασιλοίας
1145 2909 1348 2987 κλειδοῦχος,
1375 2907 1556 2984 καθοίοκὸς

175 3018 301 3100 ποιμήν,
324 3016 512 3094 διδασκαλος
529 3015 654 3095 ἀπάσης
675 3022 727 3095 τῆς
748 3021 804 3083 τοῦ
819 3019 901 3082 θεοῦ
920 3018 1093 3096 ἐκκλησίας,
1116 3027 1146 3083 et
1166 3020 1239 3083 aiter
1260 3018 1407 3083 aChristo
1425 3018 1556 3081 familiae

176 3128 343 3193 moderator
364 3136 394 3191 et
413 3136 521 3192 rector.
565 3128 624 3193 Sed
648 3129 732 3210 quid,
760 3129 900 3210 obsecro,
926 3127 1001 3192 haee
1023 3130 1110 3209 inter,
1139 3137 1169 3192 et
1189 3131 1444 3211 erpoyeaebrcr⁵',
1466 3152 1555 3209 apar-

173 3237 340 3314 τοκλησίαν
362 3237 409 3300 vei
429 3236 615 3319 προεδρίαν,
637 3237 807 3300 harmoniae
828 3245 915 3320 atque
937 3235 1120 3302 concentusi
1147 3238 1218 3301 nihii
1238 3240 1369 3320 penitus,
1398 3256 1489 3320 quum
1510 3247 1555 3302 ta·

174 3365 243 3410 men
263 3347 367 3411 iisdem
388 3349 513 3430 egregie
532 3347 729 3431 respondeant
749 3350 940 3428 προστασία,
969 3355 999 3413 et
1023 3347 1179 3431 singuiaris
1200 3345 1341 3428 ἐξουσία,
1371 3366 1429 3429 que
1450 3346 1556 3411 Petrus

175 3561 337 3634 singiliatim
358 3570 445 3620 umen
466 3563 499 3620 ab
514 3579 547 3621 eo
562 3580 658 3622 nomeu
679 3572 707 3622 et
725 3565 834 3639 primus,
946 3565 991 3641 Η)
1012 3584 1056 3624 uu.
1077 3566 1124 3624 65.
1146 3582 1220 3640 seqq.

175 3674 203 3724 et
221 3667 294 3724 sotus
314 3667 404 3725 Petras
425 3669 557 3743 accepit.“
947 3673 991 3747 ³⁸)
1012 3689 1055 3729 no.
1079 3671 1124 3729 13.
1145 3658 1225 3749 seqq.
1293 3706 1296 3710 ι

236 3773 281 3847 ⁸⁴)
310 3773 416 3846 Ecquae
435 3777 505 3832 enim
526 3776 576 3832 iste
598 3777 668 3833 ieret
687 3792 835 3849 consequu-
945 3776 990 3851 Η)
1010 3776 1117 3833 Putares
1142 3792 1194 3834 uon
1216 3777 1293 3833 aliter
1312 3775 1347 3832 de
1366 3777 1481 3849 primatu
1501 3775 1552 3834 Pe-

173 3879 230 3935 tio:
260 3878 350 3936 Petras
379 3883 454 3952 prior
481 3887 600 3954 tempore
628 3889 743 3939 vocatus
774 3883 833 3939 tuit.
883 3883 917 3940 tri
935 3882 1017 3954 rotgo
1037 3888 1215 3954 protestantes
1240 3882 1389 3956 disserere,
1417 3899 1449 3938 ae
1468 3882 1550 3939 Bion·

172 3982 245 4056 Ergo
265 3984 335 4041 idem
356 3985 406 4042 tuit
425 3992 500 4058 petra
525 3986 667 4061 ecciesiae,
695 4005 833 4061 supremus
882 3989 975 4060 delius,
996 3987 1158 4061 Salmasius,
1178 3987 1298 4061 Balteus,
1319 3994 1347 4043 et
1366 3989 1551 4060 perituroru-

171 4087 310 4164 ctariger,
344 4091 452 4148 fratrum
482 4092 670 4167 confirmator,
711 4094 833 4150 omnibus
881 4094 957 4151 turbu
984 4093 1018 4150 de
1042 4084 1166 4170 ὑπεροχῇ
1191 4094 1378 4167 episcoporum
1403 4094 1550 4168 disputent.

173 4197 273 4270 maior,
297 4202 390 4269 pastor
408 4199 606 4273 oecumenicus,
628 4189 718 4256 ....ί
743 4202 832 4274 inepta
881 4200 1031 4256 Christiana
1053 4200 1213 4256 monimento
1234 4202 1344 4257 omuino
1375 4202 1466 4257 ommia
1493 4202 1554 4274 epi-

171 4315 280 4374 prorsas
300 4317 332 4357 ac
351 4302 470 4360 ridicula.
880 4308 971 4380 scopia
992 4306 1113 4363 deiemot
1132 4307 1258 4362 eximiam
1272 4306 1413 4380 quamdam
1432 4310 1553 4364 rumori·

233 4406 278 4483 ³⁸)
299 4408 472 4466 Ccuaemient
489 4408 627 4467 nobiseum
643 4415 831 4487 protestentea,
881 4419 970 4487 tutem,
993 4412 1106 4486 illosque
1124 4411 1291 4486 presbyteris
1307 4413 1391 4485 longo
1406 4413 1551 4471 intervallo

171 4511 265 4585 quibua
285 4513 349 4570 ittad
369 4520 411 4570 eat
429 4516 648 4590 autiqrdssimum,
669 4516 832 4590 utScriptn·
881 4520 1048 4592 antepositos
1073 4519 1223 4576 ostendunt.
1264 4518 1334 4587 Quid
1363 4520 1397 4576 ud
1422 4520 1474 4576 ista
1501 4536 1553 4593 pn-

169 4633 256 4674 raram
277 4619 520 4692 interpretationem
541 4621 737 4696 commendent,
763 4639 831 4697 quae
879 4615 979 4682 munii
1009 4625 1112 4682 scilieet
1137 4630 1237 4697 begeat
1263 4625 1336 4682 eliud
1357 4626 1493 4699 quidpiam
1515 4628 1551 4683 iia

168 4722 245 4780 Rom.
262 4723 319 4782 th
340 4724 368 4782 6.
389 4717 461 4783 κααοί
480 4717 531 4799 τὴν
549 4715 697 4803 domimica
716 4723 766 4802 τῆς
785 4728 830 4786 σί-
877 4732 1039 4807 signibcari,
1074 4748 1151 4804 qaam
1185 4732 1227 4788 ius
1259 4729 1471 4808 σραιοκίησίος
1500 4729 1551 4788 καί

169 4842 253 4895 creme
276 4828 412 4888 habeatur.
456 4832 495 4889 ci.
515 4831 615 4891 buddei
635 4834 829 4908 praefationem
877 4837 1147 4915 σρααοχαροσοαίας.
1193 4837 1231 4894 m
1257 4852 1324 4895 aero
1351 4853 1440 4896 nome
1469 4838 1549 4894 hisce

168 4933 203 4991 ad
222 4933 397 5009 Philotogiam
418 4937 571 4995 salomonia
592 4938 699 4998 Giaasit
877 4950 938 5000 aaut
958 4946 1081 5019 gemine,
1108 4960 1177 5019 quae
1201 4950 1293 5002 centn
1318 4947 1453 5018 potiorem
1473 4943 1550 5001 Petri

228 5040 502 5121 ⁸⁸)n.128.seqq.
878 5050 1063 5107 auctoritatem
1077 5056 1258 5123 protestantes
1271 5051 1373 5128 passim
1386 5039 1538 5126 rumpenti
