3358 5400
223 277 285 340 bid
747 272 877 339 nmen
918 272 1084 341 PRIMUS

224 441 489 527 παραπρεσβείας,
504 443 542 507 ob
556 461 615 507 non
630 443 777 526 expletum
791 462 875 507 suum
892 462 1006 507 munus.
1042 443 1101 510 Sed
1117 443 1235 508 Paulum
1250 445 1364 526 penitus
1379 442 1416 508 dc
1430 462 1468 507 eo
1483 443 1592 507 suntne

227 562 341 620 constat
354 573 393 617 ex
407 552 508 616 illustri
522 552 590 615 loeo
603 552 710 635 Ephes.
728 554 775 616 tv.
794 559 840 636 lt,
856 552 906 617 ubi
920 530 1017 617 varios
1032 554 1151 616 ordines
1169 573 1321 617 munerum
1336 554 1597 619 ecclesiasticomm

225 682 387 730 recensens
407 669 468 726 tum
484 662 646 726 ordinarios
661 670 722 726 tum
737 663 992 743 extraordinarios,
1015 664 1110 745 quoad
1126 666 1197 727 istos
1211 665 1341 727 meminit
1354 664 1473 749 quidem
1485 670 1597 743 oporto

228 775 334 850 tamn,
354 770 613 857 econpelirforarrn
632 780 662 836 el
678 770 902 853 propbefomrn,
926 773 1023 853 quoad
1035 772 1101 836 illos
1117 792 1189 837 vero
1202 784 1363 854 postorum
1384 780 1413 837 el
1428 768 1599 848 doctorum

227 885 281 950 sed
302 885 339 948 de
354 880 512 948 monarcha
527 889 557 945 et
571 885 763 946 oecumenico
778 884 915 966 pontifice
929 881 1076 946 ecclesiae
1091 882 1178 946 altum
1192 884 1267 965 apud
1281 884 1374 965 ipsum
1389 883 1554 963 silentium3
1571 889 1599 945 ut

229 1003 259 1060 et
279 994 299 1058 l.
315 992 380 1057 Cor.
395 992 456 1055 XII.
478 991 526 1054 nbi
549 991 654 1055 eadem
668 992 698 1055 fit
715 994 905 1055 enumeratio.
937 990 1000 1054 Nec
1014 990 1145 1055 elabetur
1161 996 1211 1075 qni
1223 993 1328 1057 dixerit
1349 1012 1414 1056 cum
1428 992 1599 1056 Bellarmino

227 1103 276 1167 lib.
296 1102 318 1165 l
341 1120 403 1187 cap.
418 1101 469 1183 lx,
490 1101 609 1164 Paulum
630 1103 694 1164 eius
715 1103 894 1165 mentionem
909 1100 1019 1182 facere,
1041 1119 1131 1183 quum
1145 1104 1193 1183 ait,
1214 1100 1372 1166 Christum
1387 1102 1510 1165 dedisce
1530 1099 1600 1164 ulier

228 1209 389 1295 apostolor,
406 1210 555 1290 siquidem
569 1232 690 1275 summo
698 1219 835 1292 potestne
848 1232 909 1273 non
920 1208 1018 1274 solnm
1033 1211 1108 1275 delo
1121 1218 1162 1274 rit
1177 1208 1283 1289 Petro,
1304 1214 1361 1276 red
1374 1220 1467 1275 etium
1481 1209 1601 1292 reliceris

229 1320 391 1404 apostolir3
413 1317 510 1384 Petro
524 1342 595 1384 nero
609 1329 644 1384 ut
659 1321 814 1385 ordinario
830 1326 957 1401 putori,
976 1327 1027 1383 cui
1040 1322 1276 1398 succedentum
1300 1321 1372 1384 aliie
1389 1339 1464 1384 cero
1477 1330 1513 1384 ut
1528 1318 1600 1383 dele-

175 1489 177 1493 .
227 1439 318 1519 petie,
345 1430 453 1511 petbus
473 1451 535 1493 non
555 1431 780 1494 succederetur.
822 1429 897 1494 Nam
918 1449 1008 1513 quum
1022 1430 1060 1493 de
1078 1434 1271 1494 oecumenico
1285 1431 1421 1513 pontifice
1437 1431 1602 1515 disputatm

228 1561 289 1606 non
309 1541 478 1624 simpliciter
498 1540 595 1623 agitur
614 1541 651 1604 de
669 1539 808 1603 infallibili
828 1540 997 1603 auctoritate
1013 1541 1043 1602 in
1066 1539 1192 1604 ecclesia
1206 1545 1236 1621 ³,
1260 1561 1346 1624 mam
1369 1543 1399 1603 in
1420 1540 1556 1603 omnibus
1577 1546 1603 1602 et

230 1650 352 1735 singulis
366 1650 504 1734 apostolis
517 1649 609 1713 fuisse
624 1669 712 1714 nemo
726 1668 838 1732 negare
852 1656 963 1732 potest,
977 1650 1031 1713 sed
1046 1650 1083 1712 de
1099 1668 1158 1713 uno
1173 1650 1328 1729 dumtaxat,
1343 1652 1392 1732 qui
1408 1652 1604 1714 auctoritatem

229 1765 313 1828 born
328 1762 371 1825 sic
382 1760 519 1839 obtineat,
536 1767 566 1822 ut
581 1759 728 1842 collegam
742 1758 852 1822 nullum
866 1759 1003 1839 admittat,
1018 1766 1048 1823 et
1062 1761 1112 1841 qui
1126 1760 1170 1839 sit,
1184 1767 1215 1821 ut
1230 1758 1270 1821 illi
1282 1758 1446 1840 loquuntur,
1463 1767 1605 1833 centron,

228 1877 410 1954 prbrctpr‘nnr
425 1878 455 1933 et
473 1870 569 1934 redis
590 1876 729 1932 ocurrer.
773 1866 812 1930 At
833 1868 980 1950 apostolus
996 1868 1034 1932 de
1049 1869 1183 1932 omnibus
1197 1869 1226 1930 in
1240 1869 1343 1950 plurali
1359 1868 1497 1951 loqutus,
1521 1885 1604 1951 quum

230 1985 271 2047 ait
291 1981 408 2045 dedisse
428 1978 590 2059 apostolor,
611 1997 671 2042 non
698 1978 735 2041 dc
755 1996 814 2040 uno
830 1977 926 2061 aliquo
941 1978 1102 2069 individuo²
1116 1980 1146 2040 in
1160 1996 1219 2060 quo
1233 1978 1382 2060 pluralitas
1396 1978 1555 2043 reducatur
1573 1975 1606 2039 ed

230 2092 368 2155 umorem
390 2088 544 2153 visibilem.
588 2089 688 2169 Adde,
710 2087 790 2170 quod
810 2105 914 2152 munus
936 2088 1113 2169 apostolatus
1133 2088 1319 2170 temporale⁹
1351 2087 1404 2151 fuit
1424 2094 1454 2151 et
1477 2095 1603 2152 extraor-

231 2202 386 2279 dinarium,
408 2199 488 2281 quod
508 2217 629 2263 cessare
650 2196 765 2277 debuit,
787 2214 846 2259 non
867 2198 1044 2262 ordinarium
1067 2204 1097 2260 et
1116 2200 1319 2280 perpetuum.“

338 2315 407 2372 320.
449 2308 514 2391 Ego
540 2315 636 2371 autem
663 2310 707 2371 sic
734 2307 885 2387 existimo,
917 2327 957 2371 ne
977 2309 1227 2373 moderatissimos
1255 2309 1372 2390 quidem
1401 2328 1418 2372 a
1445 2307 1606 2390 semetipsis

230 2423 448 2502 impetraturos,
476 2436 534 2500 quo
557 2418 650 2480 minus
671 2417 851 2498 exclament,
874 2417 939 2499 quis
961 2418 1051 2481 risum
1072 2416 1195 2482 tenenti
1222 2421 1287 2500 quis
1311 2419 1514 2482 fallacissimas
1536 2424 1605 2482 stro·

223 2529 303 2613 ,phas
323 2545 383 2592 non
402 2523 595 2608 aspernetur?
638 2524 674 2589 Ut
699 2529 777 2590 enim
805 2526 874 2591 binc
897 2530 1047 2609 suspicer,
1078 2547 1135 2611 qua
1157 2529 1243 2611 lege,
1271 2547 1367 2610 quove
1388 2545 1505 2592 moene
1525 2544 1605 2609 prae·

232 2646 348 2721 ceptum
377 2644 438 2717 est‚
464 2643 495 2697 ut
519 2637 617 2699 omnia
643 2635 737 2699 ubivis
759 2637 904 2700 dicantur:
930 2643 962 2699 ut
988 2639 1014 2701 si
1040 2657 1116 2719 quae
1135 2637 1240 2702 alicubi
1265 2637 1372 2702 brenni
1392 2638 1605 2721 praetermissa,

233 2748 337 2814 eedem
366 2748 452 2811 etiem
479 2745 547 2808 alibi
579 2745 684 2810 indicte
712 2744 908 2810 censeanturi
932 2766 969 2809 an
991 2749 1058 2829 quie
1078 2746 1179 2811 Petnrs
1206 2749 1236 2810 in
1257 2750 1350 2830 prima
1364 2751 1391 2782 ¹·
1414 2747 1452 2811 sd
1471 2746 1604 2831 populum

233 2860 376 2924 concione
398 2856 437 2920 de
452 2856 566 2920 Chmsto
588 2855 677 2919 verba
697 2855 810 2919 faciens
830 2874 890 2919 non
911 2876 979 2920 eum
1000 2857 1070 2921 dixit
1090 2858 1186 2939 loyor
1205 2858 1261 2921 τοῦ
1283 2856 1375 2933 θεοῦ,
1396 2856 1489 2932 θεόν,
1510 2854 1607 2921 rinei·

232 2987 342 3054 ysopo
360 2969 413 3044 τῆς
435 2963 526 3043 δόξης
547 2968 605 3029 τοῦ
624 2968 758 3046 πατρός,
785 2966 874 3028 immo
896 2966 974 3029 nude
994 2966 1222 3048 simpliciterque
1249 2967 1320 3031 dixit
1346 2961 1450 3049 ἄνδρα
1471 2963 1608 3031 ἀπὸτοῦ

234 3077 318 3144 θεοῦ
331 3073 600 3158 ἀποδεδειγμένον
618 3079 664 3151 εὶς
684 3074 767 3150 ὑμᾶς
784 3074 935 3158 δυνάμεσι
955 3075 1008 3139 καὶ
1028 3081 1133 3156 τέρασι
1154 3078 1208 3141 καὶ
1227 3077 1383 3161 σημείοιςι,
1397 3075 1441 3139 fos
1455 3083 1606 3158 propterea
1656 3120 1657 3127 ,

233 3190 289 3255 erit
302 3189 379 3251 inem
394 3185 583 3250 conclusione
605 3180 762 3265 deducere,
785 3204 883 3268 neque
897 3184 966 3248 abbi
979 3187 1009 3248 in
1029 3186 1132 3250 divinis
1145 3187 1250 3249 litteris
1270 3184 1327 3262 erio
1344 3184 1482 3262 θεότητα
1496 3185 1606 3249 Christo

234 3298 356 3378 deferri,
378 3279 517 3376 ibamque
538 3294 593 3357 τὸν
613 3295 663 3357 dni
684 3291 810 3356 πάντων
831 3292 914 3358 θεὸν
932 3292 1099 3376 edloynrdv
1120 3298 1165 3371 εἰς
1186 3289 1260 3368 τούς
1279 3298 1402 3370 αἰῶνας
1423 3288 1606 3377 praedicarit

231 3409 291 3471 boc
311 3405 404 3471 semel
426 3404 554 3468 admisso
576 3422 689 3468 canone
710 3402 806 3467 nullus
829 3406 884 3467 erit
903 3404 1033 3487 reliquus
1051 3403 1228 3469 christianae
1250 3405 1441 3488 professionis
1463 3402 1605 3479 articulo

234 3518 284 3599 qui
303 3516 358 3580 sibi
379 3522 509 3595 consid,
529 3516 637 3596 quique
658 3532 718 3578 non
740 3514 977 3578 manifestissime
997 3514 1185 3597 periclitetur.

340 3629 410 3687 321.
453 3624 512 3689 Sed
527 3634 596 3703 erat,
614 3626 754 3706 inquiunt,
773 3623 950 3704 oneratus,
968 3625 1111 3706 siquidem
1123 3626 1262 3704 novisset,
1280 3625 1355 3689 Petri
1364 3626 1518 3707 primatum
1530 3640 1605 3687 corn·

233 3741 419 3800 memoraret
439 3734 514 3808 Quid
525 3737 550 3798 si
563 3753 713 3817 reponam,
725 3753 785 3797 non
802 3736 945 3798 minorem
960 3733 1050 3797 fuisse
1065 3752 1207 3814 caussam,
1220 3734 1258 3798 ob
1268 3754 1355 3816 quam
1366 3732 1468 3799 Petrus
1483 3736 1604 3799 divinam

234 3846 339 3911 cneo
349 3852 482 3909 natmam
499 3843 675 3907 audientium
690 3845 825 3908 concioni
837 3844 1015 3908 credendam
1029 3842 1204 3908 exhiberetf
1224 3862 1330 3927 aegre,
1354 3847 1410 3908 nisi
1425 3852 1502 3909 ictus
1514 3844 1603 3921 fallor,

293 4045 321 4122 ⁸)
346 4046 422 4102 Nullo
446 4046 523 4120 plana
542 4046 648 4101 vinoilo
669 4028 743 4102 bnec'
753 4048 895 4120 responsio
943 4062 1028 4119 neque
1055 4045 1191 4102 dimisisse
1216 4061 1301 4119 neque
1325 4060 1407 4119 porro
1433 4062 1493 4102 csse
1513 4043 1602 4102 dinis

234 4169 294 4210 cnm
313 4144 465 4210 Bellarmini
484 4153 642 4225 exceptione
662 4154 797 4210 cohaeret.
944 4142 1057 4208 aurumi
1084 4154 1127 4227 qui
1148 4153 1194 4227 nt,
1219 4158 1249 4208 ut
1269 4152 1350 4209 iidem
1371 4146 1499 4226 doceant,
1521 4150 1601 4208 eccle·

944 4259 1012 4315 sian
1033 4273 1085 4315 uon
1106 4258 1167 4315 ideo
1188 4259 1273 4315 solum
1295 4274 1355 4316 csse
1373 4259 1480 4333 dicique
1497 4263 1601 4333 aposto·

293 4364 321 4439 ⁹)
341 4364 371 4421 ln
391 4363 514 4420 omnibus
534 4348 719 4436 ne'eportotts
738 4379 770 4419 rc
789 4366 894 4438 inipso
943 4366 1037 4439 licam,
1063 4365 1134 4438 quod
1155 4370 1290 4422 exstrrreta
1310 4364 1344 4420 eb
1366 4367 1499 4438 apostolis
1518 4364 1599 4433 merit,

234 4471 314 4527 etiam
339 4470 417 4526 Petro
447 4471 540 4544 moad
563 4472 679 4546 rependi
707 4473 896 4546 pascendique
944 4472 1016 4545 qnod
1040 4472 1225 4545 apostolomm
1251 4471 1330 4527 fldem
1358 4472 1506 4546 custodiat,
1533 4466 1600 4544 quod

233 4576 445 4634 monstenem?
470 4579 515 4651 qni
536 4593 602 4648 ergo
622 4579 667 4652 sr,
694 4585 723 4634 ut
748 4578 893 4635 orthodoxi
943 4584 1064 4651 pastores
1084 4579 1183 4636 babent
1202 4578 1324 4651 legitima
1344 4577 1541 4633 ordinationum
1558 4590 1598 4629 se·

232 4689 320 4756 patres
340 4685 456 4740 unanimi
477 4685 654 4742 consensione
667 4691 804 4758 memnon,
825 4692 853 4741 et
866 4687 893 4742 in
941 4686 981 4743 ric
1007 4684 1040 4741 ed
1066 4686 1207 4759 apostolos
1234 4700 1317 4757 nsque
1343 4690 1530 4761 emergentem
1553 4677 1597 4736 sed

232 4790 289 4846 suis
315 4791 515 4847 sumessoribus
542 4791 645 4848 Petrum
671 4793 779 4864 virere,
812 4798 840 4847 et
865 4794 893 4849 in
941 4797 1079 4865 praetcrea
1103 4792 1175 4865 qnod
1199 4791 1345 4866 apostolice
1372 4791 1529 4847 somnone
1554 4802 1597 4859 31-

233 4912 281 4955 eon
302 4896 427 4954 cathedre
446 4898 546 4969 iugiter
569 4899 736 4972 praesidere,
764 4904 792 4954 et
812 4898 892 4954 ovilis
942 4887 1090 4955 bemeturl
1116 4897 1164 4954 sed
1184 4897 1250 4953 baec
1270 4897 1389 4956 imulare
1408 4897 1531 4955 sufficiat.

234 5004 507 5080 administrationem,
539 5020 616 5078 mam
646 5005 729 5063 semel
758 5004 893 5077 sucepit,
1006 5002 1048 5078 ¹⁸)
1070 5002 1131 5060 Act.
1151 5002 1184 5060 Π.
1205 5002 1253 5060 22.
