3358 5400
190 224 253 286 288
711 221 845 286 utuutt
885 221 1052 289 uulnus

188 389 312 473 Oportet
332 388 584 472 superaedificare,
604 407 665 453 non
684 388 870 454 inundemeuta
890 393 997 455 iacere
1040 389 1144 472 Neque
1166 392 1245 455 enim
1258 391 1336 456 abed
1353 398 1450 474 potest
1471 393 1568 456 iacere
1664 442 1665 467 ,

189 498 426 581 fundamentum,
456 500 505 581 qui
525 499 587 561 vult
606 501 755 581 sapienter
776 500 940 565 aedificare.
982 500 1047 563 lloo
1065 500 1284 565 fundamentum
1305 503 1374 565 iecit
1393 502 1497 566 beatus
1517 501 1569 566 Pe-
1664 480 1665 483 Ἴ

189 617 260 690 uuus,
283 609 332 672 vel
352 609 447 691 potius
468 610 532 690 ipse
552 606 702 672 Dominus.
745 610 817 673 Cum
839 612 917 673 enim
938 610 1060 675 dixisset
1079 610 1189 693 Petrus,
1210 620 1246 675 tc
1265 633 1300 675 ea
1321 609 1465 675 Cbrtatoa
1480 610 1570 694 filtaa
1664 608 1665 617 ’

191 716 254 783 Dei
279 725 353 796 cici,
389 718 460 781 dixit
485 717 642 800 DominuS,
676 722 809 798 auper⁰⁰
836 718 916 783 banc
938 728 1059 799 petram
1084 719 1254 804 oedificabo
1278 719 1440 786 eccleciam
1465 742 1571 787 meast

189 827 234 892 Ne
254 846 309 891 vos
331 844 406 910 ergo
428 828 613 892 denominate
634 828 671 891 ab
692 826 872 891 bominibus:
896 828 1026 892 Christus
1048 832 1125 893 enim
1147 839 1193 893 est
1212 830 1463 895 fundamentum“

297 942 367 1000 366.
410 936 521 1010 Quibus
542 938 669 1000 innuitur
689 936 850 1017 mnculum,
879 956 937 1020 quo
957 928 1031 1002 haec
1060 958 1126 1002 cum
1148 942 1242 1022 capito
1262 943 1351 1004 totius
1373 942 1570 1024 disputationis

190 1045 360 1110 cohaerent
403 1046 435 1112 Si
463 1048 541 1110 enim
562 1047 692 1111 Christus
719 1056 765 1112 est
792 1050 895 1111 unicus
916 1046 1071 1128 Dominus,
1099 1048 1294 1131 Redemptor,
1322 1057 1483 1132 auctorque
1503 1051 1571 1114 reli-
1664 1084 1665 1095 ι

190 1156 303 1238 gionis:
326 1159 351 1219 si
373 1158 511 1219 universa
532 1155 663 1219 doctrina
686 1157 854 1239 adipsum,
882 1165 1029 1239 tamquam
1051 1157 1088 1220 ad
1109 1177 1277 1240 supremum
1297 1161 1439 1223 uerticem
1460 1160 1569 1243 redigi-

189 1274 250 1329 tur:
278 1267 304 1329 si
326 1284 429 1330 omncs
449 1273 509 1329 tam
531 1268 580 1348 qui
600 1266 729 1348 plantant
750 1285 837 1349 mam
859 1267 907 1347 qui
928 1268 1043 1349 rigant,
1070 1275 1130 1330 mm
1152 1270 1202 1350 qui
1229 1268 1447 1332 tundamentum
1467 1271 1572 1334 iactum
1664 1242 1665 1303 3

191 1394 278 1456 mam
299 1377 349 1456 qui
370 1375 623 1457 superaedificant,
645 1384 712 1439 sunt
733 1373 887 1451 διάκονοι,
909 1374 950 1438 δι’
973 1368 1020 1440 ὦν
1042 1376 1251 1454 ἐπιστεύσατε,
1275 1379 1409 1459 illiusque
1430 1380 1574 1461 συνεργοὶ

191 1485 240 1567 qui
261 1492 307 1548 est
325 1487 384 1548 τοῦ
401 1484 559 1566 γεωργίου
579 1486 634 1549 καὶ
653 1487 705 1562 τῆς
721 1484 893 1566 οἰκοδομῆς
915 1487 1017 1549 unicus
1033 1485 1182 1571 dominus3
1205 1487 1392 1551 menifestum
1410 1496 1456 1552 est
1474 1508 1571 1571 neque

190 1593 227 1657 ab
250 1595 285 1658 iis
305 1596 382 1658 sumi
396 1612 505 1659 nomen
518 1606 616 1676 posse,
639 1614 736 1677 neque
759 1614 812 1659 eos
827 1596 916 1659 veluti
937 1596 1036 1677 duces,
1058 1599 1264 1679 principesque
1285 1596 1443 1661 lactionum
1458 1597 1571 1662 heberi

297 1704 382 1778 Quod
408 1713 558 1786 postremo
573 1706 598 1739 ⁹¹
630 1705 780 1771 inculcans
801 1713 888 1787 atque
917 1704 1108 1784 confirmans,
1139 1708 1190 1769 ait:
1233 1703 1347 1786 ltaque
1368 1705 1476 1788 μηδεὶς
1498 1727 1575 1771 καο-

192 1812 315 1893 χιὶσθω
343 1818 377 1878 ἐν
399 1812 590 1896 ἀνθρώποις
597 1860 607 1891 ,
634 1836 721 1877 mmo
747 1822 779 1878 tn
799 1812 971 1878 bmntntdna
994 1813 1157 1899 plostetor,
1183 1835 1317 1899 vanaque
1339 1818 1434 1880 exiis
1455 1820 1573 1882 nomina

191 1930 295 2007 captet.
340 1924 397 1987 Cur
419 1943 487 1986 nam
509 1921 603 1987 vero?
626 1925 705 2006 quod
726 1923 831 1989 πάντα
851 1922 942 2007 ὑμῶν
960 1930 1056 2001 ἐστιν,
1080 1932 1181 1988 cancta
1201 1933 1306 1988 cestra
1325 1934 1413 2002 sent,
1433 1934 1494 1989 tam
1515 1925 1570 1989 bo-

191 2037 288 2098 mines
308 2052 344 2097 ac
364 2034 486 2096 ministri
509 2032 611 2097 aDeo
630 2042 784 2117 propterea
805 2034 891 2098 electi
918 2041 948 2096 ut
975 2036 1079 2099 vestris
1097 2035 1266 2098 utilitatibus
1287 2035 1455 2117 consulent,
1486 2054 1575 2117 quam

192 2159 396 2225 quaecumque
416 2149 483 2205 sunt
502 2142 631 2224 reliqua,
660 2161 749 2225 quum
761 2145 788 2177 ⁹²
812 2150 913 2207 onnia
933 2146 1000 2218 τοῖς
1019 2140 1168 2224 ἀγαπῶσι
1190 2141 1344 2208 τὸνθεόν
1364 2149 1508 2225 συνεργεῖ
1528 2148 1576 2219 εἰς
1664 2208 1665 2221 ,

191 2249 228 2314 τὸ
249 2248 389 2331 ἀγαθόν.
431 2250 616 2333 Proindeque
636 2261 735 2317 vestra
755 2261 823 2317 sunt
852 2253 938 2317 etad
959 2255 1053 2316 vos⁹³
1077 2254 1222 2335 pertinent
1248 2252 1307 2315 cine
1329 2251 1485 2329 Παῦλος,
1517 2254 1578 2318 etta

192 2356 372 2436 Ἀπολλώς,
399 2358 458 2423 alte
478 2358 617 2448 Κηφᾶς,
646 2358 703 2426 elta
724 2364 859 2444 κόσμος,
880 2360 939 2425 e’t'tc
960 2360 1043 2438 ζωή,
1069 2360 1128 2426 atre
1149 2361 1310 2437 θάνατος,
1332 2358 1390 2425 c’c'tc
1409 2364 1578 2440 ἐνεστῶτα,
1664 2444 1665 2447 ¹

194 2467 252 2534 etta
271 2469 433 2552 pattena.
476 2471 508 2533 ln
528 2488 652 2552 summe,
672 2472 774 2535 πάντα
796 2468 887 2553 aipein
906 2475 997 2547 ἐστιν,
1019 2480 1049 2535 et
1063 2474 1090 2506 ⁰⁴
1115 2478 1194 2554 πρὸς
1212 2470 1266 2535 τὸν
1280 2471 1491 2554 καταρτισμὸν
1509 2476 1576 2536 τῶν

193 2577 303 2661 clytos,
326 2578 440 2644 Christo
461 2579 613 2644 ordinante
633 2581 809 2644 reseruntur.
852 2580 956 2662 Neque
978 2582 1146 2645 existimare
1166 2581 1276 2644 idcirco
1299 2579 1422 2659 debetis,
1444 2583 1488 2644 sic
1509 2598 1577 2644 om·
1664 2552 1665 2613 3

194 2691 243 2752 nia
263 2690 300 2753 ad
321 2708 392 2768 vos,
421 2697 607 2774 vestramque
630 2691 782 2755 utilitatem
803 2699 955 2773 spectare,
983 2698 1015 2753 ut
1041 2694 1071 2753 in
1100 2691 1184 2754 vobis
1207 2690 1324 2753 tandem
1344 2691 1517 2770 consistent,
1548 2698 1581 2754 et

194 2818 255 2863 non
276 2800 360 2864 altius
382 2800 592 2882 sublimiusque
614 2801 820 2864 conscendant
862 2800 976 2863 Etenim
998 2801 1041 2862 sic
1062 2802 1160 2863 omnia
1180 2807 1279 2862 vestre
1299 2806 1381 2880 sunt,
1404 2806 1436 2863 ut
1455 2818 1511 2862 vos
1533 2803 1580 2864 m'·

93 2892 100 2905 ’
194 2911 294 2974 wint
313 2912 376 2974 sitis
395 2909 554 2991 Χριστοῦ·
580 2910 718 2992 Χριστὸς
738 2908 787 2986 δέ,
810 2907 910 2985 θεοῦ,
936 2906 1065 2987 Christi,
1092 2906 1236 2971 Christus
1258 2916 1376 2986 nutem,
1397 2907 1466 2972 Det
1510 2908 1580 2982 Ouo
1664 2946 1665 2969 ι

193 3020 225 3083 iit
243 3026 276 3082 ut
296 3004 400 3084 catena
423 3021 460 3084 ed
480 3020 574 3085 Deum
594 3024 744 3103 postremo
766 3026 910 3100 assurgat,
933 3018 1114 3100 profectique
1136 3039 1175 3082 ex
1196 3036 1234 3082 eo
1254 3018 1351 3081 annuli
1372 3021 1402 3080 in
1415 3038 1491 3111 *eum
1511 3037 1581 3082 rur·

194 3149 259 3195 sum
281 3132 452 3194 necessario
473 3122 563 3194 ieluti
582 3130 676 3193 reditu
698 3129 880 3212 colligantur.
925 3127 1174 3202 Quemadmodum
1196 3130 1274 3190 enim
1295 3147 1313 3190 e
1332 3127 1407 3208 Deo,
1429 3137 1584 3212 mmquam

194 3240 368 3304 inexhausto
391 3239 516 3320 quodem
531 3240 611 3303 sonte
626 3258 680 3322 per
693 3238 838 3302 Christum
859 3238 1060 3318 mediatorem,
1082 3255 1193 3319 perque
1209 3238 1291 3300 datos
1313 3237 1349 3300 ab
1370 3256 1407 3301 eo
1428 3240 1582 3303 minimo

197 3351 295 3412 omnia
312 3348 349 3411 ad
371 3366 424 3412 vos
445 3349 539 3429 bone,
561 3349 715 3430 omnisque
738 3350 860 3428 iustitia,
883 3349 1082 3429 sapientiaque
1103 3356 1324 3429 permanerunt,
1348 3348 1424 3411 adeo
1446 3357 1477 3411 ut
1496 3366 1584 3412 com·

195 3458 336 3521 munione
359 3458 509 3539 bonitatis,
532 3459 673 3539 iustitiae,
696 3460 914 3539 sapientiaeque
936 3458 1051 3520 divinae
1073 3456 1161 3536 boni,
1184 3457 1265 3534 iusti,
1288 3458 1494 3539 sapientesque
1515 3478 1586 3522 me·

197 3568 253 3630 rito
273 3567 445 3651 videamini,
467 3569 505 3630 ita
525 3568 609 3630 rituli
630 3567 747 3630 undem
767 3585 872 3630 omnes
894 3585 977 3629 suem
993 3574 1128 3647 repetunt
1151 3567 1306 3647 originem,
1329 3567 1475 3648 insitoque
1498 3576 1586 3631 motu

198 3676 236 3740 ad
256 3695 341 3740 suum
362 3685 463 3759 caput,
483 3678 714 3759 principiumque
735 3676 909 3739 reseruntur.

306 3792 376 3849 366.
419 3786 502 3861 Quae
529 3785 660 3868 proiecto
688 3785 831 3848 eiusmodi
859 3792 942 3865 sunt,
972 3792 1003 3846 ut
1027 3785 1193 3867 intelligere
1222 3786 1345 3866 quisque
1375 3785 1495 3867 debeat,
1529 3804 1589 3850 cur

197 3893 303 3960 Paulus
325 3913 421 3977 neque
450 3897 586 3959 eximiam
608 3896 724 3977 Cephae
746 3896 915 3978 dignitatem
938 3896 1047 3957 diserte
1069 3897 1290 3974 memoraverit,
1321 3914 1419 3975 neque
1441 3913 1516 3959 vero
1536 3905 1589 3958 ta-
1662 3936 1663 3941 κ

197 4005 278 4085 ierit,
300 4012 332 4067 ut
351 4016 437 4068 suum
462 4025 480 4068 e
500 4005 597 4086 Cepha
618 4022 727 4068 nomen
749 4005 883 4067 corinthii
906 4011 1113 4067 mutuarentur.
1155 4003 1332 4086 Dignitatem
1355 4007 1433 4068 enim
1454 4009 1592 4070 auctori-

198 4120 346 4196 tatemque
371 4114 635 4197 contemplabatur,
664 4133 739 4196 quee
760 4116 876 4197 proprie
904 4121 951 4176 est
971 4111 1106 4189 Domini,
1136 4133 1211 4195 quae
1232 4122 1402 4176 institutori
1422 4114 1591 4199 reltptmta
1664 4158 1665 4171 .

199 4226 351 4303 convenit,
383 4242 459 4306 quae
482 4220 678 4304 Redemptort
699 4223 836 4303 debetur,
863 4241 997 4305 quaeque
1020 4223 1059 4285 illi
1088 4223 1239 4287 tribuenda
1261 4225 1400 4304 est,‚qui
1428 4243 1486 4287 une
1515 4244 1593 4289 cum
1664 4280 1665 4289 .

199 4332 263 4396 Deo
284 4333 367 4396 Patre
391 4351 450 4396 non
471 4335 565 4396 minus
586 4341 768 4415 principiam
794 4335 832 4397 sit
851 4334 994 4396 bonorum
1023 4335 1167 4412 omnium,
1194 4332 1298 4414 quibus
1321 4332 1424 4396 fideles
1452 4333 1595 4417 locuple-
1664 4374 1665 4385 .

199 4449 311 4523 tantur,
341 4461 427 4524 quam
448 4440 539 4524 finis,
568 4451 686 4525 propter
706 4462 791 4526 quem
814 4441 927 4521 omnia,
951 4444 1066 4523 ipsique
1087 4441 1189 4506 fideles
1217 4448 1247 4504 et
1272 4449 1353 4523 sunt,
1383 4451 1414 4505 et
1435 4444 1473 4508 ad
1493 4443 1596 4508 subli-

264 4634 309 4710 ’⁰)
330 4635 399 4693 Sunt
416 4634 482 4690 haee
497 4649 531 4690 eo
545 4650 626 4691 sensu
639 4636 767 4710 adbibita,
788 4651 865 4707 quem
976 4633 1025 4709 ⁹¹)
1044 4632 1065 4687 1.
1084 4633 1145 4690 Cor.
1166 4632 1210 4688 ill
1231 4630 1278 4689 21.
1315 4638 1323 4651 ·

201 4742 436 4800 accommodatum
456 4743 601 4819 nominant,
623 4760 655 4799 ac
674 4748 815 4816 propterea
832 4742 865 4797 ab
1040 4738 1115 4794 Rom.
1137 4737 1205 4794 Vlll.
1226 4737 1274 4793 28.

976 4738 1003 4769 oa

199 4851 331 4908 orationis
352 4851 438 4927 serie,
465 4848 596 4925 (tuomque
624 4849 715 4908 armac
742 4848 866 4905 conside·
977 4738 1022 4919 ’δί
1042 4844 1062 4899 t
1084 4844 1144 4901 Cor.
1166 4843 1210 4900 lli.
1231 4841 1372 4900 22-23.

199 4965 300 5020 rmtm.
980 4948 1024 5027 ⁹⁴)
1044 4948 1143 5025 Ephes.
1164 4949 1210 5007 tv.
1233 4946 1279 5007 tt.
