3300 5402
589 277 735 346 CAPUT
778 279 918 347 XXVH.
1379 280 1443 343 sss

76 455 217 510 eramento
240 453 374 527 mppr-ts
395 455 426 511 et
446 453 607 531 Μηρὼθ
629 446 754 511 Domini
775 451 994 524 seauctorsri,
1025 452 1056 511 et
1077 452 1179 512 areeri
1198 444 1238 510 sb
1261 451 1343 510 ononi
1363 465 1441 511 coss

76 562 205 618 misse
220 553 451 638 fratenststis,
480 557 647 622 Tertulliani
664 561 704 592 ¹⁴¹
729 576 831 630 nrrsus
851 558 994 635 dictione,
1023 555 1140 621 dubiem
1161 555 1261 620 lacere
1289 574 1374 637 spem
1394 572 1442 619 sn·

78 662 138 728 loh's
162 667 243 728 et¹⁴²
270 667 383 729 aeterni
403 667 483 729 exitii
504 674 615 732 metum
634 669 781 733 incutere:
810 669 915 751 quippe
936 665 1137 748 supponebant
1159 673 1241 730 extra
1261 671 1441 729 emmonis

74 793 135 836 nest
146 772 286 839 cocleam
299 783 473 854 esim,
495 794 582 858 qusm
595 785 1068 842 eumecssssuniosesesctoross
1086 750 1215 857 sipisim
1236 781 1267 837 et
1285 771 1443 854 spirtuali

72 881 290 966 mansuetam,
318 887 467 949 neminem
494 887 616 951 servari
659 886 732 951 lum
752 896 923 969 praeterea,
951 905 1028 969 quae
1057 885 1103 949 his
1124 884 1220 948 affinia
1241 891 1324 963 sunt,
1354 890 1385 947 et
1404 903 1443 947 cx

71 992 169 1055 eodem
188 992 268 1057 lonte
288 992 402 1074 hausti,
424 995 580 1077 episcopos
600 997 631 1059 in
651 996 779 1061 ecclesia
800 996 959 1060 christiana
979 996 1070 1077 ipsius
1082 994 1189 1059 Christi
1204 993 1277 1057 iesu
1298 994 1379 1057 vices
1396 996 1438 1027 ¹⁴³

69 1109 98 1164 et
115 1105 449 1185 personam-sustinere3
470 1104 507 1186 ab
531 1105 568 1167 iis
589 1106 644 1168 rite
665 1112 695 1169 et
716 1105 820 1169 ordine
841 1104 944 1169 eiectis
966 1105 1015 1186 qui
1036 1121 1071 1167 se
1091 1102 1276 1185 separabant,
1298 1119 1332 1165 se
1355 1103 1441 1167 simui
1518 1092 1523 1102 ’

69 1228 200 1293 separese
221 1233 240 1277 a
261 1214 467 1277 communione
481 1215 571 1296 ipsius
591 1214 711 1295 Christi,
733 1216 784 1297 qui
798 1214 835 1277 ab
848 1214 994 1296 episcopis
1015 1218 1082 1293 post
1096 1213 1305 1293 poenitentiam
1325 1211 1441 1294 publice

7 1332 9 1361 ¹
66 1323 219 1386 secundum
247 1322 417 1404 disciplime
443 1323 663 1387 ecclesiasticae
689 1340 820 1387 canones
845 1329 940 1386 actam
966 1318 1219 1397 absolvebantur,
1253 1328 1283 1385 et
1310 1321 1441 1403 dignitati

7 1492 9 1509 ,
68 1448 133 1495 suae
151 1433 278 1496 restituti
297 1431 404 1496 orento
422 1440 510 1512 pacis
530 1431 765 1514 honorabantur,
785 1432 822 1496 sb
844 1434 908 1514 ipso
928 1430 993 1495 Deo
1017 1439 1046 1494 et
1069 1430 1184 1495 Christo
1206 1430 1302 1494 iudice
1324 1428 1443 1494 absolsi

67 1540 175 1605 inloro
197 1541 336 1605 caelesti:
365 1541 492 1623 denique
520 1560 596 1624 quae
622 1544 752 1605 omnium
779 1542 926 1606 eiusmodi
945 1540 1151 1623 hypothesium
1171 1540 1381 1604 cometam
1398 1543 1439 1573 ¹⁴⁴

67 1657 139 1731 emt,
166 1659 264 1714 actum
290 1668 358 1714 esse
385 1650 423 1713 de
444 1650 537 1716 salute
559 1654 690 1715 omnium
708 1652 838 1732 dhonon,
866 1653 915 1733 qui
943 1669 977 1714 se
1001 1657 1035 1713 ie
1060 1647 1227 1712 aenimate
1247 1650 1443 1713 secernebant

69 1757 103 1821 ab
123 1768 258 1823 esterno
272 1759 418 1823 ecclesiae
439 1767 469 1823 et
482 1778 632 1824 sacrorum
652 1769 875 1826 communiam:
894 1763 1009 1827 etiamsi
1024 1760 1166 1823 hactenus
1182 1762 1224 1794 '⁴⁵
1248 1778 1304 1823 nec
1324 1758 1442 1823 haeresi

65 1867 173 1949 inlecti,
202 1887 260 1933 nec
283 1868 451 1932 criminibus
476 1869 691 1951 professionem
714 1870 899 1934 christianam
921 1868 1151 1949 destruentibus,
1180 1867 1311 1932 obstricti
1331 1875 1439 1931 essent.

66 1974 141 2050 Quae
168 1979 284 2061 singula
300 1977 401 2062 focile
425 1977 496 2042 mihi
523 1980 600 2043 loret
620 2002 664 2042 em
684 1987 845 2047 senentio
873 1988 903 2043 ei
931 1978 1093 2060 disciplina
1114 1978 1272 2042 doctorum
1292 1975 1442 2040 ecciesiae

62 2093 232 2165 primitivae
260 2087 373 2170 prolixe
399 2087 568 2171 adstruere,
603 2090 628 2151 si
652 2090 839 2172 peritioribus
864 2090 964 2171 ignota
993 2097 1109 2169 essent,
1142 2097 1191 2150 nut
1218 2088 1292 2151 ratio
1323 2089 1442 2151 instituti

65 2198 151 2259 nostri
176 2197 207 2260 id
234 2199 422 2283 permitteret.
464 2197 549 2261 Nunc
576 2198 761 2264 solummodo
785 2217 916 2282 provoco
944 2198 981 2262 nd
1007 2198 1161 2281 epistolam
1176 2200 1218 2232 ¹⁴⁶
1244 2197 1377 2280 Cypriani
1405 2195 1442 2259 ad

65 2302 215 2387 lisgnum,
245 2325 301 2388 qun
329 2314 388 2370 tota
416 2306 469 2370 bns
493 2308 586 2390 ipses,
615 2328 687 2391 quas
710 2310 797 2373 modo
817 2309 1027 2389 recensebnm,
1054 2309 1235 2392 hypotheses
1257 2308 1393 2389 supponit
1413 2312 1443 2369 et

64 2423 161 2497 urget:
184 2424 215 2481 et
237 2434 309 2479 vero
330 2418 407 2480 inter
429 2417 484 2480 alia
506 2396 543 2481 de
556 2417 710 2483 Novoiiani
729 2419 886 2483 schismate
901 2419 1061 2500 disserens,
1084 2420 1114 2482 in
1128 2418 1205 2483 haec
1219 2417 1309 2480 verba
1331 2417 1441 2481 diserte

65 2524 175 2589 scribit:
220 2521 310 2601 Quod
340 2532 371 2588 si
397 2547 462 2590 urso
493 2535 540 2590 est
572 2526 715 2607 ecclesia,
750 2549 829 2609 puae
860 2550 881 2592 a
914 2526 1039 2593 Christo
1069 2527 1220 2614 dliipitur,
1256 2535 1285 2590 ei
1317 2525 1442 2591 laesero

66 2772 108 2828 sit.
140 2773 243 2832 Talium
263 2791 330 2847 erpo
350 2776 467 2833 virorum
488 2778 654 2851 propositum
674 2784 724 2852 est,
838 2778 897 2855 ¹⁴²)
920 2778 954 2835 Ut
974 2778 1044 2834 enim
1066 2777 1137 2835 idem
1157 2777 1252 2835 scribit
1266 2777 1440 2833 Tertullianus

63 2885 106 2936 sui
123 2881 226 2938 sedatis
251 2898 370 2938 remesrs
394 2883 561 2958 turbinibus,
588 2890 633 2940 sut
652 2885 677 2940 si
697 2883 725 2940 id
774 2882 893 2957 Apolog.
915 2900 973 2958 esp.
988 2883 1114 2943 xxxttt:
1134 2884 1291 2959 „Summum
1306 2883 1385 2939 loturi
1400 2883 1440 2937 in·

63 3000 114 3043 son
132 2990 268 3062 mnsntm,
295 2988 339 3045 rel
363 2988 457 3045 eadem
483 2994 640 3062 tempestate
665 3005 726 3063 per·
774 2988 837 3045 dicii
856 2989 1045 3062 praeiudicium
1066 2995 1117 3063 est,
1141 2991 1164 3045 si
1184 2992 1243 3061 pois
1264 2990 1301 3043 ita
1323 2988 1440 3059 delique·

63 3101 208 3169 uvsrmte,
229 3093 273 3150 vel
288 3110 322 3151 ne
337 3108 388 3150 suo
409 3095 496 3151 reditu
517 3094 578 3153 tsiis
598 3102 645 3152 sut
664 3111 725 3151 sse-
773 3095 824 3168 rit,
845 3071 875 3151 ni
888 3112 903 3150 s
917 3095 1158 3151 communicatione
1178 3096 1309 3151 orationis
1330 3100 1358 3150 et
1377 3108 1442 3149 con·

7 3178 9 3197 ¹
62 3197 256 3273 dormiatur,
276 3206 367 3257 maest
386 3200 549 3259 solontntern
570 3200 725 3257 consulendi
774 3208 869 3257 ventus
898 3208 927 3258 et
954 3203 1041 3258 omnis
1071 3202 1157 3257 sancti
1188 3200 1343 3257 commercii
1372 3200 1441 3255 rete·

61 3304 139 3361 etiarn
164 3308 206 3364 sis
231 3307 314 3380 ipsis,
341 3320 453 3379 quorum
481 3307 598 3364 notibus
624 3312 726 3381 pertar-
775 3304 882 3378 getur.“

60 3410 266 3484 bationibnsqoc
286 3418 437 3485 cesserum,
457 3414 517 3469 sins
537 3413 588 3469 ulls
610 3428 726 3470 conven-
839 3391 958 3488 ¹⁴⁸)'1ie
979 3412 1031 3468 hoc
1051 3411 1189 3467 doctrinae
1210 3411 1298 3483 capite
1318 3411 1441 3483 lrcqnen-

61 3516 202 3573 tienlormn
223 3518 537 3590 congregationemque
557 3518 592 3574 sd
612 3524 725 3574 mortem
775 3520 878 3576 tissima
912 3502 974 3573 s'nnt
1007 3533 1090 3588 esque
1125 3516 1237 3573 illustria
1268 3519 1296 3572 in
1328 3517 1441 3573 sinceris

59 3622 234 3681 defendentes
263 3629 291 3680 et
324 3624 479 3679 testimonio
513 3624 634 3680 iuvantes
667 3640 725 3680 esra
774 3624 871 3695 Ignatii
893 3622 1017 3696 epistolis
1038 3623 1200 3678 testimonis.

60 3729 154 3803 idem,
183 3744 261 3801 quam
281 3730 308 3785 in
329 3728 442 3784 ecclesis
463 3728 592 3786 caunum
620 3728 726 3801 praedi·
839 3728 899 3803 ru)
927 3729 993 3797 Quis
1019 3728 1200 3801 suspiceretur
1223 3728 1276 3784 dici
1303 3728 1440 3784 eudonis-

59 3836 227 3891 cariscinnt.
257 3834 314 3890 llos
334 3842 451 3892 coronet
470 3835 497 3891 in
518 3835 625 3890 occulto
640 3835 725 3907 Pater,
774 3837 873 3891 umam
899 3835 1020 3907 potuisse
1045 3836 1220 3909 sententiam,
1248 3849 1326 3906 quam
1351 3840 1440 3908 patres

58 3941 86 3997 in
116 3940 225 3998 oeenslto
255 3940 360 3997 videm.
407 3941 501 3998 limam
535 3941 587 3997 hoe
619 3941 727 3998 ridetur
776 3942 809 3997 ab
829 3943 895 4015 ipsis
916 3940 1076 3995 christianae
1096 3940 1236 4011 religionis
1254 3939 1373 3995 exordiis
1387 3945 1442 3994 na-

59 4063 161 4123 penus3
192 4047 241 4104 sed
269 4053 357 4103 tannen
384 4046 505 4121 exempla
532 4062 585 4103 non
615 4047 725 4121 desunt,
775 4048 906 4119 diderint,
934 4051 961 4102 et
981 4045 1119 4102 unanimes
1146 4034 1352 4101 confirmarint?
1381 4045 1441 4117 qnia

59 4154 142 4212 inmo
164 4153 238 4227 plurs
259 4160 320 4210 sunt
338 4170 418 4227 qnam
439 4153 512 4210 credi
531 4152 653 4226 potest.“
687 4152 727 4211 oe
775 4168 828 4209 non
856 4152 1089 4208 vehementissime
1115 4152 1165 4206 hac
1186 4151 1355 4207 dissensione
1381 4167 1442 4223 per-

56 4275 110 4330 oso
131 4275 196 4315 raro
215 4260 352 4316 hominnm
373 4275 472 4331 genere
493 4260 604 4317 hnitims
631 4258 727 4315 scribit
777 4265 922 4333 moventur,
944 4275 994 4330 qun
1010 4257 1042 4313 ah
1059 4256 1214 4329 apostolicis
1228 4257 1303 4330 viris,
1324 4263 1441 4329 petrum·

58 4364 142 4423 iihl.
164 4366 198 4422 de
218 4366 318 4440 bsptis.
339 4381 398 4439 esp.
413 4365 495 4440 xvu,
519 4366 605 4437 deque
625 4380 659 4421 eo
682 4381 727 4421 se-
776 4380 826 4436 que
847 4365 928 4421 choro
950 4368 1131 4437 protestantes
1152 4351 1328 4436 separantur?

58 4473 114 4546 cipi
145 4472 244 4528 debent
273 4487 342 4544 quse
373 4471 455 4528 habet
486 4472 566 4545 epist.
586 4470 726 4529 uxxvut.
839 4470 900 4545 ¹⁴³)
934 4468 1010 4536 Quod
1038 4469 1161 4525 nimirum
1187 4468 1308 4541 petrihns
1342 4467 1441 4525 crimen

58 4595 85 4633 n.
99 4578 136 4634 t:
165 4578 253 4653 „Quid
274 4580 343 4635 enim
365 4578 445 4636 obest
463 4578 581 4652 homini,
601 4578 673 4652 qnod
692 4594 727 4634 sx
776 4581 850 4632 esset
875 4573 1059 4646 hspitionrqoe
1084 4576 1199 4631 immane
1226 4570 1253 4632 i'n
1279 4580 1369 4647 partes
1400 4575 1442 4630 di·

60 4683 104 4740 ut·
127 4683 218 4741 tabula
238 4683 269 4755 (e
285 4684 435 4760 diptychis)
456 4700 510 4741 non
530 4684 587 4740 vult
605 4700 664 4740 eum
684 4701 727 4740 re-
776 4680 897 4737 scindere
918 4682 1058 4752 mystieum
1079 4680 1177 4737 Christi
1199 4696 1309 4756 corpus,
1330 4697 1441 4752 eamque

59 4792 145 4846 citare
160 4790 273 4846 hnmana
286 4791 448 4865 igncmntis,
468 4794 492 4848 si
505 4790 540 4847 ds
552 4790 622 4846 libro
635 4792 728 4846 viven-
776 4788 932 4844 subvertere
952 4786 1095 4863 unitatem,
1121 4802 1171 4861 pro
1192 4803 1243 4860 qus
1263 4787 1366 4843 Patrem
1387 4793 1441 4842 tnm

57 4898 127 4953 ilum
148 4910 202 4952 non
223 4912 283 4952 eum
303 4897 375 4956 dslst
394 4898 482 4970 tuique
503 4884 707 4955 conscientisi“
777 4895 896 4968 impense
917 4898 1086 4949 exoraverat.

126 5002 188 5079 ¹⁴¹)
209 5002 253 5060 hd
272 5019 398 5083 nrorssn,
418 5003 464 5061 lib.
479 5002 511 5061 u
532 5019 591 5078 cap.
607 5002 652 5061 tlt.
841 4998 902 5076 ¹⁴⁸)
922 4998 1010 5074 Epist.
1031 4996 1120 5093 hlilX·
