3358 5400
183 284 246 347 πο
703 275 833 344 rmus
874 243 1039 343 curuos

182 453 260 516 enim
282 447 406 531 apostoli
427 446 625 526 excellerent,
645 447 851 529 principesque
871 448 948 510 inter
968 465 1022 511 eos
1047 446 1144 510 forent
1163 446 1267 529 quibus
1289 465 1362 530 opus
1390 447 1568 511 formandae
1592 444 1600 451 '

181 561 366 641 tuendaeque
382 557 498 621 uniatis
514 554 713 618 concreditum
734 563 813 636 erat,
835 556 873 621 ed
886 574 975 620 unum
992 565 1090 620 tamen
1103 556 1228 637 Petmm,
1250 565 1396 639 tamquam
1418 557 1454 621 nd
1475 576 1570 640 prae·

183 671 310 751 positum
332 667 467 730 omnibus
487 673 589 746 caput,
609 665 726 728 unitatis
747 666 833 747 origo
853 665 1053 748 redigebatur.
1096 666 1189 740 Quam
1210 666 1365 730 σύνθεσιν
1384 668 1467 750 plura
1489 684 1569 731 sane

184 785 282 857 eram,
312 795 388 858 quae
408 778 527 840 omnino
552 773 751 857 postulabant:
774 794 811 839 ac
829 774 897 839 fidoi
917 778 1042 858 primurn
1063 775 1214 859 analogia,
1244 796 1301 858 qua
1321 776 1423 839 Petnrs
1444 784 1569 859 aposto-

183 887 279 950 lorum
299 887 435 967 princeps
464 893 494 947 et
516 881 693 965 ἡγούμενος
718 884 901 966 perhibetur:
930 888 1005 949 ratio
1026 885 1132 949 deinde
1152 889 1237 949 unius
1258 887 1407 968 conspicui
1429 886 1568 967 corporis

184 999 223 1060 ito
244 995 389 1059 ecclesiae
410 996 494 1058 insita
512 1001 544 1055 ut
562 993 599 1056 ab
621 1011 657 1056 ea
679 992 777 1056 divelli
797 1012 835 1056 ne
851 994 1008 1076 cogitando
1026 995 1144 1077 quidem
1158 998 1264 1077 possit:
1286 992 1419 1072 δεικτικὴ
1442 995 1566 1058 tandem

185 1106 430 1187 repraesentatio,
453 1122 509 1185 qno
530 1102 657 1167 ecclesio
677 1120 767 1165 unum
787 1103 901 1166 referre
922 1102 1016 1166 Deum
1036 1121 1185 1185 unumque
1209 1104 1353 1168 cinnum
1375 1104 1471 1168 debet.

292 1253 360 1310 348.
402 1247 500 1330 Atque
527 1247 595 1310 heic
623 1247 680 1308 duo
708 1265 741 1309 se
775 1245 844 1309 mibi
873 1245 999 1309 offerunt
1033 1266 1109 1330 quae
1146 1247 1235 1310 nolim
1267 1250 1490 1330 praetermissa,
1533 1256 1566 1312 et

185 1357 290 1441 quibus
316 1359 463 1439 praesenti
489 1358 574 1439 capiti
604 1355 722 1424 modurn
749 1375 865 1436 ponam.
909 1357 960 1419 Est
983 1366 1080 1420 autern
1102 1356 1170 1419 illud
1195 1358 1320 1439 primum
1342 1359 1419 1440 quod
1440 1359 1576 1441 passim„
1664 1398 1665 1423 ι

186 1467 419 1551 triumphumque
446 1467 535 1530 veluti
562 1473 686 1548 agentes
713 1472 908 1546 protestantes
936 1465 1094 1529 inculcant:
1132 1467 1168 1530 ad
1201 1469 1338 1530 unitatem
1373 1467 1568 1532 ecclesiastici

186 1578 318 1659 corporis
342 1594 416 1658 opus
437 1584 592 1659 propterea
614 1594 672 1638 non
695 1593 763 1637 esse
791 1576 949 1658 conspicuo
971 1583 1000 1638 et
1022 1578 1213 1639 oecumenico
1237 1578 1347 1659 capite,
1378 1578 1457 1658 quod
1476 1576 1566 1641 buius

187 1687 303 1770 expleat
323 1705 457 1765 munera,
485 1693 641 1768 partesque
663 1685 751 1749 obeat
772 1684 901 1749 Christus
923 1689 971 1767 qui
994 1686 1140 1750 ecclesiae
1171 1696 1256 1769 capnt
1284 1688 1352 1752 κατ’
1373 1680 1489 1766 ἐξοχὴν
1508 1705 1566 1750 no·

187 1799 320 1861 minatur.

292 1940 337 2003 Ne
364 1941 442 2003 enim
469 1948 601 2022 repetam
629 1931 752 2003 ἄτοπον
778 1957 846 2002 esse
875 1938 980 2002 visibili
1009 1941 1124 2021 corpori
1145 1940 1289 2002 invisibile
1310 1939 1458 2002 dumtaxat
1477 1947 1567 2020 caput

187 2067 341 2133 praeesse:
363 2067 402 2111 ne
421 2056 552 2131 repetam
573 2046 610 2110 ab
631 2046 767 2130 analogia
788 2047 869 2127 lidei,
900 2049 1171 2131 scripturarumque
1193 2046 1332 2131 ἁρμονίᾳ
1352 2049 1382 2112 id
1403 2047 1567 2112 vehemen-

185 2160 297 2223 tissime
319 2156 495 2221 abhorrere:
516 2176 555 2221 ne
576 2165 708 2239 repetam
729 2157 759 2220 id
780 2157 837 2221 dici
856 2158 894 2221 de
916 2157 1058 2222 catbolica
1083 2158 1210 2222 ecclesie
1230 2176 1290 2221 non
1307 2161 1350 2192 ¹⁵⁸
1374 2174 1472 2239 posse,
1493 2159 1566 2238 quin

187 2269 224 2332 de
246 2266 369 2350 singulis
394 2286 529 2331 seorsum
557 2267 689 2330 coetibus
717 2265 889 2347 affirmetur,
920 2267 999 2349 quod
1026 2275 1123 2331 tamen
1144 2267 1279 2331 affirmari
1306 2285 1395 2349 posse
1416 2265 1565 2347 anglicani
1664 2264 1665 2347 j

188 2384 312 2460 negant,
340 2378 567 2459 negandumque
583 2378 625 2411 ¹⁵⁸
656 2377 872 2458 demonstrant3
904 2377 998 2440 solum
1025 2377 1186 2457 adnotabo,
1216 2377 1358 2441 eiusmodi
1380 2380 1564 2458 argumento,
1664 2370 1665 2373 ’

187 2487 213 2551 si
233 2487 302 2568 quid
322 2486 362 2549 illi
382 2487 521 2569 ponderis
542 2486 732 2567 concedatur,
764 2505 824 2549 non
851 2488 948 2569 magis
974 2490 1197 2551 oecumenicum
1218 2495 1318 2570 caput,
1345 2506 1432 2569 quam
1454 2486 1566 2569 gradus

186 2598 290 2660 omnes
310 2595 510 2660 hierarchicos
531 2583 660 2674 excludi,
684 2593 868 2677 funditusque
890 2596 1026 2660 convelli.

290 2739 387 2803 Eccur
414 2739 493 2804 enim
521 2739 601 2803 dedit
621 2739 701 2803 Deus
720 2740 844 2820 primum
866 2740 1030 2823 apostolos,
1062 2741 1168 2805 deinde
1190 2740 1360 2824 propbetas,
1389 2760 1424 2803 ac
1445 2749 1565 2804 ceteros
1662 2808 1663 2813 η

185 2868 301 2913 rursum
327 2866 401 2931 quos
426 2847 530 2912 Paulus
555 2856 694 2912 recenset
710 2852 752 2882 ¹⁵⁷
776 2850 973 2914 ministromm
1002 2847 1144 2915 ordines?
1172 2858 1203 2913 ut
1225 2850 1352 2914 ecclesia
1372 2868 1462 2913 unum
1484 2858 1567 2914 esset
1664 2926 1665 2949 ρ

187 2978 309 3042 corpus,
330 2977 478 3040 unumque
500 2966 663 3039 appareret,
684 2961 867 3027 uteinsdem
888 2962 989 3025 unituti
1008 2962 1241 3045 prospiceretur,
1264 2968 1295 3023 ut
1315 2960 1412 3023 omnia
1433 2959 1566 3022 membm
1664 2980 1665 3069 ,

185 3070 223 3134 ed
243 3072 380 3133 miuron
401 3068 540 3151 perducta
568 3069 597 3130 io
619 3072 727 3134 unitate
753 3072 980 3135 continerentur.
1023 3071 1153 3149 ldcirco,
1175 3071 1268 3152 inquit
1283 3072 1327 3104 ¹⁵⁸
1349 3068 1470 3151 Paulus,
1493 3084 1566 3133 con-

185 3181 274 3243 stituti
295 3187 363 3243 sunt
382 3178 522 3260 apostoli,
548 3179 721 3262 prophetae,
743 3180 958 3262 evangelistae,
985 3187 1120 3261 pistores
1142 3179 1354 3261 doctoresque,
1383 3186 1415 3242 ut
1434 3180 1565 3260 ipsorum

187 3288 363 3370 ministerio,
392 3289 521 3372 ipsisque
541 3289 760 3353 aedificantibus
782 3290 886 3354 Christi
917 3307 1037 3371 corpus,
1068 3286 1310 3371 καταντήσωμεν
1331 3290 1361 3352 ot
1384 3287 1498 3363 πάντες
1519 3291 1565 3362 εἰς
1664 3268 1665 3283 ’

187 3398 243 3475 τήν
271 3400 395 3475 ε’νόεηια
415 3401 467 3475 τῆς
489 3398 620 3471 πίστεως
647 3399 701 3463 καὶ
720 3402 775 3475 τῆς
795 3397 994 3479 ἐπιγνώσεως
1014 3399 1071 3463 τοῦ
1096 3399 1166 3462 υἱοῦ
1185 3405 1242 3462 τοῦ
1261 3398 1358 3477 θεοῦ,
1387 3402 1432 3472 εὶς
1459 3392 1565 3480 ἄνδρα

188 3506 318 3582 τέλειον,
347 3511 392 3583 rte
420 3514 534 3591 μέτρον
558 3507 679 3586 ἡλικίας
698 3510 755 3572 τοῦ
774 3506 981 3589 πληρώματος
1008 3511 1066 3571 τοῦ
1085 3508 1242 3588 Χριστοῦ·
1271 3508 1323 3572 ἵνα
1350 3516 1456 3591 μηκέτι
1477 3500 1564 3590 ὦμεν

189 3614 302 3693 νήπιοι,
323 3614 584 3700 κλυδωνιζόμενοι
605 3620 657 3683 κοιλ
671 3622 909 3705 περιφερόμενοι
930 3617 1021 3681 παντὶ
1041 3615 1145 3701 ἀνέμῳ
1165 3621 1218 3694 τῆς
1240 3616 1453 3695 διδασκαλίας,
1476 3619 1566 3701 dury}

190 3723 302 3810 νινβεία
328 3729 392 3790 τῶν
412 3724 615 3808 ἀνθρώπων,
639 3734 673 3792 όν
693 3729 872 3811 πανουργία
892 3726 972 3807 πρὸς
997 3723 1052 3802 τήν
1071 3724 1248 3808 μεθοδείαν
1272 3729 1326 3804 τῆς
1347 3728 1485 3805 πλάνης,
1510 3729 1562 3791 πό-

191 3835 342 3900 όιιεανιιισ
368 3857 470 3899 omnes
487 3839 529 3871 '⁶’
555 3858 611 3916 per
635 3845 785 3902 sadotem
808 3838 886 3920 fidei
905 3842 1149 3921 eopnttionisque
1166 3835 1230 3917 filli
1249 3835 1310 3899 Dei
1339 3838 1376 3900 ad
1404 3857 1471 3900 eum
1500 3856 1565 3919 per·

256 4046 316 4121 ¹⁵⁸)
348 4047 410 4104 liibi
440 4049 510 4104 euim
536 4048 555 4104 ii
582 4064 687 4122 semper
714 4050 766 4105 visi
792 4055 854 4105 sunt
965 4048 1142 4123 ¹⁶⁸)liplres.
1163 4047 1209 4102 tv.
1234 4046 1368 4104 13-15.
1664 4104 1665 4109 ,

192 4145 358 4228 παραδόξως
383 4168 477 4229 αρσια,
503 4155 548 4224 qui
569 4170 647 4225 quum
667 4155 852 4212 necessitatem
965 4153 1025 4229 Ἠ)
1045 4153 1123 4219 Quod
1140 4153 1228 4226 piures
1245 4159 1363 4228 censent,
1383 4151 1421 4218 ote
1438 4144 1489 4226 σήν
1508 4146 1562 4211 δεό-

192 4248 269 4314 nnius
296 4258 428 4332 praesidis
454 4274 503 4332 pro
530 4260 642 4332 singulis
669 4262 790 4317 coetibus
816 4262 855 4318 al·
901 4277 986 4332 πηνα,
1013 4259 1133 4315 adbiberi
1160 4274 1208 4331 pro
1231 4258 1260 4314 is
1278 4253 1313 4335 τῇ
1332 4249 1450 4332 boemi,
1478 4262 1560 4316 minus

193 4365 311 4440 llrment,
338 4366 522 4422 necessitatem
544 4373 635 4422 eontra
656 4368 732 4422 unius
751 4367 854 4440 pressi·
901 4366 979 4422 nobis
1001 4366 1108 4437 arridet,
1129 4364 1318 4437 opinamurque
1338 4371 1479 4438 propterea
1497 4367 1560 4423 banc

193 4472 245 4546 dis,
266 4473 309 4527 oui
328 4477 412 4528 toturn
427 4472 515 4529 subsit
531 4488 637 4548 corpus,
658 4474 853 4545 pugnacissime
902 4486 963 4528 esso
988 4472 1060 4527 Psoti
1089 4477 1217 4544 mentem,
1235 4472 1292 4543 'per
1315 4470 1382 4527 lasne
1401 4454 1486 4545 ipsam
1505 4462 1559 4529 δεδ-

194 4577 351 4663 iniciuntur.
901 4595 973 4650 πηνα
991 4571 1041 4649 τῆς
1060 4574 1176 4640 πίστεως
1195 4574 1241 4631 καλ
1260 4571 1310 4650 τῆς
1328 4569 1496 4652 ἐπιγνώσεως
1515 4574 1562 4637 rori

258 4681 319 4757 ¹⁸⁸)
349 4681 556 4753 vulgatissimos
574 4686 636 4738 sunt
655 4681 853 4752 anglicanorum
901 4677 961 4740 υἱοῦ
980 4676 1030 4739 τοῦ
1049 4676 1130 4750 θεοῦ,
1150 4698 1209 4738 eam
1230 4697 1279 4738 nos
1300 4698 1360 4739 esse
1375 4686 1559 4756 perlectionem

196 4802 254 4845 orsu
267 4787 476 4861 presbyterialis
490 4786 682 4861 contentiones,
702 4787 797 4859 quibus
814 4790 854 4846 di·
903 4794 1126 4863 consequutnros,
1159 4804 1227 4859 quae
1258 4789 1378 4845 lormulis
1409 4789 1446 4856 ele
1475 4781 1560 4864 ἄνδρα

195 4897 283 4955 uiuam
303 4895 491 4968 episcoporum
510 4896 642 4966 originem
662 4900 774 4952 mentm.
901 4890 1008 4963 πόλεων,
1027 4892 1065 4959 εὶς
1084 4891 1182 4969 perper
1198 4885 1367 4968 ἡλικίαςεοῦ
1379 4888 1561 4977 πληρώματος

260 5002 319 5081 ¹⁵²)
341 5000 437 5059 [Cor.
456 5001 513 5061 xit
533 5000 587 5079 28,
607 5001 705 5076 pres.
725 5001 770 5061 lv.
794 5001 838 5059 11.
901 4996 951 5059 τοῦ
971 4992 1112 5079 Χρισιοῧ,
1132 5002 1297 5074 exprimitur.
