3258 5400
223 275 286 348 12⁸
745 271 877 339 umuli
908 271 1082 340 stamus

327 440 375 509 lte
392 438 486 505 inanis
506 439 592 522 ium,
613 448 755 524 pergunt,
776 441 880 507 haben
899 441 1049 507 conclusio
1070 440 1174 523 debat,
1196 458 1254 524 qus
1273 439 1342 505 inde
1360 438 1436 506 Petri
1452 440 1568 523 mauu

221 551 341 632 minu,
361 548 441 633 quod
456 552 582 630 πρῶτος
595 559 785 634 nuncupatur.
827 552 939 617 Etenim
956 551 1032 634 apud
1045 551 1154 615 Lucam
1168 554 1196 585 '⁸
1218 551 1255 614 de
1274 551 1320 631 iis,
1342 552 1390 633 qui
1409 546 1569 635 ὁὸιιιιγίρυς

223 661 333 745 ipvitati
354 658 479 738 luerunt,
501 658 651 742 sciolum,
674 660 692 722 ὁ
713 662 837 742 πρῶτος
860 658 947 726 εἶπεν
966 658 1067 745 αὐτοὶ·
1087 660 1125 724 de
1147 678 1326 742 οοοοοοιυο,
1346 679 1363 724 a
1383 677 1440 742 quo
1460 659 1569 723 domum

221 772 365 835 rationem
386 769 640 833 administrationis
659 769 871 853 postulaverat,
893 770 997 835 dicitur
1012 773 1049 851 ¹⁹,
1070 770 1156 852 lisys
1176 770 1223 852 τῷ
1232 765 1376 853 ’πριίτφε
1396 768 1479 831 etde
1496 769 1569 831 servu

223 878 355 943 tidelilrns
385 877 552 958 additur²⁰,
580 886 765 961 supersessa
788 878 823 943 ot
852 880 870 942 ὁ
892 881 1025 960 πρῶτος.
1067 880 1107 943 m
1127 896 1199 944 vero
1221 880 1287 962 quis
1305 886 1459 961 propterea
1476 882 1567 955 solut

222 1007 276 1053 eos
297 990 406 1052 ceteris
422 988 641 1070 praecelluisse,
662 990 712 1071 qui
729 995 822 1069 print
841 987 1073 1071 compellanturi
1095 1006 1182 1053 nemo
1197 988 1283 1070 plano
1301 989 1351 1070 qui
1371 988 1489 1069 ineptire
1505 983 1567 1047 nott

222 1098 271 1162 Ad
291 1100 462 1181 ineptiarum
482 1115 557 1181 erpo
580 1116 675 1181 genus
696 1098 851 1163 referende
872 1106 918 1163 est
938 1098 1104 1180 conclusio,
1132 1115 1188 1179 qua
1211 1097 1288 1162 Petri
1312 1100 1450 1181 primatus
1468 1094 1570 1179 appell·

224 1209 303 1273 lione
322 1210 380 1272 τοῦ
399 1206 529 1288 πρώτου
549 1206 761 1291 comprobatur.

329 1317 504 1384 Ρνιοεοηίιο
533 1338 621 1402 quum
648 1318 713 1401 plus
738 1317 833 1382 semel
859 1335 919 1381 non
946 1318 1070 1398 primus,
1097 1315 1151 1380 sed
1177 1316 1226 1380 vel
1246 1316 1379 1398 ultimos,
1407 1317 1455 1380 vel
1473 1317 1571 1398 medina

222 1427 451 1510 interiectusque
478 1430 652 1493 namneum.
694 1427 759 1502 Ouo
786 1445 858 1491 sane
886 1428 941 1490 ista
956 1429 982 1460 '¹
1007 1427 1168 1508 pertinent:
1196 1418 1259 1507 ἐγοί
1283 1424 1572 1508 praeoptantes,

223 1530 287 1617 tyni
309 1534 347 1601 dl
366 1534 525 1614 Ἀπολλώ,
556 1533 620 1619 lyei
643 1536 679 1601 δὲ
701 1534 819 1617 Κηφᾶ,
841 1528 905 1618 tyni
928 1534 964 1600 δὲ
984 1534 1134 1615 Χριστοῦ.
1175 1533 1273 1599 Et'²:
1306 1534 1409 1601 πάντα
1425 1529 1486 1619 γὰρ
1503 1533 1572 1619 ὑμῶν

222 1651 320 1721 ἐστιν,
340 1646 398 1711 sire
422 1647 574 1724 Παῦλος,
600 1644 658 1712 ιίτε
678 1642 856 1722 Ἀπολλοίς,
884 1645 942 1709 elta
962 1642 1103 1730 Κηφᾶς,
1130 1642 1188 1708 sits
1209 1646 1326 1727 κόσμος
1332 1690 1343 1721 ,
1362 1643 1421 1710 εἴτε
1440 1642 1515 1723 ζωή,
1531 1641 1573 1709 ὁτι

222 1754 378 1833 θάνατος,
400 1753 460 1821 είτε
473 1757 638 1833 ἐνεστῶτα,
657 1753 716 1820 eise
729 1754 896 1838 μελλοντα·
918 1750 1022 1819 πάντα
1042 1750 1135 1838 ὑμῶν
1147 1757 1246 1818 ἐστιν·
1266 1751 1357 1836 ὑμεῖς
1376 1753 1422 1831 δέ,
1442 1755 1572 1839 Χριστοῦ·

222 1864 360 1953 Χριστὸς
380 1864 432 1943 δι’,
454 1863 546 1930 θεοῦ.
589 1865 636 1929 Ac
648 1867 676 1899 ¹⁸
701 1883 831 1929 rursum:
852 1856 895 1945 pri
919 1861 979 1928 οὐκ
999 1865 1116 1946 ἔχομεν
1134 1861 1280 1942 ἐξουσίαν
1298 1861 1444 1949 ridel-qais
1463 1871 1573 1946 γυναῖκα

221 1974 390 2058 περιάγειν,
413 1972 458 2050 oie
478 1975 531 2039 καί
545 1975 575 2039 ot
589 1973 692 2038 λοιποί
711 1970 890 2050 α’πὸστολοι,
912 1972 966 2037 καί
979 1974 1009 2038 ni
1022 1971 1159 2062 α’ὁελφοί
1178 1975 1236 2037 τοῦ
1249 1973 1369 2057 κυρίου,
1392 1974 1445 2038 καί
1459 1970 1573 2059 Κηφᾶς,

332 2089 399 2147 tle.
443 2083 553 2158 Qubus
574 2102 634 2167 ego
655 2091 687 2147 ut
707 2100 869 2163 occurram
892 2100 987 2165 eaque
1008 2083 1106 2147 omnia
1126 2082 1201 2148 levia
1223 2102 1300 2166 esse,
1322 2083 1520 2167 inbecillaque
1536 2083 1574 2147 de

222 2199 400 2276 monstrem,
431 2193 569 2257 nonnulla
588 2194 712 2276 primurn
734 2193 893 2269 universim
917 2191 1061 2275 monebo,
1088 2199 1149 2255 tum
1172 2193 1287 2277 singultu
1311 2195 1349 2257 ita
1375 2196 1575 2276 assaumis

127 2272 130 2297 Ι
221 2300 293 2365 nihil
310 2318 371 2365 non
391 2320 561 2385 expensum,
583 2301 655 2366 nihil
675 2319 735 2365 non
747 2302 862 2384 penitus
882 2300 1037 2365 relirtmum
1060 2302 1201 2366 videatur.
1243 2302 1343 2385 ltaque
1364 2323 1457 2386 ροοιυ
1475 2323 1492 2368 e
1509 2322 1574 2386 pne

222 2410 304 2475 sidiis
323 2410 361 2474 ad
382 2410 560 2476 enarrandas
580 2412 636 2475 rite
659 2411 822 2494 Scripturas
843 2411 1032 2493 comparatis,
1064 2410 1135 2475 nulli
1161 2412 1322 2479 secundum
1349 2412 1422 2477 illud
1442 2415 1492 2494 sit,
1517 2410 1576 2495 quod

222 2522 439 2602 comparatione
457 2527 570 2584 constat
582 2520 714 2584 locorum
728 2520 784 2613 silai
805 2525 842 2584 tx
854 2518 1057 2601 παραλλήλου
1076 2521 1330 2605 respondemium3
1352 2541 1415 2587 non
1426 2542 1483 2587 una
1499 2530 1576 2586 unm

222 2629 260 2694 de
288 2649 392 2696 caussa
421 2631 467 2710 tir,
495 2637 526 2694 ut
544 2631 716 2694 detrimenta
740 2631 834 2712 potius
860 2648 946 2712 ρυοιυ
968 2630 1164 2695 emolumenta
1185 2650 1224 2695 ex
1244 2650 1281 2695 eo
1309 2634 1484 2715 saepissime
1501 2632 1576 2716 perol·

219 2742 350 2824 piantur,
378 2741 504 2824 indeque
531 2739 739 2822 interpretandi
759 2739 905 2822 pernicies
926 2740 1046 2820 adstat,
1074 2741 1152 2804 unde
1177 2742 1286 2805 sanitas
1314 2743 1494 2824 opperienda
1511 2741 1573 2809 vide

220 2851 314 2915 batur.
356 2850 436 2916 inter
461 2851 514 2914 has
540 2867 612 2914 vero
635 2868 768 2932 caussas,
797 2849 915 2929 nescio,
939 2867 977 2912 an
998 2866 1057 2912 non
1083 2869 1119 2913 ea
1140 2852 1257 2915 censeri
1279 2849 1464 2934 frequentior
1482 2852 1575 2929 deleti,

220 2979 278 3044 qua
304 2968 450 3044 nmquam
475 2960 534 3025 loci
556 2957 784 3044 stpntficattonc
808 2958 939 3040 paralleli
965 2960 985 3023 ii
1011 2958 1170 3040 habentur,
1201 2961 1250 3042 qud
1273 2958 1348 3026 tales
1374 2980 1438 3027 non
1457 2970 1518 3027 sunt
1535 2960 1577 3025 ma

218 3091 311 3148 sono,
332 3078 362 3135 et
382 3069 565 3147 litterarum,
588 3069 811 3148 dictionumque
833 3074 1000 3131 structore.
1044 3068 1075 3133 Si
1095 3068 1145 3150 qui
1165 3070 1243 3132 enim
1265 3069 1294 3134 in
1315 3069 1407 3135 hasce
1431 3080 1521 3156 syrtes
1537 3072 1576 3134 iu

217 3182 370 3262 pegermt,
392 3180 490 3263 ibique
511 3178 700 3261 ὁμολογίαν,
723 3177 770 3242 vel
790 3176 1010 3260 significationis
1031 3174 1208 3259 ἀναλογίαν
1228 3183 1387 3244 commenti
1407 3181 1525 3263 inerim,
1541 3177 1579 3242 uli

220 3288 375 3371 ὁμολογία
402 3298 432 3353 et
461 3286 616 3371 οίναλογία
644 3288 723 3352 nudo
750 3285 923 3368 verborum,
954 3286 1160 3370 phrasiumque
1192 3289 1302 3353 conice
1330 3289 1507 3373 auselum3
1534 3304 1578 3370 qut

221 3399 418 3481 congerendis
441 3399 588 3483 paradella
609 3398 683 3463 locis
701 3395 818 3461 student
837 3396 1012 3479 impensius,
1044 3413 1083 3460 eo
1104 3416 1121 3459 a
1141 3398 1257 3463 sincera
1275 3401 1514 3483 interpretatione
1530 3398 1579 3463 loo

222 3506 290 3588 gius
313 3515 458 3571 excmnt.

283 3686 292 3703 .
331 3621 398 3679 tlt.
441 3615 625 3681 Confidenter
649 3633 739 3700 porro
765 3615 904 3696 dixerim,
931 3613 1072 3697 pleraque
1099 3633 1138 3680 ex
1157 3616 1193 3680 iis
1221 3617 1442 3700 omnesquae
1464 3623 1578 3702 aprole

222 3725 363 3789 sandius
390 3725 574 3790 cumulata²⁴
602 3726 769 3807 retulimus,
797 3723 918 3788 totidem
945 3741 1014 3788 esse
1041 3723 1131 3788 veluti
1150 3726 1311 3807 specimina
1337 3724 1414 3790 illius
1435 3729 1494 3793 vitii
1517 3721 1605 3809 quod·

221 3834 412 3917 insectemur,
441 3835 578 3917 quodque
598 3834 784 3918 parallelismi
805 3851 891 3897 usum
911 3834 1080 3897 inexilium
1101 3835 1252 3897 convertit.
1295 3834 1373 3900 Sane
1390 3836 1490 3918 locos,
1521 3850 1579 3917 quos

222 3952 344 4008 censent
364 3943 491 4026 similes,
515 3952 670 4028 propterea
690 3946 830 4026 recitant,
850 3951 883 4006 ut
902 3963 921 4005 s
940 3942 1138 4029 significandi
1155 3950 1305 4023 potestate
1326 3944 1440 4009 eisdem
1460 3945 1580 4019 stoicon

221 4052 464 4136 significationem
491 4072 594 4117 eorum
621 4054 830 4135 determinent,
859 4070 933 4135 quos
962 4055 999 4118 ad
1024 4053 1164 4117 nuendum
1185 4053 1261 4116 Petri
1286 4054 1440 4135 primatum
1467 4055 1519 4138 ipsi
1535 4052 1580 4134 pi

222 4181 302 4225 murm
315 4166 343 4198 ²⁸
366 4164 577 4246 usurpavimus.
620 4162 679 4228 Sed
707 4166 948 4247 cogitaramus,
974 4181 1012 4226 an
1038 4181 1075 4226 ea
1104 4162 1260 4226 similitudo
1286 4161 1422 4229 cerdslts
1453 4165 1581 4229 dumont

220 4273 272 4352 sit,
298 4291 335 4336 nn
357 4275 444 4336 etiam
464 4272 587 4336 realta?
613 4273 778 4354 cogitarunt
799 4293 853 4355 ne,
881 4292 919 4336 an
940 4271 1035 4335 simile
1058 4272 1095 4333 sit
1115 4273 1252 4352 utrinque
1277 4269 1461 4349 sutem,
1489 4268 1580 4334 velli

220 4378 362 4444 rersumi
389 4400 426 4445 an
452 4383 585 4446 adiuncta
615 4382 756 4465 ὁμόλογα
781 4384 838 4445 sint
864 4388 894 4445 et
919 4380 1084 4463 ἀνάλογα,
1113 4379 1162 4443 vel
1189 4380 1288 4445 dissita
1315 4385 1411 4465 potius
1433 4391 1463 4447 et
1481 4371 1580 4446 alent

286 4618 329 4695 1ν)
350 4618 412 4675 uuo.
432 4619 504 4676 xlv.
527 4619 573 4677 rs.
996 4618 1041 4695 ²²)
1061 4617 1130 4676 nin.
1151 4617 1195 4674 tn.
1216 4619 1264 4675 aa.

285 4739 416 4817 ¹⁹)1nn.
437 4741 508 4799 xvi
529 4745 557 4801 ο.
997 4744 1042 4819 ²³)
1064 4741 1131 4798 resa.
1151 4740 1196 4798 nr.
1218 4745 1245 4798 s.

285 4862 509 4938 ²·)1hid.xnt.
532 4866 579 4925 ld.
689 4936 692 4945 ι
997 4863 1042 4940 ²⁴)
1063 4880 1090 4920 u.
1114 4862 1179 4921 142.

285 4986 331 5062 ²¹)
353 4984 451 5046 teor.
472 4986 493 5045 λ
516 4984 562 5047 tu.
998 4984 1044 5062 ²⁸)
1064 5001 1109 5049 tlo-
1131 4982 1196 5043 tlt
1215 5002 1290 5063 seqq.
