<?xml version="1.0" encoding="UTF-8"?>
<!DOCTYPE html PUBLIC "-//W3C//DTD XHTML 1.0 Transitional//EN"
    "http://www.w3.org/TR/xhtml1/DTD/xhtml1-transitional.dtd">
<html xmlns="http://www.w3.org/1999/xhtml" xml:lang="en" lang="en">
 <head>
  <title>
</title>
<meta http-equiv="Content-Type" content="text/html;charset=utf-8" />
  <meta name='ocr-system' content='tesseract 3.04.00' />
  <meta name='ocr-capabilities' content='ocr_page ocr_carea ocr_par ocr_line ocrx_word'/>
</head>
<body>
  <div class='ocr_page' id='page_1' title='image "./commentariusdep00passgoog_0607.png"; bbox 0 0 3324 5382; ppageno 0'>
   <div class='ocr_carea' id='block_1_1' title="bbox 645 280 1472 350">
    <p class='ocr_par' dir='ltr' id='par_1_1' title="bbox 645 280 1472 350">
     <span class='ocr_line' id='line_1_1' title="bbox 645 280 1472 350; baseline -0.005 -1"><span class='ocrx_word' id='word_1_1' title='bbox 645 280 791 349; x_wconf 70' lang='lat' dir='ltr'>CAPUT</span> <span class='ocrx_word' id='word_1_2' title='bbox 830 280 923 350; x_wconf 78' lang='lat' dir='ltr'><strong>XVI·</strong></span> <span class='ocrx_word' id='word_1_3' title='bbox 1411 281 1472 345; x_wconf 73' lang='grc'><em>587</em></span> 
     </span>
    </p>
   </div>
   <div class='ocr_carea' id='block_1_2' title="bbox 1 447 1478 2616">
    <p class='ocr_par' dir='ltr' id='par_1_2' title="bbox 1 447 1478 2295">
     <span class='ocr_line' id='line_1_2' title="bbox 94 447 1474 534; baseline 0.001 -21"><span class='ocrx_word' id='word_1_4' title='bbox 94 471 265 532; x_wconf 72' lang='lat' dir='ltr'><em>versaeque</em></span> <span class='ocrx_word' id='word_1_5' title='bbox 285 458 448 517; x_wconf 72' lang='lat' dir='ltr'><em>creaturae</em></span> <span class='ocrx_word' id='word_1_6' title='bbox 469 450 523 534; x_wconf 89' lang='lat' dir='ltr'><em>ipsi</em></span> <span class='ocrx_word' id='word_1_7' title='bbox 547 449 701 515; x_wconf 83' lang='lat' dir='ltr'><em>manifeste</em></span> <span class='ocrx_word' id='word_1_8' title='bbox 722 453 888 514; x_wconf 81' lang='lat' dir='ltr'><em>eximuntur</em></span> <span class='ocrx_word' id='word_1_9' title='bbox 907 447 1048 532; x_wconf 85' lang='lat' dir='ltr'><em>apastoli,</em></span> <span class='ocrx_word' id='word_1_10' title='bbox 1077 456 1178 533; x_wconf 83' lang='lat' dir='ltr'><em>utpote</em></span> <span class='ocrx_word' id='word_1_11' title='bbox 1208 451 1258 533; x_wconf 90' lang='lat' dir='ltr'><em>qui</em></span> <span class='ocrx_word' id='word_1_12' title='bbox 1284 449 1474 515; x_wconf 76' lang='lat' dir='ltr'><em>mandendas</em></span> 
     </span>
     <span class='ocr_line' id='line_1_3' title="bbox 95 560 1475 645; baseline 0 -22"><span class='ocrx_word' id='word_1_13' title='bbox 95 569 217 643; x_wconf 88' lang='lat' dir='ltr'><em>gentes,</em></span> <span class='ocrx_word' id='word_1_14' title='bbox 248 561 458 645; x_wconf 75' lang='lat' dir='ltr'><em>lemurumque</em></span> <span class='ocrx_word' id='word_1_15' title='bbox 487 578 582 643; x_wconf 87' lang='lat' dir='ltr'><em>genus</em></span> <span class='ocrx_word' id='word_1_16' title='bbox 603 561 760 643; x_wconf 85' lang='lat' dir='ltr'><em>evangelio</em></span> <span class='ocrx_word' id='word_1_17' title='bbox 782 560 970 624; x_wconf 86' lang='lat' dir='ltr'><em>imbuendum</em></span> <span class='ocrx_word' id='word_1_18' title='bbox 991 560 1160 642; x_wconf 83' lang='lat' dir='ltr'><em>suscipiunt</em></span> <span class='ocrx_word' id='word_1_19' title='bbox 1204 561 1311 627; x_wconf 70' lang='lat' dir='ltr'><em>Coum</em></span> <span class='ocrx_word' id='word_1_20' title='bbox 1332 579 1405 624; x_wconf 79' lang='lat' dir='ltr'><em>vero</em></span> <span class='ocrx_word' id='word_1_21' title='bbox 1424 579 1475 643; x_wconf 90' lang='lat' dir='ltr'><em>ap·</em></span> 
     </span>
     <span class='ocr_line' id='line_1_4' title="bbox 93 669 1475 754; baseline -0.001 -21"><span class='ocrx_word' id='word_1_22' title='bbox 93 669 252 751; x_wconf 73' lang='lat' dir='ltr'>pollutione</span> <span class='ocrx_word' id='word_1_23' title='bbox 280 678 398 748; x_wconf 83' lang='lat' dir='ltr'><em>artum,</em></span> <span class='ocrx_word' id='word_1_24' title='bbox 427 690 634 754; x_wconf 78' lang='lat' dir='ltr'><em>aqnmamqaa</em></span> <span class='ocrx_word' id='word_1_25' title='bbox 662 671 717 753; x_wconf 90' lang='lat' dir='ltr'><em>ipsi</em></span> <span class='ocrx_word' id='word_1_26' title='bbox 744 672 831 734; x_wconf 86' lang='lat' dir='ltr'><em>etiam</em></span> <span class='ocrx_word' id='word_1_27' title='bbox 856 670 1143 751; x_wconf 85' lang='lat' dir='ltr'><em>comprehenduntur</em></span> <span class='ocrx_word' id='word_1_28' title='bbox 1172 669 1311 752; x_wconf 89' lang='lat' dir='ltr'><em>apostoli,</em></span> <span class='ocrx_word' id='word_1_29' title='bbox 1339 688 1428 732; x_wconf 90' lang='lat' dir='ltr'><em>unum</em></span> <span class='ocrx_word' id='word_1_30' title='bbox 1449 670 1475 733; x_wconf 92' lang='lat' dir='ltr'><em>si</em></span> 
     </span>
     <span class='ocr_line' id='line_1_5' title="bbox 95 778 1477 871; baseline -0.001 -30"><span class='ocrx_word' id='word_1_31' title='bbox 95 781 252 861; x_wconf 77' lang='lat' dir='ltr'><em>exceperis</em></span> <span class='ocrx_word' id='word_1_32' title='bbox 265 779 391 871; x_wconf 83' lang='lat' dir='ltr'><em>Petrum.</em></span> <span class='ocrx_word' id='word_1_33' title='bbox 434 779 496 843; x_wconf 88' lang='lat' dir='ltr'><em>Hae</em></span> <span class='ocrx_word' id='word_1_34' title='bbox 513 780 602 861; x_wconf 88' lang='lat' dir='ltr'><em>igitur</em></span> <span class='ocrx_word' id='word_1_35' title='bbox 622 778 775 859; x_wconf 76' lang='lat' dir='ltr'><em>formulae,</em></span> <span class='ocrx_word' id='word_1_36' title='bbox 797 779 1043 863; x_wconf 85' lang='lat' dir='ltr'><em>loquutionesque</em></span> <span class='ocrx_word' id='word_1_37' title='bbox 1064 795 1123 841; x_wconf 91' lang='lat' dir='ltr'><em>non</em></span> <span class='ocrx_word' id='word_1_38' title='bbox 1145 778 1239 842; x_wconf 86' lang='lat' dir='ltr'><em>miuus</em></span> <span class='ocrx_word' id='word_1_39' title='bbox 1261 778 1477 861; x_wconf 84' lang='lat' dir='ltr'><em>distinguuntur</em></span> 
     </span>
     <span class='ocr_line' id='line_1_6' title="bbox 1 884 1476 978; baseline -0.001 -28"><span class='ocrx_word' id='word_1_40' title='bbox 1 975 2 978; x_wconf 8' lang='grc' dir='ltr'><strong>Ἴ</strong></span> <span class='ocrx_word' id='word_1_41' title='bbox 94 886 233 951; x_wconf 80' lang='lat' dir='ltr'><em>subiecta</em></span> <span class='ocrx_word' id='word_1_42' title='bbox 260 889 298 951; x_wconf 88' lang='lat' dir='ltr'><em>ad</em></span> <span class='ocrx_word' id='word_1_43' title='bbox 326 889 405 971; x_wconf 87' lang='lat' dir='ltr'><em>quod</em></span> <span class='ocrx_word' id='word_1_44' title='bbox 432 891 592 971; x_wconf 89' lang='lat' dir='ltr'><em>pertinent,</em></span> <span class='ocrx_word' id='word_1_45' title='bbox 624 907 711 970; x_wconf 84' lang='lat' dir='ltr'><em>quem</em></span> <span class='ocrx_word' id='word_1_46' title='bbox 741 894 938 951; x_wconf 86' lang='lat' dir='ltr'><em>terminorum</em></span> <span class='ocrx_word' id='word_1_47' title='bbox 966 888 1003 952; x_wconf 87' lang='lat' dir='ltr'><em>ad</em></span> <span class='ocrx_word' id='word_1_48' title='bbox 1031 905 1106 970; x_wconf 90' lang='lat' dir='ltr'><em>quos</em></span> <span class='ocrx_word' id='word_1_49' title='bbox 1134 887 1345 970; x_wconf 86' lang='lat' dir='ltr'><em>protenduntur</em></span> <span class='ocrx_word' id='word_1_50' title='bbox 1368 884 1476 966; x_wconf 84' lang='lat' dir='ltr'><em>ampli·</em></span> 
     </span>
     <span class='ocr_line' id='line_1_7' title="bbox 1 996 1475 1081; baseline 0 -21"><span class='ocrx_word' id='word_1_51' title='bbox 1 1009 2 1018; x_wconf 76' lang='grc'>’</span> <span class='ocrx_word' id='word_1_52' title='bbox 94 996 211 1061; x_wconf 82' lang='lat' dir='ltr'><em>tudine.</em></span> <span class='ocrx_word' id='word_1_53' title='bbox 255 998 330 1061; x_wconf 84' lang='lat' dir='ltr'><em>Fieri</em></span> <span class='ocrx_word' id='word_1_54' title='bbox 351 1015 439 1080; x_wconf 90' lang='lat' dir='ltr'><em>porro</em></span> <span class='ocrx_word' id='word_1_55' title='bbox 461 1000 577 1080; x_wconf 88' lang='lat' dir='ltr'><em>nequit,</em></span> <span class='ocrx_word' id='word_1_56' title='bbox 606 1004 638 1060; x_wconf 92' lang='lat' dir='ltr'><em>ut</em></span> <span class='ocrx_word' id='word_1_57' title='bbox 661 1018 755 1078; x_wconf 82' lang='lat' dir='ltr'><em>parer</em></span> <span class='ocrx_word' id='word_1_58' title='bbox 784 997 924 1081; x_wconf 72' lang='lat' dir='ltr'><em>dignitate</em></span> <span class='ocrx_word' id='word_1_59' title='bbox 951 998 1024 1078; x_wconf 90' lang='lat' dir='ltr'><em>sint,</em></span> <span class='ocrx_word' id='word_1_60' title='bbox 1055 1004 1306 1079; x_wconf 87' lang='lat' dir='ltr'><em>censeanturque,</em></span> <span class='ocrx_word' id='word_1_61' title='bbox 1340 998 1388 1078; x_wconf 88' lang='lat' dir='ltr'><em>qui</em></span> <span class='ocrx_word' id='word_1_62' title='bbox 1416 1016 1475 1060; x_wconf 89' lang='lat' dir='ltr'><em>non</em></span> 
     </span>
     <span class='ocr_line' id='line_1_8' title="bbox 1 1105 1475 1201; baseline 0.003 -37"><span class='ocrx_word' id='word_1_63' title='bbox 1 1159 2 1164; x_wconf 75' lang='grc'>,</span> <span class='ocrx_word' id='word_1_64' title='bbox 94 1106 225 1199; x_wconf 74' lang='grc' dir='ltr'><em>οοοάονο</em></span> <span class='ocrx_word' id='word_1_65' title='bbox 240 1106 349 1170; x_wconf 85' lang='lat' dir='ltr'><em>habeut</em></span> <span class='ocrx_word' id='word_1_66' title='bbox 369 1107 531 1201; x_wconf 76' lang='lat' dir='ltr'><em>obnoxius,</em></span> <span class='ocrx_word' id='word_1_67' title='bbox 562 1106 671 1188; x_wconf 90' lang='lat' dir='ltr'><em>illeque</em></span> <span class='ocrx_word' id='word_1_68' title='bbox 691 1113 791 1187; x_wconf 84' lang='lat' dir='ltr'><em>potiar</em></span> <span class='ocrx_word' id='word_1_69' title='bbox 812 1105 1022 1171; x_wconf 80' lang='lat' dir='ltr'><em>existimandus</em></span> <span class='ocrx_word' id='word_1_70' title='bbox 1044 1115 1099 1187; x_wconf 85' lang='lat' dir='ltr'><em>est,</em></span> <span class='ocrx_word' id='word_1_71' title='bbox 1122 1107 1169 1169; x_wconf 87' lang='lat' dir='ltr'><em>aui</em></span> <span class='ocrx_word' id='word_1_72' title='bbox 1189 1124 1248 1170; x_wconf 92' lang='lat' dir='ltr'><em>non</em></span> <span class='ocrx_word' id='word_1_73' title='bbox 1269 1114 1368 1170; x_wconf 82' lang='lat' dir='ltr'><em>mator</em></span> <span class='ocrx_word' id='word_1_74' title='bbox 1387 1107 1475 1171; x_wconf 90' lang='lat' dir='ltr'><em>modo</em></span> 
     </span>
     <span class='ocr_line' id='line_1_9' title="bbox 94 1215 1475 1300; baseline 0.001 -21"><span class='ocrx_word' id='word_1_75' title='bbox 94 1237 244 1279; x_wconf 72' lang='lat' dir='ltr'><em>nuaram</em></span> <span class='ocrx_word' id='word_1_76' title='bbox 265 1215 426 1300; x_wconf 90' lang='lat' dir='ltr'><em>regendus,</em></span> <span class='ocrx_word' id='word_1_77' title='bbox 449 1215 706 1299; x_wconf 79' lang='lat' dir='ltr'><em>informandusque</em></span> <span class='ocrx_word' id='word_1_78' title='bbox 727 1217 926 1298; x_wconf 81' lang='lat' dir='ltr'><em>committitur,</em></span> <span class='ocrx_word' id='word_1_79' title='bbox 953 1218 1161 1291; x_wconf 84' lang='lat' dir='ltr'><em>verumetiam</em></span> <span class='ocrx_word' id='word_1_80' title='bbox 1183 1222 1206 1278; x_wconf 85' lang='lat' dir='ltr'><em>a</em></span> <span class='ocrx_word' id='word_1_81' title='bbox 1227 1216 1256 1278; x_wconf 90' lang='lat' dir='ltr'><em>in</em></span> <span class='ocrx_word' id='word_1_82' title='bbox 1278 1217 1396 1281; x_wconf 74' lang='lat' dir='ltr'><em>nitelam</em></span> <span class='ocrx_word' id='word_1_83' title='bbox 1417 1225 1475 1280; x_wconf 86' lang='lat' dir='ltr'><em>tra·</em></span> 
     </span>
     <span class='ocr_line' id='line_1_10' title="bbox 95 1323 1474 1408; baseline 0.001 -20"><span class='ocrx_word' id='word_1_84' title='bbox 95 1325 211 1405; x_wconf 82' lang='lat' dir='ltr'><em>duntur,</em></span> <span class='ocrx_word' id='word_1_85' title='bbox 234 1327 272 1390; x_wconf 88' lang='lat' dir='ltr'><em>de</em></span> <span class='ocrx_word' id='word_1_86' title='bbox 292 1347 421 1407; x_wconf 79' lang='lat' dir='ltr'><em>quorum</em></span> <span class='ocrx_word' id='word_1_87' title='bbox 442 1323 629 1406; x_wconf 69' lang='lat' dir='ltr'><em>aequalitate</em></span> <span class='ocrx_word' id='word_1_88' title='bbox 650 1325 804 1390; x_wconf 83' lang='lat' dir='ltr'><em>dubitatur.</em></span> <span class='ocrx_word' id='word_1_89' title='bbox 840 1325 941 1389; x_wconf 80' lang='lat' dir='ltr'><em>Petrus</em></span> <span class='ocrx_word' id='word_1_90' title='bbox 963 1325 1052 1407; x_wconf 83' lang='lat' dir='ltr'><em>igliur</em></span> <span class='ocrx_word' id='word_1_91' title='bbox 1065 1326 1101 1389; x_wconf 88' lang='lat' dir='ltr'><em>ad</em></span> <span class='ocrx_word' id='word_1_92' title='bbox 1116 1343 1204 1408; x_wconf 84' lang='lat' dir='ltr'><em>quem</em></span> <span class='ocrx_word' id='word_1_93' title='bbox 1224 1333 1357 1408; x_wconf 86' lang='lat' dir='ltr'><em>speciant</em></span> <span class='ocrx_word' id='word_1_94' title='bbox 1377 1326 1474 1405; x_wconf 83' lang='lat' dir='ltr'><em>verba,</em></span> 
     </span>
     <span class='ocr_line' id='line_1_11' title="bbox 93 1430 1476 1519; baseline 0 -22"><span class='ocrx_word' id='word_1_95' title='bbox 93 1431 189 1516; x_wconf 76' lang='grc' dir='ltr'><em>βάσκε</em></span> <span class='ocrx_word' id='word_1_96' title='bbox 209 1434 250 1500; x_wconf 82' lang='lat' dir='ltr'><em>tal</em></span> <span class='ocrx_word' id='word_1_97' title='bbox 271 1432 365 1518; x_wconf 76' lang='grc' dir='ltr'><em>ἀρνία</em></span> <span class='ocrx_word' id='word_1_98' title='bbox 385 1457 460 1518; x_wconf 79' lang='grc' dir='ltr'><em>μου,</em></span> <span class='ocrx_word' id='word_1_99' title='bbox 481 1435 626 1518; x_wconf 73' lang='lat' dir='ltr'><em>uoluatur</em></span> <span class='ocrx_word' id='word_1_100' title='bbox 647 1430 686 1501; x_wconf 82' lang='lat' dir='ltr'><em>tal</em></span> <span class='ocrx_word' id='word_1_101' title='bbox 708 1433 851 1519; x_wconf 75' lang='grc' dir='ltr'><em>πρόβατά</em></span> <span class='ocrx_word' id='word_1_102' title='bbox 870 1456 944 1517; x_wconf 79' lang='grc' dir='ltr'><em>μου,</em></span> <span class='ocrx_word' id='word_1_103' title='bbox 967 1434 1075 1517; x_wconf 85' lang='lat' dir='ltr'><em>quique</em></span> <span class='ocrx_word' id='word_1_104' title='bbox 1091 1433 1136 1498; x_wconf 84' lang='lat' dir='ltr'><em>his</em></span> <span class='ocrx_word' id='word_1_105' title='bbox 1158 1434 1257 1498; x_wconf 85' lang='lat' dir='ltr'><em>verbis</em></span> <span class='ocrx_word' id='word_1_106' title='bbox 1278 1441 1361 1515; x_wconf 81' lang='lat' dir='ltr'><em>ipsos</em></span> <span class='ocrx_word' id='word_1_107' title='bbox 1383 1442 1476 1498; x_wconf 83' lang='lat' dir='ltr'><em>etiam</em></span> 
     </span>
     <span class='ocr_line' id='line_1_12' title="bbox 94 1541 1476 1629; baseline 0 -23"><span class='ocrx_word' id='word_1_108' title='bbox 94 1544 249 1625; x_wconf 64' lang='lat' dir='ltr'><em>metata·</em></span> <span class='ocrx_word' id='word_1_109' title='bbox 268 1547 297 1608; x_wconf 88' lang='lat' dir='ltr'><em>in</em></span> <span class='ocrx_word' id='word_1_110' title='bbox 320 1544 407 1609; x_wconf 82' lang='lat' dir='ltr'><em>fidem</em></span> <span class='ocrx_word' id='word_1_111' title='bbox 429 1545 561 1628; x_wconf 80' lang='lat' dir='ltr'><em>recepit3</em></span> <span class='ocrx_word' id='word_1_112' title='bbox 591 1565 679 1629; x_wconf 87' lang='lat' dir='ltr'><em>quum</em></span> <span class='ocrx_word' id='word_1_113' title='bbox 702 1553 812 1611; x_wconf 76' lang='lat' dir='ltr'><em>ceteris</em></span> <span class='ocrx_word' id='word_1_114' title='bbox 834 1543 1010 1609; x_wconf 74' lang='lat' dir='ltr'><em>christiania</em></span> <span class='ocrx_word' id='word_1_115' title='bbox 1032 1541 1186 1620; x_wconf 77' lang='lat' dir='ltr'><em>oninibua,</em></span> <span class='ocrx_word' id='word_1_116' title='bbox 1216 1551 1276 1606; x_wconf 87' lang='lat' dir='ltr'><em>tum</em></span> <span class='ocrx_word' id='word_1_117' title='bbox 1298 1551 1338 1606; x_wconf 85' lang='lat' dir='ltr'><em>iis</em></span> <span class='ocrx_word' id='word_1_118' title='bbox 1359 1546 1476 1623; x_wconf 81' lang='lat' dir='ltr'><em>quaque</em></span> 
     </span>
     <span class='ocr_line' id='line_1_13' title="bbox 96 1651 1476 1738; baseline 0.001 -22"><span class='ocrx_word' id='word_1_119' title='bbox 96 1654 260 1738; x_wconf 79' lang='lat' dir='ltr'><em>diqaltate,</em></span> <span class='ocrx_word' id='word_1_120' title='bbox 287 1663 541 1736; x_wconf 72' lang='lat' dir='ltr'><em>praestantiaque</em></span> <span class='ocrx_word' id='word_1_121' title='bbox 566 1654 731 1732; x_wconf 79' lang='lat' dir='ltr'><em>eaoelluit,</em></span> <span class='ocrx_word' id='word_1_122' title='bbox 761 1653 870 1735; x_wconf 77' lang='lat' dir='ltr'><em>quidus</em></span> <span class='ocrx_word' id='word_1_123' title='bbox 891 1652 1040 1719; x_wconf 75' lang='lat' dir='ltr'><em>Salvator</em></span> <span class='ocrx_word' id='word_1_124' title='bbox 1058 1659 1228 1734; x_wconf 79' lang='lat' dir='ltr'><em>praecepit,</em></span> <span class='ocrx_word' id='word_1_125' title='bbox 1256 1651 1476 1735; x_wconf 76' lang='grc' dir='ltr'><em>μαθητεύσατε</em></span> 
     </span>
     <span class='ocr_line' id='line_1_14' title="bbox 95 1757 1173 1849; baseline -0.001 -23"><span class='ocrx_word' id='word_1_126' title='bbox 95 1760 201 1827; x_wconf 78' lang='grc' dir='ltr'><em>πάντα</em></span> <span class='ocrx_word' id='word_1_127' title='bbox 222 1757 261 1828; x_wconf 81' lang='grc' dir='ltr'><em>τοὶ</em></span> <span class='ocrx_word' id='word_1_128' title='bbox 284 1761 382 1840; x_wconf 68' lang='grc' dir='ltr'><em>ἔθνη,</em></span> <span class='ocrx_word' id='word_1_129' title='bbox 404 1770 448 1843; x_wconf 86' lang='lat' dir='ltr'><em>et,</em></span> <span class='ocrx_word' id='word_1_130' title='bbox 472 1761 622 1846; x_wconf 74' lang='grc' dir='ltr'><em>κηρύξατε</em></span> <span class='ocrx_word' id='word_1_131' title='bbox 643 1765 678 1827; x_wconf 85' lang='grc' dir='ltr'><em>τὸ</em></span> <span class='ocrx_word' id='word_1_132' title='bbox 699 1761 885 1848; x_wconf 75' lang='grc' dir='ltr'><em>εὐαγγέλιον</em></span> <span class='ocrx_word' id='word_1_133' title='bbox 907 1761 992 1849; x_wconf 79' lang='grc' dir='ltr'><em>πασῃ</em></span> <span class='ocrx_word' id='word_1_134' title='bbox 1013 1764 1048 1847; x_wconf 79' lang='grc' dir='ltr'><em>τῇ</em></span> <span class='ocrx_word' id='word_1_135' title='bbox 1070 1764 1173 1828; x_wconf 76' lang='grc' dir='ltr'><em>κτίσει.</em></span> 
     </span>
     <span class='ocr_line' id='line_1_15' title="bbox 203 1869 1476 1956; baseline 0.001 -22"><span class='ocrx_word' id='word_1_136' title='bbox 203 1870 287 1946; x_wconf 83' lang='lat' dir='ltr'><em>Quod</em></span> <span class='ocrx_word' id='word_1_137' title='bbox 309 1881 342 1936; x_wconf 88' lang='lat' dir='ltr'><em>ut</em></span> <span class='ocrx_word' id='word_1_138' title='bbox 362 1872 561 1956; x_wconf 82' lang='lat' dir='ltr'><em>significarent</em></span> <span class='ocrx_word' id='word_1_139' title='bbox 581 1874 697 1953; x_wconf 89' lang='lat' dir='ltr'><em>Patres,</em></span> <span class='ocrx_word' id='word_1_140' title='bbox 725 1875 825 1939; x_wconf 83' lang='lat' dir='ltr'><em>disere</em></span> <span class='ocrx_word' id='word_1_141' title='bbox 846 1875 962 1939; x_wconf 87' lang='lat' dir='ltr'><em>Petrum</em></span> <span class='ocrx_word' id='word_1_142' title='bbox 986 1881 1204 1937; x_wconf 81' lang='lat' dir='ltr'><em>consueverunt</em></span> <span class='ocrx_word' id='word_1_143' title='bbox 1218 1875 1244 1907; x_wconf 79' lang='lat'><em>³¹</em></span> <span class='ocrx_word' id='word_1_144' title='bbox 1277 1869 1420 1954; x_wconf 74' lang='grc' dir='ltr'><em>ἀρχηγὸν</em></span> <span class='ocrx_word' id='word_1_145' title='bbox 1446 1880 1476 1936; x_wconf 93' lang='lat' dir='ltr'><em>et</em></span> 
     </span>
     <span class='ocr_line' id='line_1_16' title="bbox 94 1973 1475 2067; baseline 0 -22"><span class='ocrx_word' id='word_1_146' title='bbox 94 1973 238 2063; x_wconf 79' lang='grc' dir='ltr'><em>ἄρχοντα</em></span> <span class='ocrx_word' id='word_1_147' title='bbox 257 1984 320 2047; x_wconf 77' lang='grc' dir='ltr'><em>τῶν</em></span> <span class='ocrx_word' id='word_1_148' title='bbox 338 1980 541 2058; x_wconf 75' lang='grc' dir='ltr'><em>ἀποστόλων,</em></span> <span class='ocrx_word' id='word_1_149' title='bbox 570 1983 669 2067; x_wconf 87' lang='lat' dir='ltr'><em>illique</em></span> <span class='ocrx_word' id='word_1_150' title='bbox 692 1985 818 2049; x_wconf 85' lang='lat' dir='ltr'><em>delatam</em></span> <span class='ocrx_word' id='word_1_151' title='bbox 842 1987 872 2048; x_wconf 93' lang='lat' dir='ltr'><em>in</em></span> <span class='ocrx_word' id='word_1_152' title='bbox 896 1987 976 2066; x_wconf 88' lang='lat' dir='ltr'><em>ipsos</em></span> <span class='ocrx_word' id='word_1_153' title='bbox 1004 1981 1152 2065; x_wconf 88' lang='lat' dir='ltr'><em>apostolos</em></span> <span class='ocrx_word' id='word_1_154' title='bbox 1181 1983 1374 2063; x_wconf 78' lang='grc' dir='ltr'><em>προστασίαν</em></span> <span class='ocrx_word' id='word_1_155' title='bbox 1399 1981 1475 2047; x_wconf 84' lang='lat' dir='ltr'><em>affir-</em></span> 
     </span>
     <span class='ocr_line' id='line_1_17' title="bbox 97 2091 1476 2174; baseline 0 -19"><span class='ocrx_word' id='word_1_156' title='bbox 97 2099 219 2155; x_wconf 85' lang='lat' dir='ltr'><em>marum</em></span> <span class='ocrx_word' id='word_1_157' title='bbox 261 2091 285 2153; x_wconf 87' lang='lat' dir='ltr'>E</span> <span class='ocrx_word' id='word_1_158' title='bbox 307 2110 365 2174; x_wconf 88' lang='lat' dir='ltr'><em>quo</em></span> <span class='ocrx_word' id='word_1_159' title='bbox 390 2091 471 2156; x_wconf 85' lang='lat' dir='ltr'><em>lonte</em></span> <span class='ocrx_word' id='word_1_160' title='bbox 493 2114 548 2158; x_wconf 88' lang='lat' dir='ltr'><em>eae</em></span> <span class='ocrx_word' id='word_1_161' title='bbox 570 2095 658 2158; x_wconf 88' lang='lat' dir='ltr'><em>etiam</em></span> <span class='ocrx_word' id='word_1_162' title='bbox 681 2094 830 2159; x_wconf 84' lang='lat' dir='ltr'><em>dalluxere</em></span> <span class='ocrx_word' id='word_1_163' title='bbox 852 2113 943 2159; x_wconf 84' lang='lat' dir='ltr'><em>voees</em></span> <span class='ocrx_word' id='word_1_164' title='bbox 965 2094 1020 2158; x_wconf 91' lang='lat' dir='ltr'><em>illis</em></span> <span class='ocrx_word' id='word_1_165' title='bbox 1040 2093 1207 2173; x_wconf 82' lang='lat' dir='ltr'><em>solemnes,</em></span> <span class='ocrx_word' id='word_1_166' title='bbox 1231 2093 1336 2174; x_wconf 87' lang='lat' dir='ltr'><em>quibus</em></span> <span class='ocrx_word' id='word_1_167' title='bbox 1356 2100 1388 2155; x_wconf 91' lang='lat' dir='ltr'><em>ut</em></span> <span class='ocrx_word' id='word_1_168' title='bbox 1406 2113 1476 2172; x_wconf 76' lang='lat' dir='ltr'><em>pro</em></span> 
     </span>
     <span class='ocr_line' id='line_1_18' title="bbox 4 2197 1478 2295; baseline 0.001 -33"><span class='ocrx_word' id='word_1_169' title='bbox 4 2292 5 2295; x_wconf 7' lang='grc' dir='ltr'><strong>Ἴ</strong></span> <span class='ocrx_word' id='word_1_170' title='bbox 94 2207 164 2279; x_wconf 83' lang='lat' dir='ltr'><em>prio</em></span> <span class='ocrx_word' id='word_1_171' title='bbox 191 2197 287 2264; x_wconf 83' lang='lat' dir='ltr'><em>aelati</em></span> <span class='ocrx_word' id='word_1_172' title='bbox 314 2199 496 2266; x_wconf 82' lang='lat' dir='ltr'><em>olaraatere</em></span> <span class='ocrx_word' id='word_1_173' title='bbox 523 2203 638 2268; x_wconf 85' lang='lat' dir='ltr'><em>Petrum</em></span> <span class='ocrx_word' id='word_1_174' title='bbox 664 2204 896 2288; x_wconf 77' lang='lat' dir='ltr'><em>distinguerent,</em></span> <span class='ocrx_word' id='word_1_175' title='bbox 931 2222 998 2269; x_wconf 87' lang='lat' dir='ltr'><em>eum</em></span> <span class='ocrx_word' id='word_1_176' title='bbox 1013 2206 1042 2238; x_wconf 71' lang='lat'><em>⁸²</em></span> <span class='ocrx_word' id='word_1_177' title='bbox 1072 2211 1102 2267; x_wconf 85' lang='lat' dir='ltr'><em>et</em></span> <span class='ocrx_word' id='word_1_178' title='bbox 1128 2210 1249 2282; x_wconf 86' lang='lat' dir='ltr'><em>patrem</em></span> <span class='ocrx_word' id='word_1_179' title='bbox 1272 2210 1417 2282; x_wconf 76' lang='lat' dir='ltr'><em>patruni,</em></span> <span class='ocrx_word' id='word_1_180' title='bbox 1448 2209 1478 2264; x_wconf 88' lang='lat' dir='ltr'><em>et</em></span> 
     </span>
    </p>

    <p class='ocr_par' dir='ltr' id='par_1_3' title="bbox 4 2312 1478 2616">
     <span class='ocr_line' id='line_1_19' title="bbox 96 2312 1477 2394; baseline 0.002 -23"><span class='ocrx_word' id='word_1_181' title='bbox 96 2317 241 2373; x_wconf 79' lang='lat' dir='ltr'><em>sanatum</em></span> <span class='ocrx_word' id='word_1_182' title='bbox 258 2319 379 2390; x_wconf 84' lang='lat' dir='ltr'><em>patrem</em></span> <span class='ocrx_word' id='word_1_183' title='bbox 397 2320 538 2394; x_wconf 85' lang='lat' dir='ltr'><em>patrum,</em></span> <span class='ocrx_word' id='word_1_184' title='bbox 563 2322 594 2377; x_wconf 87' lang='lat' dir='ltr'><em>et</em></span> <span class='ocrx_word' id='word_1_185' title='bbox 613 2313 780 2393; x_wconf 84' lang='lat' dir='ltr'><em>apostoliea</em></span> <span class='ocrx_word' id='word_1_186' title='bbox 800 2312 933 2377; x_wconf 68' lang='lat' dir='ltr'><em>adraim</em></span> <span class='ocrx_word' id='word_1_187' title='bbox 953 2313 1165 2389; x_wconf 70' lang='lat' dir='ltr'><em>sullinatum,</em></span> <span class='ocrx_word' id='word_1_188' title='bbox 1194 2319 1224 2375; x_wconf 89' lang='lat' dir='ltr'><em>et</em></span> <span class='ocrx_word' id='word_1_189' title='bbox 1243 2333 1396 2375; x_wconf 82' lang='lat' dir='ltr'><em>rammam</em></span> <span class='ocrx_word' id='word_1_190' title='bbox 1417 2333 1477 2373; x_wconf 80' lang='lat' dir='ltr'><em>ans·</em></span> 
     </span>
     <span class='ocr_line' id='line_1_20' title="bbox 4 2418 1478 2515; baseline 0.003 -35"><span class='ocrx_word' id='word_1_191' title='bbox 4 2500 10 2515; x_wconf 92' lang='lat'>.</span> <span class='ocrx_word' id='word_1_192' title='bbox 96 2424 186 2481; x_wconf 69' lang='lat' dir='ltr'><em>mum</em></span> <span class='ocrx_word' id='word_1_193' title='bbox 198 2419 377 2500; x_wconf 78' lang='lat' dir='ltr'><em>praesulum</em></span> <span class='ocrx_word' id='word_1_194' title='bbox 390 2420 572 2503; x_wconf 79' lang='lat' dir='ltr'><em>pontificem,</em></span> <span class='ocrx_word' id='word_1_195' title='bbox 596 2431 627 2486; x_wconf 87' lang='lat' dir='ltr'><em>el</em></span> <span class='ocrx_word' id='word_1_196' title='bbox 644 2421 822 2505; x_wconf 79' lang='lat' dir='ltr'><em>pontificem</em></span> <span class='ocrx_word' id='word_1_197' title='bbox 842 2430 1023 2500; x_wconf 76' lang='lat' dir='ltr'><em>maalmam,</em></span> <span class='ocrx_word' id='word_1_198' title='bbox 1045 2433 1075 2488; x_wconf 89' lang='lat' dir='ltr'><em>et</em></span> <span class='ocrx_word' id='word_1_199' title='bbox 1088 2418 1293 2502; x_wconf 73' lang='lat' dir='ltr'><em>episcopantur</em></span> <span class='ocrx_word' id='word_1_200' title='bbox 1307 2428 1478 2503; x_wconf 81' lang='lat' dir='ltr'><em>episcopum</em></span> 
     </span>
     <span class='ocr_line' id='line_1_21' title="bbox 5 2527 1478 2616; baseline 0.003 -25"><span class='ocrx_word' id='word_1_201' title='bbox 5 2576 10 2605; x_wconf 87' lang='grc'><strong>,</strong></span> <span class='ocrx_word' id='word_1_202' title='bbox 94 2527 266 2593; x_wconf 84' lang='lat' dir='ltr'><em>salutarunt.</em></span> <span class='ocrx_word' id='word_1_203' title='bbox 311 2530 393 2606; x_wconf 83' lang='lat' dir='ltr'><em>Quae</em></span> <span class='ocrx_word' id='word_1_204' title='bbox 413 2531 545 2614; x_wconf 85' lang='lat' dir='ltr'><em>prolecto</em></span> <span class='ocrx_word' id='word_1_205' title='bbox 568 2533 712 2597; x_wconf 87' lang='lat' dir='ltr'><em>eiusmodi</em></span> <span class='ocrx_word' id='word_1_206' title='bbox 733 2541 810 2612; x_wconf 89' lang='lat' dir='ltr'><em>sunt,</em></span> <span class='ocrx_word' id='word_1_207' title='bbox 831 2541 862 2597; x_wconf 93' lang='lat' dir='ltr'><em>ut</em></span> <span class='ocrx_word' id='word_1_208' title='bbox 883 2532 960 2597; x_wconf 87' lang='lat' dir='ltr'><em>Petri</em></span> <span class='ocrx_word' id='word_1_209' title='bbox 980 2533 1200 2616; x_wconf 76' lang='lat' dir='ltr'><em>praerogativas</em></span> <span class='ocrx_word' id='word_1_210' title='bbox 1221 2533 1377 2616; x_wconf 89' lang='lat' dir='ltr'><em>insigniter</em></span> <span class='ocrx_word' id='word_1_211' title='bbox 1397 2552 1478 2597; x_wconf 86' lang='lat' dir='ltr'><em>uom-</em></span> 
     </span>
    </p>
   </div>
   <div class='ocr_carea' id='block_1_3' title="bbox 5 2620 1478 2811">
    <p class='ocr_par' dir='ltr' id='par_1_4' title="bbox 5 2620 1478 2811">
     <span class='ocr_line' id='line_1_22' title="bbox 5 2620 1478 2725; baseline 0 -20"><span class='ocrx_word' id='word_1_212' title='bbox 5 2620 10 2691; x_wconf 64' lang='grc' dir='ltr'><em>Ῐ·</em></span> <span class='ocrx_word' id='word_1_213' title='bbox 96 2637 251 2723; x_wconf 81' lang='lat' dir='ltr'><em>mendant,</em></span> <span class='ocrx_word' id='word_1_214' title='bbox 284 2640 360 2703; x_wconf 89' lang='lat' dir='ltr'><em>illius</em></span> <span class='ocrx_word' id='word_1_215' title='bbox 387 2658 462 2704; x_wconf 86' lang='lat' dir='ltr'><em>vero</em></span> <span class='ocrx_word' id='word_1_216' title='bbox 491 2639 655 2719; x_wconf 71' lang='grc' dir='ltr'><em>ἐξουσίαν,</em></span> <span class='ocrx_word' id='word_1_217' title='bbox 687 2643 904 2725; x_wconf 86' lang='lat' dir='ltr'><em>celsioremque</em></span> <span class='ocrx_word' id='word_1_218' title='bbox 930 2643 1131 2706; x_wconf 82' lang='lat' dir='ltr'><em>auctoritatem</em></span> <span class='ocrx_word' id='word_1_219' title='bbox 1160 2642 1379 2706; x_wconf 82' lang='lat' dir='ltr'><em>evidentissime</em></span> <span class='ocrx_word' id='word_1_220' title='bbox 1397 2646 1478 2724; x_wconf 82' lang='lat' dir='ltr'><em>pate&#39;·</em></span> 
     </span>
     <span class='ocr_line' id='line_1_23' title="bbox 95 2747 213 2811; baseline 0.017 -2"><span class='ocrx_word' id='word_1_221' title='bbox 95 2747 213 2811; x_wconf 76' lang='lat' dir='ltr'><em>laomnt</em></span> 
     </span>
    </p>
   </div>
   <div class='ocr_carea' id='block_1_4' title="bbox 5 2970 1480 3399">
    <p class='ocr_par' dir='ltr' id='par_1_5' title="bbox 99 2970 1480 3265">
     <span class='ocr_line' id='line_1_24' title="bbox 161 2970 1479 3050; baseline 0.002 -23"><span class='ocrx_word' id='word_1_222' title='bbox 161 2972 207 3045; x_wconf 80' lang='lat'><em>³¹)</em></span> <span class='ocrx_word' id='word_1_223' title='bbox 234 2970 353 3028; x_wconf 86' lang='lat' dir='ltr'><em>isidorus</em></span> <span class='ocrx_word' id='word_1_224' title='bbox 379 2973 512 3047; x_wconf 73' lang='lat' dir='ltr'><em>poludms</em></span> <span class='ocrx_word' id='word_1_225' title='bbox 542 2974 588 3031; x_wconf 88' lang='lat' dir='ltr'><em>lib.</em></span> <span class='ocrx_word' id='word_1_226' title='bbox 610 2974 642 3031; x_wconf 89' lang='lat'><em>11.</em></span> <span class='ocrx_word' id='word_1_227' title='bbox 674 2974 763 3047; x_wconf 84' lang='lat' dir='ltr'><em>epistt.</em></span> <span class='ocrx_word' id='word_1_228' title='bbox 813 2991 877 3048; x_wconf 84' lang='lat' dir='ltr'><em>pag.</em></span> <span class='ocrx_word' id='word_1_229' title='bbox 892 2973 967 3050; x_wconf 78' lang='lat'><em>⁹9⁹3</em></span> <span class='ocrx_word' id='word_1_230' title='bbox 986 2980 1075 3046; x_wconf 81' lang='lat' dir='ltr'><em>patres</em></span> <span class='ocrx_word' id='word_1_231' title='bbox 1096 2975 1206 3032; x_wconf 83' lang='lat' dir='ltr'><em>rtrioaui</em></span> <span class='ocrx_word' id='word_1_232' title='bbox 1224 2976 1251 3032; x_wconf 89' lang='lat' dir='ltr'><em>iu</em></span> <span class='ocrx_word' id='word_1_233' title='bbox 1265 2975 1342 3048; x_wconf 80' lang='lat' dir='ltr'><em>epist.</em></span> <span class='ocrx_word' id='word_1_234' title='bbox 1363 2974 1432 3031; x_wconf 85' lang='lat' dir='ltr'><em>leatr</em></span> <span class='ocrx_word' id='word_1_235' title='bbox 1452 2973 1479 3030; x_wconf 89' lang='lat' dir='ltr'><em>ia</em></span> 
     </span>
     <span class='ocr_line' id='line_1_25' title="bbox 99 3076 1480 3152; baseline 0.001 -18"><span class='ocrx_word' id='word_1_236' title='bbox 99 3076 310 3134; x_wconf 74' lang='lat' dir='ltr'><em>tuln-cxc.</em></span> <span class='ocrx_word' id='word_1_237' title='bbox 813 3080 918 3152; x_wconf 65' lang='lat' dir='ltr'><em>muodo</em></span> <span class='ocrx_word' id='word_1_238' title='bbox 949 3081 1109 3137; x_wconf 80' lang='lat' dir='ltr'><em>lateranensi</em></span> <span class='ocrx_word' id='word_1_239' title='bbox 1139 3080 1188 3137; x_wconf 85' lang='lat' dir='ltr'><em>sab</em></span> <span class='ocrx_word' id='word_1_240' title='bbox 1218 3081 1332 3137; x_wconf 82' lang='lat' dir='ltr'><em>llsrtino</em></span> <span class='ocrx_word' id='word_1_241' title='bbox 1352 3080 1379 3151; x_wconf 87' lang='lat'><em>1,</em></span> <span class='ocrx_word' id='word_1_242' title='bbox 1410 3079 1480 3151; x_wconf 87' lang='lat' dir='ltr'><em>apud</em></span> 
     </span>
     <span class='ocr_line' id='line_1_26' title="bbox 161 3183 1479 3265; baseline 0.002 -26"><span class='ocrx_word' id='word_1_243' title='bbox 161 3184 207 3258; x_wconf 78' lang='lat'><em>²²)</em></span> <span class='ocrx_word' id='word_1_244' title='bbox 234 3183 363 3258; x_wconf 83' lang='lat' dir='ltr'><em>Episaopi</em></span> <span class='ocrx_word' id='word_1_245' title='bbox 390 3184 533 3241; x_wconf 82' lang='lat' dir='ltr'><em>orientdes</em></span> <span class='ocrx_word' id='word_1_246' title='bbox 560 3185 587 3242; x_wconf 87' lang='lat' dir='ltr'><em>in</em></span> <span class='ocrx_word' id='word_1_247' title='bbox 614 3185 706 3243; x_wconf 80' lang='lat' dir='ltr'><em>libello</em></span> <span class='ocrx_word' id='word_1_248' title='bbox 732 3186 766 3243; x_wconf 82' lang='lat' dir='ltr'><em>ad</em></span> <span class='ocrx_word' id='word_1_249' title='bbox 815 3184 905 3242; x_wconf 72' lang='lat' dir='ltr'><em>hats</em></span> <span class='ocrx_word' id='word_1_250' title='bbox 930 3185 959 3243; x_wconf 75' lang='lat' dir='ltr'><em>l.</em></span> <span class='ocrx_word' id='word_1_251' title='bbox 976 3186 1033 3242; x_wconf 83' lang='lat' dir='ltr'><em>Vll.</em></span> <span class='ocrx_word' id='word_1_252' title='bbox 1057 3203 1120 3261; x_wconf 80' lang='lat' dir='ltr'><em>pag.</em></span> <span class='ocrx_word' id='word_1_253' title='bbox 1140 3186 1213 3265; x_wconf 65' lang='lat'><em>¹313</em></span> <span class='ocrx_word' id='word_1_254' title='bbox 1243 3186 1419 3244; x_wconf 79' lang='lat' dir='ltr'><em>Tertullianus</em></span> <span class='ocrx_word' id='word_1_255' title='bbox 1446 3186 1479 3241; x_wconf 90' lang='lat' dir='ltr'><em>de</em></span> 
     </span>
    </p>

    <p class='ocr_par' dir='ltr' id='par_1_6' title="bbox 5 3236 1042 3399">
     <span class='ocr_line' id='line_1_27' title="bbox 5 3236 1042 3399; baseline 0.003 -54"><span class='ocrx_word' id='word_1_256' title='bbox 5 3236 13 3399; x_wconf 58' lang='lat' dir='ltr'><em>l</em></span> <span class='ocrx_word' id='word_1_257' title='bbox 98 3288 246 3362; x_wconf 74' lang='lat' dir='ltr'><em>Agapitum</em></span> <span class='ocrx_word' id='word_1_258' title='bbox 266 3291 434 3365; x_wconf 75' lang='lat' dir='ltr'><em>Poutlfloem,</em></span> <span class='ocrx_word' id='word_1_259' title='bbox 456 3291 525 3364; x_wconf 80' lang='lat' dir='ltr'><em>apud</em></span> <span class='ocrx_word' id='word_1_260' title='bbox 546 3290 652 3365; x_wconf 69' lang='lat' dir='ltr'><em>latu,</em></span> <span class='ocrx_word' id='word_1_261' title='bbox 681 3291 710 3347; x_wconf 84' lang='lat' dir='ltr'><em>T.</em></span> <span class='ocrx_word' id='word_1_262' title='bbox 731 3292 765 3348; x_wconf 79' lang='lat' dir='ltr'><em>V.</em></span> <span class='ocrx_word' id='word_1_263' title='bbox 814 3291 925 3348; x_wconf 83' lang='lat' dir='ltr'><em>Pudiolt</em></span> <span class='ocrx_word' id='word_1_264' title='bbox 947 3307 1005 3364; x_wconf 77' lang='lat' dir='ltr'><em>esp.</em></span> <span class='ocrx_word' id='word_1_265' title='bbox 1020 3292 1042 3348; x_wconf 92' lang='grc'><em>1.</em></span> 
     </span>
    </p>
   </div>
   <div class='ocr_carea' id='block_1_5' title="bbox 0 0 1672 5382">
    <p class='ocr_par' dir='ltr' id='par_1_7' title="bbox 0 0 1672 5382">
     <span class='ocr_line' id='line_1_28' title="bbox 0 0 1672 5382; baseline 0 0"><span class='ocrx_word' id='word_1_266' title='bbox 0 0 1672 5382; x_wconf 95' lang='lat' dir='ltr'><em> </em></span> 
     </span>
    </p>
   </div>
  </div>
 </body>
</html>
