3358 5400
679 280 825 350 CAPUT
865 282 990 350 xxiv.
1460 285 1518 346 tbi

139 449 225 526 Quae
244 467 318 534 ergo
338 450 409 515 mihi
424 451 540 533 utilitas,
563 450 681 533 qunndo
701 452 775 517 alter
795 473 835 517 ex
848 453 917 536 biga
934 469 1029 534 equus
1048 448 1210 515 claudicntl
1230 468 1328 532 neque
1351 451 1429 529 enirn
1450 452 1520 515 mihi

141 580 208 627 cum
230 560 317 625 Ροοίο
336 579 388 625 res
410 570 470 642 est,
501 561 556 625 sed
577 581 644 625 curn
664 562 823 644 profanis.“
865 561 902 626 Et
920 561 1010 641 inira,
1044 580 1148 625 eorum
1169 561 1407 643 interpretatione
1420 564 1448 596 ⁹⁵
1471 582 1519 625 re-

140 672 207 751 lata,
230 673 280 753 qui
294 670 411 735 Petrum
425 691 443 734 a
456 671 545 735 Panlo
560 672 666 748 καλῶς
679 672 895 754 reprehensum
909 672 1064 750 docebant,
1086 671 1166 753 quod
1179 669 1228 734 ille
1243 674 1323 751 πίρα
1335 672 1393 734 τοῦ
1406 677 1520 753 μέτρου

139 777 431 864 τῇουγνιιτοιβάοτι
451 778 607 861 ἐχρήσατο
634 782 709 846 ultra
729 781 847 845 modum
868 781 1047 864 indulgentia
1076 789 1219 860 uteretur,
1248 779 1358 843 subdit:
1402 774 1520 857 ,Ἁλλοὶ

140 889 233 954 τοῦτο
260 886 321 954 οὐκ
350 892 416 953 intr
435 887 541 968 λύσις,
571 889 642 955 ἀλλ’
669 891 811 967 ίπίταοις
835 893 894 955 τοῦ
913 888 1096 973 ζητήματος.
1139 890 1178 953 ht
1201 891 1279 955 enim
1300 889 1358 953 hoc
1379 908 1439 953 non
1461 891 1518 953 iam

138 998 248 1064 somno
274 1007 332 1079 est,
361 1000 417 1063 sed
442 998 625 1083 amphlicntio
653 1002 843 1083 quaestionis.
886 1000 971 1075 ouon
993 1000 1071 1063 enirn
1093 1003 1123 1063 in
1145 1000 1268 1063 exordio
1288 1000 1347 1064 disi
1369 1001 1518 1083 orationis,

135 1126 200 1173 nou
224 1108 256 1172 id
279 1109 365 1173 nobis
391 1112 570 1193 propositum
600 1119 646 1175 est
672 1119 705 1173 ut
732 1110 922 1175 ostendamus
949 1117 1033 1174 recte
1059 1109 1289 1192 reprehendisse
1310 1108 1446 1191 Paulnm3
1477 1111 1520 1173 sic

138 1220 221 1285 emm
240 1218 337 1284 adhuc
356 1219 470 1301 reliqua
490 1222 546 1284 erit
567 1222 710 1303 quaestio.
752 1221 855 1286 Petrus
881 1222 960 1284 enim
982 1221 1127 1284 obnoxius
1148 1218 1341 1283 criminationi
1361 1219 1520 1302 videbihu3

138 1330 197 1395 sed
218 1329 249 1393 id
268 1330 656 1412 potissimum-quaerimus,
688 1349 748 1412 quo
775 1340 861 1414 pacto
887 1338 918 1394 et
940 1330 1019 1393 hunc
1045 1338 1074 1393 et
1094 1330 1174 1392 illum
1194 1328 1427 1410 reprehensione
1447 1330 1520 1393 libe·

137 1442 274 1504 remus.“
315 1438 400 1513 ouon
414 1457 504 1522 quum
517 1442 650 1523 perfecit,
669 1443 752 1523 qnasi
770 1441 928 1523 obligatam
946 1441 1034 1505 iidem
1050 1440 1250 1523 praestitisset,
1273 1439 1478 1503 concludendo
1490 1443 1517 1477 ⁹⁶

140 1549 258 1613 omitit:
302 1546 432 1625 ,Οὕτως
450 1547 526 1632 ἡμῖν
546 1549 696 1631 ίνοίτορος
717 1553 782 1616 τοῖν
803 1550 989 1617 ἀποστόλων
1014 1545 1295 1631 opstupescente
1315 1544 1518 1626 ἀπήλλακται,

139 1660 264 1741 μυρίων
284 1655 323 1722 δέ
338 1663 420 1723 ἐστιν
439 1662 606 1743 ίμκωμίων
625 1658 724 1738 ἄξιος,
744 1661 824 1741 πρὸς
844 1658 901 1737 τήν
920 1661 984 1724 τῶν
1004 1658 1124 1722 λοιπῶν
1144 1656 1300 1739 σωτηρίαν
1319 1653 1446 1741 sincerat
1467 1660 1521 1723 καὶ

51 1824 55 1831 .
139 1765 271 1833 οίντούων
296 1768 351 1833 καί
371 1769 471 1851 λέγειν
490 1769 689 1849 σπουδάζων.
732 1772 772 1836 lta
794 1790 849 1835 nos
875 1777 1030 1852 utrumque
1052 1767 1250 1850 apostolorum
1272 1768 1392 1829 crimine
1414 1768 1519 1832 libern-

140 1880 254 1958 vimus,
278 1880 394 1961 utrique
416 1896 494 1945 vern
512 1880 614 1945 laudes
635 1882 779 1946 debentne
799 1883 984 1957 innumerae,
1014 1877 1092 1961 (prod
1112 1875 1149 1941 ad
1169 1875 1291 1939 chorum
1313 1875 1435 1940 salntem
1456 1895 1519 1940 orn·

139 1988 189 2053 uir
208 1987 312 2053 andire
332 1987 496 2053 studuerint
516 1991 602 2054 simul
622 2010 658 2055 ac
679 1991 812 2055 δίοοτο.ιι

246 2103 316 2163 300.
358 2096 450 2163 flovit
475 2099 582 2164 deinde
609 2101 675 2164 illos
702 2102 809 2165 eximin
830 2099 907 2163 Petri
934 2100 1075 2182 dignitas,
1105 2117 1192 2181 quam
1214 2117 1285 2161 vera
1307 2116 1342 2161 ac
1364 2116 1402 2161 ex
1422 2098 1519 2162 animo

138 2207 270 2291 proiecta
293 2206 532 2289 reprehensione
559 2228 619 2274 non
641 2211 790 2274 mirdmum
817 2209 896 2272 laedi
919 2209 1131 2272 existimabant.
1175 2208 1272 2283 Quare
1295 2206 1520 2290 chysostomus

138 2318 293 2399 manipiis
312 2318 488 2383 testimoniis
501 2322 542 2399 '⁷,
566 2321 671 2403 quibus
687 2320 922 2385 modestissimus
942 2317 1022 2382 Pauli
1040 2319 1154 2382 animus
1172 2319 1209 2381 ad
1226 2320 1323 2382 virum
1344 2317 1518 2401 depingitur,

138 2427 297 2511 pergit’⁸:
340 2426 453 2507 „Vides
476 2436 510 2493 ut
534 2433 721 2497 memmium
741 2438 907 2494 sanctorum
929 2430 1078 2493 minimum
1100 2437 1220 2510 statuat,
1241 2447 1301 2492 non
1322 2430 1520 2511 apostolorum

138 2532 269 2601 mntuml
291 2533 360 2603 ὁδί
381 2532 464 2602 οὕτω
485 2540 557 2620 πτρί
575 2538 696 2617 πάντας
721 2539 929 2622 διακείμενος,
946 2532 1014 2623 ᾔδει
1034 2541 1087 2603 καὶ
1107 2541 1203 2617 πόσης
1223 2537 1278 2602 τὸν
1294 2538 1423 2620 Πέτρον
1444 2563 1520 2623 προ-

139 2644 249 2726 εδρίας
269 2642 440 2711 haimim
458 2648 572 2729 ίχρον,
602 2650 656 2715 καὶ
675 2647 778 2733 ᾐδεῖτο
799 2648 935 2731 μάλιστα
955 2649 1081 2713 πάντων
1100 2645 1290 2729 ἀνθρώπων
1310 2652 1437 2729 τοῦτον,
1467 2653 1520 2716 καὶ

140 2753 187 2831 ως
214 2751 305 2834 ἄξιος
329 2746 385 2832 ἦν,
412 2753 495 2822 οὕτω
521 2759 592 2839 περὶ
619 2757 716 2823 αὐτὸν
742 2758 900 2839 διέκειτο..
922 2759 1013 2822 Ροττο
1040 2760 1088 2841 qui
1110 2760 1154 2822 sic
1175 2777 1247 2842 erga
1270 2778 1375 2823 ornnes
1396 2760 1519 2825 allectus

140 2874 220 2946 erat,
243 2864 357 2929 sciebat
378 2873 409 2930 et
429 2875 535 2947 quanta
554 2867 676 2933 honoris
696 2872 900 2953 praerogativa
921 2868 1006 2932 Petro
1029 2868 1203 2947 deberetur,
1227 2887 1354 2951 eumque
1375 2889 1445 2951 prae
1468 2890 1519 2933 ce·

138 2977 212 3040 teris
237 2974 372 3039 omnibus
400 2974 516 3040 colebat
543 2977 723 3056 hominibus,
752 2996 787 3041 nc
816 2987 847 3042 nt
875 2978 982 3060 dignus
1002 2986 1080 3057 erat,
1111 2995 1182 3058 erga
1210 2978 1289 3040 illurn
1311 2976 1519 3043 afficiebatur.“

140 3084 227 3160 Quod
245 3092 277 3148 ut
297 3084 465 3163 confirmet,
491 3094 696 3169 argumentum
725 3086 804 3151 ducit
824 3106 843 3150 e
863 3087 941 3151 Pauli
960 3089 1079 3165 itinere,
1109 3105 1167 3169 quo
1189 3086 1259 3150 iicet
1277 3088 1438 3151 innumeris
1460 3089 1518 3152 dis·

139 3202 239 3261 tentus
262 3176 366 3273 acerris,¹
383 3195 635 3279 ecclesiarumque
664 3195 857 3260 sollicitudine
879 3196 1014 3278 inligatus
1035 3196 1269 3279 Hierosolymam
1290 3197 1387 3275 venit,
1413 3205 1445 3260 ut
1465 3198 1518 3261 Pe-

138 3313 216 3369 trum
235 3304 378 3368 inviseret
398 3310 515 3368 etcum
535 3323 574 3369 eo
592 3303 760 3387 quindecim
775 3304 877 3369 solidis
891 3305 995 3369 debus
1016 3314 1211 3389 permaneret
1254 3306 1317 3370 lloc
1337 3315 1434 3370 autem
1458 3310 1519 3390 epi·

138 3414 319 3498 phoncmnte
333 3415 361 3448 ’⁹
384 3413 547 3479 concludit:
576 3409 677 3490 οὕτως
696 3412 915 3499 witbertinos,
944 3415 997 3479 καί
1018 3413 1081 3495 πρὸ
1101 3411 1229 3481 πάντων
1248 3407 1324 3498 ἦγε,
1353 3423 1400 3481 sic
1419 3425 1520 3497 ipsum

139 3521 327 3601 Ιιοοοτοδοί,
347 3544 386 3588 cc
406 3522 546 3589 omnibrm
565 3523 773 3612 μτοτῙετοίιιί.

248 3632 386 3697 Accessit
406 3635 543 3716 suspicio,
563 3655 602 3699 ne
625 3637 675 3718 qui
695 3634 772 3699 lorte
793 3654 811 3698 e
832 3635 932 3699 verbis
948 3634 1025 3699 Pauli
1044 3636 1160 3699 sinistre
1178 3639 1307 3719 acceptis
1330 3638 1517 3701 occasionem

139 3745 306 3826 arriperent
326 3742 364 3806 de
390 3744 498 3808 invicta
518 3743 594 3808 Petri
609 3744 668 3809 lide
694 3744 849 3809 dubitandi.
892 3745 1075 3827 Quapropter
1094 3745 1320 3828 chrysostomus
1341 3747 1459 3810 Paulum
1481 3746 1518 3808 de

140 3855 226 3919 Petro
246 3860 426 3933 narrantem,
447 3853 528 3936 quod
548 3862 644 3918 semet
665 3875 682 3919 a
703 3856 840 3918 convictu
860 3855 992 3935 gentium
1014 3855 1203 3937 seiungeret,
1225 3853 1426 3942 φοβούμενος
1446 3856 1519 3930 τούς

139 3968 176 4029 ἐκ
196 3964 383 4044 περιτομῆς,
412 3970 521 4028 tenen
548 3984 600 4027 cos
628 3969 681 4044 qni
699 3983 743 4027 em
765 3969 1122 4041 circumtonsam,
1152 3964 1199 4027 his
1219 3967 1338 4029 omnino
1359 3966 1457 4029 verbis
1473 3969 1516 3998 ¹⁰⁰

141 4073 313 4157 dloqmmr:
335 4070 405 4151 „Tt
423 4073 543 4155 λίγτιςς
565 4071 665 4149 δειλὸς
681 4072 835 4157 ὀΠίτρος
849 4072 903 4137 καί
919 4065 1096 4154 ἄνανδρος,·
1115 4072 1154 4137 οὐ
1175 4067 1335 4139 badanero
1356 4073 1519 4158 Πέτρος

204 4333 250 4409 ”)
269 4333 337 4390 lhid.
357 4348 386 4389 a.
408 4331 454 4389 16.
855 4349 986 4405 οοοτοττ,
1019 4350 1068 4392 sen
1095 4335 1238 4393 discordis
1261 4338 1334 4392 inter
1358 4334 1466 4393 Petrina
1494 4343 1521 4392 et

857 4440 986 4512 Panium,
1010 4441 1087 4498 τοίοο
1107 4443 1248 4517 otrinrqns
1267 4445 1330 4501 inre
1356 4443 1519 4516 ethonore,

205 4483 251 4558 ⁹⁶)
271 4481 340 4540 lbid.
360 4498 386 4539 s.
408 4479 456 4539 20.
496 4481 557 4539 Alia
578 4482 635 4556 ria,
656 4498 739 4556 enque
760 4498 807 4539 ex-
858 4549 1016 4621 mmmm

144 4589 279 4664 psditime
311 4593 449 4660 utrumqne
481 4588 632 4660 apostolum
667 4605 682 4644 a
713 4589 808 4659 qamvis

142 4695 186 4751 rel
206 4693 361 4753 tmubsimr
381 4693 441 4751 labe
463 4696 604 4751 immunem
624 4694 808 4751 demonstrare
918 4671 963 4746 ⁹⁷)
984 4672 1004 4728 Ῑ·
1025 4671 1086 4727 0⁰¹·
1108 4669 1165 4727 xv·
1183 4670 1211 4726 9·
1232 4671 1292 4728 ⁰⁰¹¹·
1312 4670 1410 4747 Bibe&
1425 4668 1469 4727 m
1489 4666 1519 4729 Β·

140 4800 298 4859 τωδιοττιί
317 4800 445 4859 smum
472 4800 507 4856 ad
527 4817 569 4857 au.
590 4800 631 4857 hl.
652 4800 679 4872 s.
700 4800 807 4857 xxxii.
919 4793 965 4868 ⁹⁸)
986 4793 1084 4850 llornil.
1105 4793 1178 4849 citat
1199 4810 1225 4850 n.
1246 4793 1274 4850 8.

142 4922 230 4982 seqq,
251 4913 280 4965 ct
295 4906 429 4965 lcbrnnes
439 4906 688 4979 Gisbertinpricrs
707 4906 808 4964 disser-
921 4906 1053 4981 ⁹⁹)ttin
1076 4907 1150 4965 nti.

145 5013 248 5077 ama·
267 5011 422 5084 moranno·
442 5013 581 5087 rumpe,
608 5010 704 5071 ram
722 5011 809 5069 enno
925 5010 984 5089 ΙΝ)
1004 5012 1072 5073 nin
1092 5028 1118 5069 ιι.
1139 5010 1166 5069 ι.
