3266 5416
250 272 292 335 aa
530 352 536 357 ,
774 267 905 334 aman
945 264 1112 333 enimus

249 442 323 504 riam
348 434 600 517 contemplandam
622 436 716 498 aciem
741 436 848 499 mentis
873 435 1007 500 attollere
1015 482 1111 515 .....
1140 435 1191 516 qni
1219 434 1256 497 ab
1286 435 1352 517 ipso
1372 436 1494 500 omniun
1512 436 1590 501 clare

251 556 360 611 matum
379 545 460 609 lonte
480 552 540 608 tam
559 545 687 627 copiosis
709 551 755 607 est
776 545 994 627 irrigationibus
1015 545 1185 618 inundatus,
1213 554 1245 608 ut
1267 566 1339 608 com
1357 545 1455 609 multa
1472 545 1544 609 adar
1558 567 1590 609 ac·

251 659 376 740 ceperit,
397 652 475 720 nrtrt
496 657 527 719 in
547 672 725 736 quemquam
744 653 809 717 sine
832 653 909 718 illius
927 656 1146 737 participatione
1166 655 1348 718 transierit.“
1388 654 1439 717 ist
1458 656 1540 737 itaque
1556 655 1591 718 Pe

249 776 312 833 trus
325 770 354 803 ‘⁸
378 771 549 830 anmontate
571 767 589 828 d
608 769 716 847 μέγας,
738 765 814 827 inter
826 764 976 846 apostolos
997 767 1153 847 ὀπρῶτος
1175 766 1228 828 καὶ
1248 763 1378 848 μείζων,
1400 764 1591 828 eccleaineren

251 879 357 942 Christi
376 878 568 960 conspicuum
589 882 689 957 caput,
712 881 742 937 et
762 874 898 956 princeps
919 871 1103 959 ἡγούμενος.

754 1313 990 1409 titul
1046 1314 1122 1410 llll.

566 1534 763 1617 Comparatio
773 1533 931 1600 Obrialum
944 1542 1025 1600 inter
1037 1559 1076 1601 oe
1087 1533 1219 1600 Petrum
1227 1542 1339 1618 peuda
1352 1539 1490 1604 tndtenln
1502 1537 1591 1602 ulen‘u

462 1645 634 1729 expolitur:
654 1684 696 1695 -
717 1643 835 1726 ὡρίσω
856 1643 974 1710 elmeri
999 1667 1074 1730 erpa
1101 1645 1261 1710 eccleciam
1287 1669 1420 1728 munuc,
1447 1654 1592 1714 malms

460 1766 489 1822 el
509 1763 646 1838 euprepii
659 1757 882 1820 moderatoris:
904 1793 944 1805 -
965 1776 1044 1836 perae
1064 1754 1135 1819 inde
1149 1755 1299 1822 ecelesiae
1309 1757 1423 1843 smine
1443 1769 1527 1840 ntpue
1540 1763 1593 1820 reli

457 1868 625 1950 prodierit.-
646 1904 689 1915 -
709 1887 747 1929 en
761 1886 945 1946 permanere
964 1872 1079 1950 tupiter
1099 1863 1217 1930 debuit:
1237 1906 1279 1917 -
1300 1868 1457 1953 eolllpilur
1470 1871 1594 1934 aestum

461 1975 556 2041 Petri
575 1977 620 2041 nd
634 1997 688 2040 eae
703 1973 859 2039 oleum
876 1982 1042 2056 conspicui,
1063 1986 1258 2058 supremique
1272 1987 1403 2044 rectoria
1417 1988 1525 2061 parter,
1541 1998 1593 2057 ptri

463 2083 608 2150 Gloriatur
629 2084 731 2151 udltue
747 2083 888 2150 mortalia
902 2084 1052 2167 esplecil:
1074 2124 1113 2135 -
1136 2086 1355 2170 confirmatur.-
1375 2125 1419 2141 ·-
1439 2098 1516 2171 ttpue
1531 2083 1594 2171 refel

458 2194 569 2259 lunlur
594 2202 647 2276 pui
667 2190 759 2258 Petri
779 2203 1017 2281 monopolitana
1044 2196 1088 2260 ad
1104 2204 1271 2278 priuatam
1295 2201 1374 2266 nudi
1394 2200 1513 2265 bonoria
1531 2205 1594 2276 aitte

462 2305 578 2370 utun
599 2305 788 2371 revocandae
809 2328 879 2373 erae
899 2308 1095 2372 commutat.

355 2614 403 2673 ta.
449 2551 548 2678 quae
573 2615 724 2691 postremo
752 2610 841 2674 loco¹
882 2610 1055 2675 brevissime
1077 2612 1222 2695 complexi
1242 2632 1359 2697 snmus,
1390 2635 1430 2680 eo
1450 2584 1594 2699 pertinebant

247 2728 280 2783 ut
306 2720 410 2784 Christi
437 2718 591 2783 eonsilium
626 2721 789 2801 aperiretur
817 2739 876 2802 quo
902 2722 1013 2801 statuit,
1049 2740 1101 2784 eas
1130 2722 1298 2806 regendae,
1329 2723 1594 2801 administranturque

247 2831 393 2895 ecclesiae
419 2839 517 2912 partes
544 2830 629 2894 Petro
659 2828 793 2911 delerre,
819 2849 891 2912 quas
917 2831 981 2912 ipse
1007 2828 1103 2894 adhuc
1125 2833 1254 2897 mortalis
1275 2834 1404 2918 obierat3
1426 2837 1499 2900 adeo
1517 2840 1543 2896 ul
1557 2846 1596 2892 nm

245 2940 329 3004 aliter
347 2940 397 3004 ille
418 2940 474 3003 rori
495 2938 624 3021 πρώτου
651 2942 705 3003 καὶ
730 2942 788 3003 τοῦ
807 2937 987 3022 ἡγουμένου
1012 2942 1075 3005 iura
1097 2951 1263 3024 exerceret,
1293 2962 1380 3026 qnam
1401 2945 1520 3029 ipsemet
1536 2948 1596 3006 uniat

245 3054 434 3116 exercuisset
478 3049 537 3115 Sed
562 3049 655 3132 probe
682 3051 793 3132 sentio,
822 3049 881 3112 hoc
907 3050 1056 3114 doctrinae
1078 3060 1163 3135 caput
1182 3052 1258 3115 adeo
1285 3053 1413 3118 invisum
1435 3057 1520 3119 esse²
1549 3064 1596 3132 pti·

243 3163 431 3243 testantibus,
459 3167 490 3223 ut
510 3159 648 3224 secundis
669 3162 747 3223 curis
770 3160 867 3224 excoli
889 3159 1009 3242 debeat,
1039 3169 1068 3224 et
1088 3164 1259 3226 tractatione
1280 3164 1359 3227 baud
1378 3164 1478 3247 paullo
1496 3162 1597 3245 ploiart

243 3272 416 3336 confirmari.
460 3268 556 3342 Quare
584 3275 646 3332 tria
672 3269 742 3332 mibi
770 3289 841 3351 prae
863 3271 970 3334 ceteris
991 3288 1094 3352 sumo,
1123 3291 1198 3355 qnae
1221 3280 1252 3335 et
1272 3290 1418 3356 exponam
1441 3270 1597 3341 enucleatius7

242 3392 273 3446 et
293 3382 403 3445 munus
427 3378 579 3443 stabiliam.
622 3376 646 3439 E
668 3378 774 3460 quibas
792 3377 862 3441 illud
884 3398 952 3442 esse
971 3386 1106 3459 primurn
1127 3381 1208 3464 volo,
1237 3382 1381 3448 Christum
1411 3387 1440 3448 in
1463 3381 1595 3448 ecclesian

241 3494 351 3574 qnam³
384 3488 481 3572 pusilli
503 3490 594 3552 instar
614 3487 717 3569 gregis
741 3487 911 3570 collegerat,
936 3508 1071 3572 quaeque
1093 3499 1156 3553 erat
1170 3490 1310 3576 deinceps
1331 3493 1525 3576 apostolomm
1542 3484 1597 3550 canis

305 3719 351 3794 ⁶³)
371 3719 413 3775 lix
433 3718 485 3775 bec
504 3715 647 3772 bibliorum
668 3715 793 3790 loquendi
806 3716 912 3773 ratione
960 3716 1022 3772 lob.
1052 3719 1124 3774 bona.
1145 3718 1247 3779 xxltl..
1266 3737 1291 3776 n.
1312 3721 1347 3795 3,
1381 3722 1512 3779 isidorum
1533 3715 1568 3773 lib.
1582 3709 1596 3764 l·

242 3825 414 3899 repetendum
436 3823 568 3897 arbitror,
589 3822 694 3878 Petmm
714 3823 825 3878 mirillca
847 3840 912 3896 qua·
960 3822 1038 3895 epist
1048 3823 1177 3900 cccnvt,
1191 3825 1334 3882 linximorn
1345 3815 1596 3902 insapienti

242 3933 303 3989 dnm
325 3930 506 3987 consensione
525 3943 608 4001 penes
629 3928 813 3998 nobilissimos
827 3929 913 3985 eucle-
961 3934 989 3983 et
1019 3928 1144 4000 Cprillum
1177 3930 1376 3990 alexandrinum
1407 3935 1477 3993 Fest
1505 3922 1597 3988 Pmolll

241 4039 300 4093 sine
319 4043 409 4111 putres
430 4035 500 4093 dici:
524 4034 544 4090 1.
569 4024 626 4090 Τὼ
645 4026 779 4111 uapeepdr
798 4032 845 4091 uui
864 4032 912 4109 pl·
960 4034 1033 4090 bom.
1054 4034 1115 4091 vill
1174 4034 1179 4039 ’

239 4162 292 4220 yur
311 4138 367 4201 inlu
386 4134 566 4200 dominu:
593 4141 626 4197 ll.
646 4131 695 4198 adr
714 4135 770 4198 solu
789 4130 911 4198 olnooro'-
1023 4138 1048 4216 ¹)
1069 4157 1094 4196 n.
1116 4139 1164 4196 71.

239 4246 295 4306 lore
314 4238 451 4326 ἄκρότηνι
484 4248 528 4304 lll.
550 4241 607 4305 cdv
626 4237 739 4305 admon
758 4252 912 4323 κορυφαῖον
1019 4245 1047 4320 ²)
1068 4246 1147 4313 Quod
1167 4250 1254 4302 tamen
1276 4245 1362 4303 minna
1382 4246 1484 4303 eisdem
1507 4244 1596 4301 invisa!

238 4353 286 4412 rol
325 4346 565 4431 uopurpotdroror:
606 4353 652 4410 lV.
691 4344 910 4429 apanoorolrrpr:
960 4351 1082 4407 accidere
1109 4349 1220 4407 deberet
1243 4359 1306 4425 post
1333 4368 1381 4428 ea,
1411 4371 1477 4426 quae
1495 4352 1527 4409 de
1542 4362 1597 4404 cate

238 4460 272 4516 v.
302 4450 472 4535 lyndpeuou:
506 4476 538 4517 ac
569 4459 675 4516 tandem
705 4458 752 4514 vl.
783 4450 910 4534 ἔξαρχον.
959 4457 1090 4515 manicata
1117 4473 1176 4514 cnm
1197 4458 1277 4514 Petro
1302 4459 1402 4515 eximia
1425 4467 1520 4535 petrae
1540 4468 1598 4529 pne

239 4566 279 4622 cl.
300 4565 399 4624 Enseb.
421 4568 453 4624 H.
467 4566 500 4623 Ε.
521 4566 568 4622 lib.
586 4565 617 4621 ll
639 4581 697 4638 cup.
712 4563 784 4637 x1V,
805 4562 910 4635 Grego-
958 4566 1083 4636 rogativa
1103 4565 1225 4638 superias
1245 4563 1492 4625 demonstrauimus.

239 4672 306 4729 rium
327 4688 469 4744 nyssenum
490 4673 517 4728 in
539 4672 640 4728 Cautio.
661 4671 733 4727 bom.
751 4669 816 4745 XV,
843 4668 908 4727 Gre·
1017 4670 1045 4745 ⁸)
1080 4670 1119 4727 De
1149 4670 1244 4743 primis
1275 4671 1406 4730 ecclesiae
1435 4672 1484 4729 sub
1513 4666 1596 4725 cirilli

238 4779 344 4848 goriam
364 4781 554 4835 nazianzenum
575 4778 650 4835 Orat.
667 4776 794 4851 xxxin,
822 4776 907 4833 Atlan-
957 4774 1107 4847 originibus
1127 4777 1219 4833 conler
1239 4793 1307 4851 quae
1327 4778 1457 4836 habentur
1478 4775 1534 4835 tal.
1552 4766 1595 4826 Vll

237 4886 340 4940 nasinm
367 4884 394 4940 in
414 4885 456 4941 Pa.
473 4885 506 4941 v.
527 4902 553 4942 n.
568 4883 604 4960 8,
633 4882 853 4957 Cbrpsostnmum
879 4884 905 4940 in
956 4880 1275 4959 31-39-493x11.
1296 4884 1344 4943 42.
1366 4922 1422 4943 ....
