3358 5400
622 292 769 363 CAPUT
809 295 916 361 xxti.
1400 297 1463 361 2⁰5

86 458 160 545 ύπίρ
181 460 287 527 πάντα
306 464 343 547 τῇ
361 461 526 545 ἐκκλησία,
561 459 627 540 ἥτις
655 465 720 528 dori
747 462 783 529 τὸ
804 467 900 548 σῶμα
920 461 1035 542 αὐτοῦ,
1068 462 1105 528 τὸ
1119 467 1147 499 ⁴⁵
1170 461 1326 545 πλήρωμα
1346 457 1463 527 τοῦτοί

85 569 182 636 πάντα
206 577 242 636 ἐν
260 574 344 651 πᾶσι,
360 571 589 655 πληρουμένουτ
629 571 706 637 Ε1“
730 573 820 639 infra:
854 571 1068 651 stipulationes
1095 572 1132 637 δὲ
1153 577 1187 638 ἐν
1208 569 1335 657 ἀγάπη,
1368 572 1464 652 αὐξή-

85 700 185 763 σωμεν
209 686 256 759 εἰς
282 680 381 747 αύτὸν
406 677 445 747 τοί
472 682 593 760 πάντα,
623 681 659 758 ὃς
684 686 765 746 ἐστιν
793 680 970 769 ἠκεφαλή,
998 685 1016 746 ὁ
1038 683 1190 765 Χριστός,
1219 678 1253 760 ἐξ
1279 674 1319 745 ού
1344 684 1463 751 παντί

84 792 171 873 σῶμα
189 790 530 876 συναρμολογούμενον
555 793 608 857 καλ
628 790 903 876 συμβιβαζόμευον
928 791 985 856 διά
1007 794 1108 870 πάσης
1129 790 1217 878 άφῆς
1238 794 1292 870 τῆς
1315 798 1463 877 ἐπιχορη-

82 900 164 982 γίας,
192 903 263 966 κατ’
282 908 441 984 ἐνέργειαν
466 907 500 966 ἐν
520 908 622 986 μέτρῳ
644 900 714 977 ἑνὸς
737 900 874 966 ίκοίστου
888 906 914 936 ⁴⁷
938 905 1071 984 μέρους,
1100 903 1155 980 την
1174 898 1308 981 αὔξησιν
1324 906 1382 967 τοῦ
1399 905 1464 971 ’σοί-

81 1032 174 1095 ματος
195 1018 331 1076 ποιεῖται
350 1016 396 1089 είς
418 1008 593 1092 οἰκοδομήν
614 1014 730 1075 ἑαυτοῦ
749 1009 921 1096 ἐνάγάπη.
964 1013 1010 1075 nc
1025 1015 1053 1046 ⁴⁸
1077 1030 1207 1076 τιττευτττε
1231 1011 1279 1075 ὅτι
1297 1009 1377 1095 άνηρ
1398 1018 1463 1078 ἐστι

13 1182 14 1197 ,
82 1119 200 1204 κεφαλή
221 1124 276 1198 τῆς
292 1125 457 1204 γυναικός,
479 1119 526 1196 nie
547 1121 601 1183 καὶ
622 1121 640 1182 d
662 1120 800 1202 Χριστός
822 1121 944 1207 κεφαλή
966 1124 1019 1197 τῆς
1040 1121 1218 1198 ἐκκλησίας·
1249 1123 1302 1186 καί
1315 1126 1343 1158 ⁴⁰
1366 1120 1462 1200 αύτός

82 1235 142 1294 ίστι
162 1227 268 1313 σωτύρ
290 1233 385 1296 τοῦ“
408 1228 572 1324 σώματος.
595 1228 665 1296 ἀλλ’
687 1228 789 1313 ὥςπερ
811 1228 830 1308 η’
853 1230 1000 1307 ἐκκλησία
1020 1227 1232 1299 ὑποτάσσεται
1252 1236 1298 1318 τῷ
1317 1233 1462 1317 Χριστῷ,

81 1335 157 1405 οὕτω
184 1342 240 1406 καί
266 1342 299 1405 αἱ
326 1346 475 1422 γυναῖκες
502 1344 568 1416 τοῖς
595 1340 687 1415 idiote
712 1337 870 1422 άνὸράσιν
893 1346 927 1405 da
952 1340 1052 1405 παντί.
1094 1341 1206 1404 Idcirco
1234 1361 1307 1407 vero
1330 1343 1461 1409 Christus

80 1450 130 1514 sibi
151 1452 279 1516 stubiecit
292 1454 318 1487 ⁸¹
344 1453 517 1532 ecclesiam,
546 1450 598 1515 ίνα
617 1445 716 1529 αὐτην
734 1446 866 1534 άγιάση,
896 1449 1080 1532 καθαρίσας
1100 1452 1143 1534 τῷ
1164 1450 1286 1535 λουτρῷ
1307 1455 1366 1517 τοῦ
1384 1449 1461 1518 dou-

78 1580 127 1636 τος
147 1564 224 1625 ἐν”
247 1559 376 1644 ῥήματι,
404 1561 456 1625 ίνα
478 1557 662 1645 παραστήσῃ
683 1553 780 1638 αὐτὴν
793 1562 821 1596 ⁸¹
845 1562 947 1645 ἐαυτῷ
968 1556 1097 1639 ἔνδοξον
1123 1553 1180 1637 criu
1206 1561 1388 1639 ἐκκλησίαν,
1416 1557 1460 1646 μή

80 1671 215 1747 ίχουοαν
242 1671 355 1734 σπῖλον
382 1664 403 1746 τ’)
427 1670 538 1753 ῥυτίδα
558 1664 580 1748 ἥ
599 1694 627 1734 τι
646 1672 712 1735 τοῖν
732 1666 900 1745 τοιούτων,
928 1668 1000 1734 ἀλλ’
1021 1669 1074 1735 ἵνα
1095 1662 1114 1754 ᾗ
1138 1667 1216 1752 άγία
1238 1643 1296 1734 ικαὶ
1315 1664 1460 1754 ἄμωμος.

80 1777 186 1854 Quibus
208 1800 246 1845 ea
268 1781 454 1844 consentiunt
475 1799 550 1862 quae
565 1780 632 1844 alibi
646 1785 672 1816 ⁵⁴
697 1780 794 1861 habet,
815 1786 904 1860 atque
921 1781 976 1843 ista
990 1784 1019 1816 ⁸⁸
1041 1780 1227 1843 nominatim:
1249 1781 1304 1844 καὶ
1325 1780 1364 1845 ού
1385 1802 1462 1865 κρα·

78 1890 138 1954 τάν
156 1884 213 1968 τήν
235 1887 392 1974 κεφαλήν,
416 1887 449 1968 ἐξ
469 1881 507 1952 ού
529 1890 593 1954 πᾶν
612 1893 649 1954 τὸ
670 1892 774 1972 σῶμα,
796 1882 850 1952 διά
870 1890 934 1952 τοῖν
954 1886 1051 1977 aipein
1073 1891 1127 1954 καὶ
1147 1887 1331 1974 συνδέσμων
1350 1895 1460 1970 ἐπιχο-

80 2000 279 2084 ρηγούμενον
298 2001 352 2064 καὶ
373 1996 661 2083 συμβιβαζόμενον,
682 1994 769 2076 αὔξει
789 1992 846 2076 την
863 1991 993 2078 αύξησιν
1013 2002 1069 2063 τοῦ
1089 1998 1179 2063 θεοῦ.

184 2116 257 2193 267.
301 2109 434 2192 Dignitas
457 2111 546 2192 igitur
566 2116 654 2190 atque
669 2109 822 2191 appellatio
838 2111 940 2192 capitis
961 2127 1037 2192 quae
1059 2129 1097 2174 ex
1115 2109 1163 2173 his
1184 2111 1350 2175 nominibus
1372 2113 1462 2176 sunri-

13 2234 15 2345 ,
79 2227 135 2302 nn,
157 2239 221 2284 non
235 2219 371 2303 πρωτως
393 2218 487 2283 solum
509 2220 563 2283 καὶ
583 2218 729 2302 μάλιστα,
751 2218 804 2283 sed
821 2221 940 2283 omnino
957 2216 1165 2306 άποφατικως
1180 2218 1294 2284 Christo
1317 2224 1462 2304 competit

13 2404 14 2407 ς
78 2328 134 2393 Sed
159 2338 190 2394 et
217 2330 296 2393 aliud
324 2336 370 2392 ost
390 2346 499 2392 nornen
521 2347 579 2411 quo
603 2329 749 2393 ecelesiae
775 2338 861 2412 eaput
882 2330 1012 2394 Christus
1039 2331 1161 2412 dicitur,
1190 2330 1318 2412 indeque
1345 2332 1461 2413 petitur,

13 2416 15 2429 ί
79 2439 155 2520 quod
180 2442 310 2522 ipsemet
336 2438 494 2501 ecclesiam
523 2434 649 2515 ἔξωθεν
673 2447 774 2522 regat,
801 2437 937 2521 illiusque
966 2442 1143 2522 conspicuae
1172 2441 1272 2503 unitati
1294 2441 1462 2521 prospiciat.

13 2568 14 2571 ¹
80 2548 141 2615 lloc
170 2551 292 2612 nomine
321 2556 408 2631 caput
435 2547 553 2630 quidem
581 2556 627 2612 est
648 2546 781 2629 πράτως
803 2550 855 2614 καί
876 2548 1030 2631 μάλιστα,
1059 2567 1119 2613 non
1140 2552 1210 2612 item
1230 2547 1461 2633 άποφατικοῖςτ

78 2668 162 2743 atque
185 2661 246 2723 hoc
267 2661 386 2722 nomine
409 2658 445 2722 ad
466 2677 534 2722 eum
557 2666 671 2739 spectat
684 2657 763 2723 Pauli
777 2661 805 2694 ⁸⁶
828 2658 964 2722 effatum:
988 2661 1041 2722 καὶ
1061 2654 1157 2734 αύτός
1178 2664 1242 2722 ἐστι
1260 2653 1383 2743 nepeta)
1404 2661 1464 2722 τοῦ

78 2767 241 2853 σώματος,
269 2771 322 2846 τῆς
342 2768 524 2845 ἐκκλησίας·
551 2767 586 2844 ύς
607 2774 689 2833 ἐστιν
702 2773 728 2803 ⁵⁷
753 2764 857 2850 άρχή,
885 2770 1084 2851 πρωτότοκος
1105 2771 1140 2830 ἐκ
1160 2768 1224 2832 τῶν
1245 2771 1381 2849 νεκρῶν,
1409 2767 1462 2832 ίνα

79 2886 204 2963 γίνηται
226 2883 259 2943 ἐν
280 2881 375 2944 πᾶσιν
394 2876 489 2953 αὐτὸς
510 2877 688 2960 πρωτεύων.

181 2989 339 3053 Primatum
366 2988 490 3067 obtinet,
519 3006 555 3050 ac
578 2996 610 3051 ut
623 2990 652 3021 ⁵⁸
675 3006 743 3051 eum
769 2987 894 3051 decebat
920 2990 950 3052 in
972 3005 1030 3071 quo
1061 2988 1126 3051 nain
1146 2984 1181 3050 τὸ
1203 2984 1359 3068 πλήρωμα
1380 2985 1462 3050 inha-

78 3098 160 3181 bitat,
185 3116 309 3181 prorsus
330 3097 463 3178 excellit,
484 3114 583 3178 neque
604 3104 703 3161 lamen
723 3096 855 3175 Petrum,
877 3100 925 3160 cui
947 3098 1099 3179 speciatim
1113 3099 1141 3132 '⁹
1165 3097 1252 3177 dixit,
1270 3117 1368 3183 pasce
1390 3117 1461 3160 οισι

77 3231 175 3288 ωεστ,
201 3218 237 3273 tu
255 3186 465 3289 mennam,
487 3226 504 3270 a
525 3208 674 3270 consortio
695 3206 782 3270 huius
804 3207 951 3289 dignitatis
973 3206 1101 3273 funditus
1123 3206 1258 3270 excludit

182 3323 255 3382 268.
300 3318 462 3383 Similitudo
485 3320 572 3395 enim,
596 3335 653 3399 qua
666 3316 796 3380 Christus
809 3316 904 3379 adhuc
921 3316 1060 3397 mortalis,
1084 3324 1114 3381 ct
1135 3335 1192 3399 qua
1213 3315 1323 3396 Petrus,
1347 3317 1461 3381 Christo

81 3428 116 3491 ad
145 3428 240 3492 Patris
268 3428 419 3491 dexteram
455 3430 513 3491 ianr
542 3426 681 3505 sedente,
720 3444 786 3489 cum
817 3426 957 3508 apostolis
988 3430 1089 3510 egisse
1118 3428 1147 3489 in
1176 3426 1332 3507 Scripturis
1365 3427 1464 3510 perhi-

79 3537 200 3618 bentur,
223 3538 288 3600 talis
312 3545 366 3616 est,
389 3545 421 3600 ut
441 3536 491 3599 hie
509 3536 585 3600 illius
610 3543 722 3620 inape,
745 3536 795 3598 ille
820 3544 917 3599 autern
938 3535 1025 3599 huius
1046 3535 1206 3616 enemplnr
1228 3537 1360 3600 extitisse
1382 3538 1464 3601 vide·

81 3656 150 3713 alm.
196 3648 419 3729 Comparatione
444 3649 589 3710 enitescet
610 3644 689 3727 quod
711 3644 844 3709 dicimus.
926 3636 930 3639 ’

141 3861 188 3938 ν)
209 3839 341 3932 viratu
362 3862 436 3918 ωττι
454 3858 517 3928 και,
538 3866 565 3917 τι
580 3858 732 3934 pensan.
859 3857 903 3932 Η)
923 3857 1023 3932 Ephea.
1044 3860 1078 3916 v.
1099 3859 1241 3917 ec-ae.

86 3990 89 3995 ·
141 3968 188 4043 ⁴⁶)
208 3966 306 4041 Ephea.
328 3967 373 4023 lv.
397 3966 535 4023 15-16,
857 3962 902 4038 ⁵²)
925 3964 1058 4021 Semlarus
1078 3967 1215 4042 expungit,
1236 3964 1265 4021 ἐν
1284 3954 1395 4040 ῥήματι,
1415 3963 1463 4021 sed

140 4074 186 4151 Η)
218 4074 341 4147 Grotius,
372 4072 472 4144 Bengel
501 4079 529 4129 et
559 4069 746 4127 Grieahaclniua
795 4083 903 4144 prorsas
918 4076 1028 4127 ίειττετττ.
1069 4071 1180 4130 nddttio
1194 4071 1304 4143 vulgati
1318 4071 1462 4146 reddentia,

80 4180 232 4252 praeierunt
247 4177 354 4255 μίλους,
374 4180 415 4235 cni
429 4195 493 4235 sana
507 4178 615 4235 lectioni
634 4177 746 4250 plurima
796 4177 827 4232 in
845 4175 1033 4249 οωίιοοίίοε,
1054 4179 1088 4233 ad
1106 4178 1319 4251 explanationem
1339 4178 1462 4251 pertinet

81 4292 141 4347 sant
159 4303 228 4360 quae
248 4285 432 4357 anllragamm.
857 4281 903 4357 ⁵¹)
930 4283 1022 4339 lectio
1053 4272 1138 4349 αύτός
1162 4300 1211 4358 pro
1246 4274 1333 4359 αὐτὴν
1359 4284 1462 4340 criticis

143 4390 188 4465 ⁴⁸)
207 4390 305 4464 liplres.
326 4391 359 4447 v.
381 4388 521 4447 23-24.
796 4389 955 4446 adiumentis
976 4389 1082 4446 delendi
1099 4396 1200 4465 potest.

143 4495 387 4570 4’)οπτ1ιτίοτσττι
413 4494 461 4553 ani
486 4503 547 4553 ante
573 4483 657 4559 αύτύς
683 4506 746 4566 ρτο-
858 4495 904 4577 ⁶⁴)
925 4495 1030 4551 coloss.
1051 4495 1083 4551 ll.
1108 4495 1247 4553 10-14.

81 4599 146 4659 bant
164 4601 259 4659 llillius
280 4610 308 4659 et
325 4603 482 4677 Beogelius,
510 4603 553 4676 qui
575 4617 634 4656 cum
656 4596 747 4655 ories-
858 4599 904 4674 rs)
924 4599 992 4656 lbid.
1013 4617 1040 4656 τ.
1064 4600 1110 4658 to.

81 4706 178 4767 ltaclrlo
207 4711 381 4769 omittendum
407 4711 471 4769 item
501 4713 578 4782 putat
601 4703 659 4764 dori
684 4711 747 4779 post
858 4704 903 4781 ⁵⁸)
925 4706 992 4763 lbid.
1014 4705 1034 4762 l.
1058 4705 1103 4763 ta.

82 4803 179 4886 ου’τύς,
214 4816 362 4874 addendum
393 4821 485 4873 contra
515 4814 654 4874 articulum
684 4820 746 4873 anta
804 4868 807 4877 ,
857 4812 903 4887 ⁸⁷)
924 4812 1019 4886 Aliter,
1038 4813 1188 4885 praemisso
1202 4812 1323 4887 articulo,
1343 4800 1460 4887 ἡάρχή.

80 4911 184 4999 σωτήρ.
627 4955 633 4967 τ
858 4917 904 4993 ⁸⁸)
925 4917 1030 4973 Colore.
1051 4916 1071 4973 l.
1095 4916 1140 4975 ta.

143 5026 188 5105 ⁵⁰)
208 5025 340 5098 Vulgum
360 5024 450 5101 addit,
470 5026 539 5085 οιάι.
858 5022 903 5098 ⁸⁰)
922 5022 983 5079 iola.
1004 5021 1074 5079 lle.
1097 5020 1143 5079 15.
1164 5035 1238 5092 seqq.
