3358 5400
220 281 282 343 280
740 279 872 345 hibuit
912 278 1079 347 PRIMUS

220 447 337 513 Etenim
357 448 448 513 verba
470 447 547 531 ipsa,
576 449 730 533 seriesque
751 452 892 515 orationis
912 450 984 514 nihil
1004 450 1169 531 continent,
1192 468 1251 532 quo
1273 450 1441 516 coniectura
1460 452 1601 534 mmpicio

221 579 280 641 que
294 559 332 622 de
349 558 472 641 figurata
487 561 635 623 nominum
656 562 827 643 acceptione
848 560 1045 629 confirmetur.
1088 561 1278 643 lmmo⁰quae
1294 560 1398 626 Paulus
1419 565 1560 626 continuo
1574 566 1598 598 ⁸¹

221 667 313 747 addit,
341 661 386 749 par}
409 668 544 744 Παῦλος
564 668 755 751 ἐσταυρώθη
781 667 860 749 ὑπὲρ
882 668 989 753 sipisim·
1016 664 1037 747 i)
1057 673 1102 746 εὶς
1129 670 1165 731 τὸ
1195 671 1298 754 ὄνομα
1317 669 1452 736 Παύλου
1482 670 1603 754 ἐβαπτί-

222 777 340 856 ottere-
358 787 524 860 comparata
538 781 582 843 sic
596 787 672 859 sunt,
693 786 724 842 ut
738 779 817 842 Pauli
831 797 940 843 nomen
957 782 1076 862 proprie
1097 787 1249 862 acceptum
1272 781 1482 845 demonstrent
1524 781 1603 855 Quod

222 895 320 950 autem
347 887 384 951 de
407 891 579 971 acceptione
606 891 734 953 nominis
753 888 833 952 Pauli
854 890 972 970 dicitur,
1001 889 1032 952 id
1052 889 1090 954 de
1112 889 1277 953 nominihus
1298 890 1460 972 Apollonii,
1489 891 1603 973 cephae

223 1005 310 1079 atque
331 997 437 1061 Christi
457 999 648 1080 repetendum
672 1006 726 1063 est.
769 999 925 1063 Praeterea
938 1001 966 1032 ³²
991 1000 1056 1080 quis
1078 998 1134 1063 sihi
1154 999 1345 1081 persuadeat,
1373 1002 1466 1083 ipsum
1493 998 1604 1063 Christi

222 1125 348 1187 nomen,
372 1107 500 1170 divinum
523 1108 609 1190 plane
630 1128 665 1172 ao
685 1112 916 1189 sanctissimum,
943 1128 961 1171 a
982 1108 1070 1171 Paulo
1091 1116 1273 1190 usurpatum,
1302 1118 1333 1173 ut
1353 1129 1423 1174 vera
1442 1119 1548 1175 sectae
1568 1110 1604 1174 la

223 1218 387 1308 ctionisque
408 1217 561 1299 appellatio
582 1216 757 1302 tegeretur?
798 1217 903 1301 Neque
925 1217 995 1281 illud
1016 1217 1210 1297 verisimilius,
1233 1220 1350 1282 nonnisi
1373 1221 1467 1302 capite
1496 1226 1603 1302 quarto,

223 1326 395 1410 prolixaque
415 1327 605 1409 disputatione
627 1330 780 1393 interiecta
801 1327 968 1392 declarasse
981 1326 1110 1410 Paulum,
1132 1328 1272 1409 producto
1294 1329 1324 1391 in
1339 1329 1468 1393 medium
1491 1330 1604 1393 nomina

223 1454 284 1499 non
304 1437 422 1518 proprie
444 1438 497 1500 sed
519 1438 642 1520 ligrnate
664 1439 788 1520 intelligi
810 1445 958 1520 oportere.

265 1546 268 1553 ’
331 1545 407 1620 Quid
427 1546 506 1627 quod
527 1566 562 1611 ea
576 1550 640 1629 ipsa
654 1548 810 1612 collatione
824 1547 966 1626 locorum,
990 1566 1046 1629 qua
1059 1547 1211 1631 figuratam
1232 1551 1383 1612 nominum
1405 1551 1605 1632 acceptionem

224 1656 350 1738 probare
369 1655 418 1719 ahi
439 1658 627 1737 contendunt,
649 1659 752 1722 eadem
768 1659 886 1740 proprie
901 1657 1028 1721 adhibito
1043 1655 1300 1721 demonstrantur?
1323 1660 1401 1740 atqui
1422 1659 1467 1720 sic
1490 1658 1604 1720 omnino

224 1784 258 1829 se
280 1784 329 1829 res
349 1764 447 1828 habet
490 1766 645 1847 „Etenim,
666 1769 758 1850 inquit
771 1769 799 1800 ³³
822 1766 894 1848 Pott,
916 1769 941 1831 si
963 1764 1089 1831 Paulus
1106 1774 1231 1848 proprie
1251 1775 1280 1831 et
1301 1766 1414 1848 Apollo
1434 1787 1502 1851 cap.
1518 1769 1565 1831 lv.
1581 1774 1604 1830 6.

225 1883 373 1940 eertonrm
394 1875 545 1939 homiuum
568 1877 667 1959 imago
689 1895 757 1939 esse
779 1875 934 1957 dehebant,
956 1894 1010 1939 cur
1029 1895 1092 1959 cap.
1115 1877 1160 1940 lll.
1176 1885 1225 1940 22.
1249 1886 1366 1959 praeter
1386 1877 1435 1941 illa
1450 1878 1511 1941 duo
1526 1879 1605 1941 etiam

224 1982 354 2067 Kephoe
373 2004 483 2048 nomen
505 1983 688 2068 appellaturi
710 1988 756 2049 sin
776 1984 835 2048 hoo
857 2004 974 2068 quoque
996 1988 1107 2069 capite,
1130 1987 1375 2071 quemadmodum
1398 1990 1496 2070 capite
1518 1989 1539 2051 l
1566 1992 1605 2049 tr.

226 2116 287 2161 non
307 2114 363 2160 suo
383 2103 493 2159 mutum
513 2104 543 2158 et
563 2094 685 2176 Apollo,
711 2094 765 2158 sed
786 2091 915 2175 Kephoe
938 2096 1026 2158 etiam
1055 2097 1175 2159 nomine
1202 2097 1326 2180 figurate
1355 2100 1395 2160 uti
1424 2097 1532 2178 voluit,
1559 2115 1607 2160 cru

229 2209 328 2270 verbis
349 2225 412 2288 cap.
433 2206 481 2268 lv.
504 2213 532 2285 6,
556 2208 656 2268 ταῦτα
675 2201 926 2285 μετεσχημάτισα
947 2209 992 2280 εἰς
1013 2204 1148 2288 ἐμαυτὸν
1166 2208 1217 2269 καὶ
1237 2211 1282 2282 εὶς
1302 2206 1458 2284 Ἀπολλώ,
1480 2208 1607 2291 neglent

227 2318 354 2395 addere,
378 2315 431 2378 καὶ
453 2316 499 2389 εἰς
520 2310 672 2403 qupciv?
713 2315 795 2389 Quae
816 2333 883 2378 cum
904 2316 942 2377 ita
963 2316 1036 2395 sint,
1058 2316 1242 2380 statuendum
1263 2335 1332 2380 esse
1354 2317 1485 2381 mdetur:
1515 2317 1606 2381 locum

227 2426 308 2489 illum
330 2441 393 2505 cap.
408 2423 455 2485 lv.
474 2431 501 2486 6.
521 2424 578 2485 τοῦ
590 2427 893 2506 μετασχηματισμοῦ
911 2427 956 2499 εἰς
971 2423 1109 2489 Παῦλον
1128 2428 1180 2491 καὶ
1203 2430 1248 2502 εἰς
1264 2420 1409 2491 Ἀπολλώ
1431 2430 1605 2491 mentionem

227 2538 421 2615 inficientem,
451 2552 510 2597 non
531 2543 589 2598 mm
611 2536 743 2617 proxime
764 2535 913 2615 pertinere
940 2536 977 2600 ad
998 2544 1084 2618 caput
1103 2538 1244 2619 primum,
1272 2539 1495 2620 principumque
1517 2543 1606 2601 secta·

227 2666 294 2712 rum
316 2646 537 2729 qrmtemrionem
551 2646 579 2677 ³⁴
598 2644 640 2707 ibi
661 2652 932 2725 commemoratum,
954 2664 1041 2727 quam
1054 2649 1083 2682 ³⁸
1108 2645 1145 2709 ad
1165 2645 1263 2709 locum
1284 2647 1330 2709 llh
1352 2647 1472 2710 4-1v.
1494 2656 1523 2728 5,
1543 2662 1606 2728 apo

228 2757 395 2838 stolumque
421 2772 483 2835 cap.
512 2755 532 2817 h
564 2761 611 2817 12.
637 2762 784 2817 sectarum
813 2762 922 2817 tantum
951 2756 1085 2836 nomina,
1114 2757 1320 2838 principesque
1347 2775 1557 2833 enumerasse,
1582 2751 1607 2815 id

229 2866 308 2952 quod
332 2864 452 2945 ahcubi,
474 2871 503 2927 et
524 2867 689 2928 rectissime
710 2865 739 2927 in
759 2864 841 2927 initio
861 2866 949 2927 totius
974 2863 1122 2928 desectis
1144 2865 1358 2947 disputationis,
1384 2865 1446 2928 lieri
1470 2863 1606 2941 debehat,

231 2976 371 3060 capitibus
400 2992 473 3037 vero
494 2974 540 3037 ΙΙΙ.
563 2979 590 3036 4.
620 2982 650 3037 et
670 2973 716 3037 lv.
740 2982 768 3036 5.
796 2973 825 3036 id
848 2975 948 3056 egisse
975 2982 1008 3036 ut
1034 2975 1263 3058 demonstraret,
1291 2995 1377 3057 quam
1404 2995 1513 3053 vanum
1533 2979 1607 3038 essct

230 3088 374 3170 gloriolae
388 3086 512 3181 'insigne
535 3104 552 3147 a
574 3084 685 3147 celebri
711 3084 849 3165 principis
877 3082 999 3147 alicuius
1025 3092 1126 3148 sectae
1145 3088 1264 3150 nomine
1286 3088 1314 3149 in
1336 3106 1370 3150 se
1390 3087 1530 3150 translato
1551 3100 1606 3147 mu·

229 3205 355 3276 tuatum,
383 3213 470 3277 mam
491 3202 589 3257 umen
613 3194 891 3257 demonstrationem
914 3194 1078 3275 apostolus,
1107 3195 1178 3258 licet
1198 3196 1235 3258 ad
1257 3214 1362 3259 omnes
1385 3204 1498 3274 sectas,
1520 3199 1607 3259 secla

229 3324 354 3389 mmque
378 3304 561 3389 coryphaeos
588 3305 706 3367 omnino
729 3305 907 3384 pertineret,
934 3321 989 3384 pro
1015 3303 1177 3368 urbanitate
1204 3324 1257 3369 sua
1284 3305 1376 3369 adse
1398 3314 1486 3387 atque
1508 3300 1606 3387 Apollo

232 3417 313 3481 solos
333 3416 531 3495 transtulisse,
553 3414 681 3495 ideoque
702 3431 756 3495 per
776 3400 1070 3496 pereoxqpotcophe
1093 3416 1258 3498 quemdam,
1284 3418 1333 3498 qui
1355 3436 1394 3479 ex
1415 3416 1500 3480 dictis
1521 3417 1605 3478 latens

232 3526 341 3608 aliquid
363 3526 426 3589 erui
448 3525 508 3588 vult
534 3527 622 3605 (sio),
650 3525 689 3586 ita
713 3525 881 3587 enuntiasse
903 3523 1045 3605 putandus
1068 3530 1130 3604 est,
1155 3533 1194 3587 ut·
1212 3532 1242 3587 et
1262 3525 1383 3607 llephae
1412 3533 1442 3589 et
1462 3527 1566 3590 Christi
1579 3523 1603 3555 ³⁶

231 3643 332 3701 sectae
354 3635 439 3699 facile
460 3634 690 3717 perducerentur
715 3634 751 3696 ad
780 3633 1008 3714 inveniendum,
1037 3633 1116 3714 quod
1142 3651 1202 3697 non
1230 3634 1340 3698 diserte
1366 3638 1533 3717 enuntiare,
1559 3629 1606 3696 sed

233 3745 269 3809 ab
287 3747 358 3828 ipsis
376 3764 431 3827 per
453 3744 704 3807 ratiocinationem
728 3745 831 3824 accipi,
855 3749 883 3805 et
907 3742 944 3805 ad
958 3745 1135 3825 semetipsos
1151 3743 1303 3808 transferri
1323 3745 1415 3808 voluit
1434 3741 1606 3828 apostolus.“

338 3855 472 3938 Denique
493 3853 639 3935 propriam
660 3855 809 3917 nominum
829 3852 1031 3934 acceptionem
1051 3872 1104 3916 sua
1125 3853 1220 3916 hrmat
1240 3856 1411 3918 auctoritate
1428 3855 1564 3918 Clemens
1581 3852 1606 3912 ie

296 4066 342 4142 ⁸¹)
362 4066 383 4122 1.
397 4064 637 4140 Cor.h13.seqq.
664 4067 721 4123 lloc
742 4073 899 4138 argumento
1012 4063 1059 4138 ⁸⁸)
1090 4064 1195 4137 Proleg.
1227 4066 1254 4122 in
1284 4068 1363 4140 epist
1383 4066 1404 4122 l.
1433 4068 1468 4123 ad
1495 4059 1604 4123 Corinth

233 4174 316 4230 utitur
331 4175 438 4248 Parcus,
460 4178 602 4244 monetque
621 4173 717 4228 nullam
738 4175 802 4245 llngi
824 4188 900 4229 eaus-
950 4170 977 4242 s.
998 4169 1044 4226 lv.

233 4296 290 4337 sam
310 4296 406 4354 posse,
427 4279 598 4351 quamobrem
619 4279 714 4334 Paulus
734 4280 788 4335 sihi
809 4285 900 4350 gratu-
1011 4274 1058 4349 ²⁴)
1083 4275 1229 4334 Dicendum
1257 4293 1317 4333 esse
1343 4279 1496 4335 ternionem
1519 4292 1552 4332 ex
1574 4272 1603 4327 its

233 4388 346 4460 leretur,
372 4386 551 4459 paucissimos
572 4385 710 4441 dumtaxat
730 4402 744 4440 a
765 4402 795 4441 se
816 4386 900 4442 inisse
950 4382 1087 4438 constabit
1106 4399 1174 4455 quae
1195 4398 1259 4439 mox
1277 4383 1414 4439 addentur.

234 4493 395 4566 baptismate
423 4491 544 4566 ablutos,
572 4492 695 4548 sinemo
718 4492 805 4564 ipsum
827 4491 900 4564 capi·
1012 4487 1057 4562 Ν)
1080 4488 1151 4544 Sane
1170 4504 1229 4562 cap.
1244 4488 1290 4545 lll.
1308 4489 1335 4544 t.
1357 4504 1410 4545 non
1431 4490 1517 4546 minus
1536 4496 1603 4558 qaam

234 4599 296 4656 dius
321 4604 483 4672 sectaretur,
514 4598 562 4654 sed
593 4597 672 4653 alium
701 4599 793 4654 nescio
821 4614 899 4669 quem
949 4610 1006 4665 cap.
1025 4593 1071 4649 tv.
1090 4593 1117 4648 6.
1139 4594 1172 4650 de
1193 4594 1272 4650 Paulo
1294 4595 1432 4650 dumtaxat
1453 4611 1485 4650 ao
1504 4588 1602 4666 Apolli>

234 4703 308 4762 larva
327 4706 428 4779 proprii
447 4705 564 4762 nominis
585 4705 706 4761 celatam.
948 4700 995 4755 oio
1015 4713 1105 4755 sermo
1124 4706 1175 4755 eat

545 4793 547 4796 ⁴
1011 4803 1057 4877 ³⁶)
1088 4804 1158 4861 Nihil
1185 4806 1235 4862 hac
1261 4805 1480 4863 denominatione
1508 4803 1601 4869 durius,

296 4913 898 4989 ⁸²)Ci.llitringae0bservatt.8acr.liblil.
948 4910 998 4966 sed
1016 4909 1081 4967 nihil
1100 4913 1180 4969 etiam
1200 4912 1295 4969 lalaum
1317 4914 1413 4988 magis,
1434 4917 1474 4972 uti
1494 4909 1600 4970 moriu-

238 5036 295 5096 cap.
309 5020 381 5079 xxt.
403 5020 429 5096 ς.
444 5021 477 5079 11.
947 5022 1078 5073 notescet

1646 240 1648 333 t
