3358 5400
623 294 769 361 CAPUT
809 294 919 363 XXV·
1174 344 1177 349 ,
1392 286 1457 351 m

92 477 182 534 somn
196 467 324 535 Christos
337 461 392 547 1⁸⁰,
406 463 540 544 redemit,
555 448 744 530 sanctificarit
757 474 787 529 et
798 464 957 531 sanctificat
971 464 1129 529 ecclesiam
1141 460 1322 527 catholicam.
1346 454 1392 521 De
1406 473 1456 520 eo·

94 580 178 645 alesia
191 580 277 661 igitur
288 575 429 641 catholica
442 574 513 638 illud
522 576 654 657 inprimis
666 596 701 640 ac
714 595 786 639 vero
798 578 923 639 maxime
933 576 1026 656 accipi
1036 574 1132 654 debet,
1147 591 1213 637 eam
1224 589 1294 634 esse
1308 569 1343 632 o
1354 568 1457 649 σῶμα.

95 689 163 753 iiiuc
181 688 312 772 Cypriani
327 688 368 719 ¹³¹
394 684 522 765 effatum,
544 705 608 749 una
629 692 676 750 est
694 684 823 750 ecelesia
838 682 901 766 per'
915 693 1013 749 totum
1032 684 1178 748 mundum
1198 688 1232 744 e'n
1252 677 1351 742 molta
1369 694 1459 739 asem-

57 798 74 831 ‘
97 798 149 863 cra
174 798 285 874 ἀίοισα,
312 804 342 860 et
357 797 399 828 ¹³²
425 815 482 874 per
505 802 607 858 omnia
632 793 776 859 &demus
803 795 952 860 eccleciae
975 793 1143 859 catholicoe
1166 796 1318 854 unitatem
1343 794 1460 850 tenere.-

95 907 156 971 hine
175 907 318 973 simillima
338 906 478 988 Origenis
495 907 537 938 ¹³³
560 907 719 985 sententia,
741 907 777 970 th
796 905 889 989 σῶμά
908 910 1003 989 dapes
1024 906 1078 970 καὶ
1099 905 1134 967 ch
1154 898 1328 984 apopores:
1349 896 1397 959 cui
1418 893 1459 961 d·

95 1024 153 1080 tera
171 1016 330 1099 respondet
346 1018 388 1048 ¹³⁴
403 1014 563 1078 Alexandri
585 1014 775 1095 alexandrini,
795 1016 830 1079 cv
842 1019 936 1098 ccipe
958 1007 996 1079 ὃν
1015 1017 1067 1091 τῆς
1088 1010 1266 1084 redoleatis
1287 1003 1458 1080 ἐκκλησίας.

92 1127 181 1201 Quare
200 1127 231 1189 in
252 1127 393 1208 symbolis
410 1127 453 1158 ¹³⁵
475 1124 657 1206 profitemur,
678 1124 815 1189 πιστεύω
837 1129 882 1200 εἰς
903 1124 980 1207 μίαν
1000 1119 1178 1197 maiomam
1197 1115 1369 1194 ἐκκλησίαν.
1456 1104 1465 1121 “

189 1236 250 1301 Sed
270 1236 348 1300 unde
370 1236 503 1316 eorporis
523 1235 619 1297 unitas
647 1253 665 1296 e
686 1241 763 1299 tanta
784 1236 906 1317 partium
928 1234 1185 1313 membrorumque
1206 1229 1345 1293 venante
1366 1221 1462 1306 prodit

90 1365 123 1408 ac
143 1344 259 1412 exstatl
283 1364 340 1427 quo
363 1345 504 1426 principio
525 1341 667 1408 efficitur?
689 1362 746 1425 quo
765 1363 878 1423 caussa,
901 1363 997 1424 quave
1017 1342 1112 1405 forma
1133 1332 1362 1403 determinatur?
1383 1335 1461 1414 ipse·

90 1462 149 1525 met,
166 1454 338 1518 Dodwellos
354 1456 396 1487 '³⁶
419 1462 521 1517 auctor
543 1461 604 1532 est,
625 1472 724 1535 neque
744 1454 823 1518 illam
848 1453 964 1517 aliunde
985 1453 1096 1534 repeti,
1126 1467 1223 1531 neque
1243 1444 1388 1529 proficisci
1409 1442 1461 1505 ali·

87 1564 161 1627 unde
181 1583 282 1645 posse,
306 1582 392 1647 quam
415 1585 433 1627 e
456 1565 557 1644 eapitis
577 1566 675 1628 omnia
695 1565 915 1645 complectentis
936 1564 1054 1626 unitate.
1098 1560 1182 1635 Quod
1203 1558 1311 1640 insigni
1331 1554 1461 1636 imagine

88 1674 245 1755 Cyprianus
262 1676 303 1706 '³⁷
331 1673 476 1755 depingit,
505 1674 655 1755 inquiens:
699 1674 852 1754 „Ecclesia
880 1691 998 1756 quoque
1019 1691 1076 1736 una
1097 1678 1159 1748 est,
1187 1686 1264 1750 qnae
1286 1669 1315 1731 in
1337 1663 1462 1729 multitu·

89 1783 183 1846 dinem
203 1784 290 1847 latius
312 1785 494 1847 incremento
515 1782 698 1848 fecunditatis
719 1783 897 1848 extenditur:
920 1802 978 1866 qno
1000 1781 1088 1844 modo
1110 1780 1183 1844 solis
1205 1777 1285 1842 multi
1303 1774 1386 1851 radii,
1409 1770 1463 1836 sed

87 1893 182 1956 lumen
203 1912 310 1957 unum:
334 1901 363 1956 et
383 1894 457 1956 rami
471 1894 585 1958 arboris
600 1894 691 1970 multi,
713 1894 768 1957 sed
786 1894 876 1958 robur
889 1912 977 1956 unum
998 1893 1094 1956 tenaci
1114 1890 1214 1953 radice
1232 1890 1275 1921 '³⁸
1299 1883 1462 1949 fundatum

88 1983 208 2066 etcum
240 2003 277 2066 de
304 2003 383 2066 lonte
414 2021 473 2065 uno
499 2006 554 2067 rivi
582 2006 695 2087 plurimi
722 2004 866 2081 defluunt,
894 2002 1088 2065 numerositas
1113 1999 1181 2061 licet
1209 1996 1313 2060 dillosa
1334 1992 1465 2056 videatur

89 2113 262 2177 exundantis
284 2117 388 2194 copiae
406 2113 549 2195 largitate,
571 2115 666 2177 troitus
678 2121 778 2177 tamen
794 2120 929 2175 servator
949 2112 979 2173 in
996 2113 1039 2144 ¹³⁹
1062 2110 1186 2191 origine.
1228 2105 1334 2171 Arche
1353 2101 1466 2168 radium

86 2220 155 2287 sotis
181 2240 365 2304 acorpore,
394 2223 567 2286 divisionem
595 2223 668 2287 lucis
696 2224 790 2285 unitas
819 2240 879 2284 non
906 2222 994 2302 capit:
1023 2220 1060 2283 ah
1089 2218 1196 2282 arbore
1219 2216 1323 2298 frange
1342 2224 1465 2290 ramum,

87 2329 193 2394 hactus
214 2333 384 2414 germinare
406 2352 464 2395 non
485 2334 606 2414 poterit:
638 2351 655 2395 a
678 2332 757 2394 sonte
778 2329 916 2413 praecide
936 2331 1048 2410 rivom,
1078 2330 1229 2411 praecisus
1250 2330 1374 2390 arescet
1417 2320 1466 2385 su

88 2440 211 2504 ecclesia
234 2440 350 2509 Domini
370 2441 437 2504 luce
458 2440 575 2524 perlirsa
597 2461 650 2523 per
671 2440 773 2504 orbem
795 2447 886 2507 toturn
907 2439 1006 2503 radios
1023 2457 1093 2503 snos
1106 2438 1239 2521 porrigit,
1260 2454 1349 2500 unum
1368 2441 1466 2495 tamen

88 2548 183 2613 lumen
207 2558 256 2613 est
283 2550 361 2631 qood
388 2549 496 2632 ubique
523 2549 702 2628 diffunditur,
730 2569 788 2613 neo
811 2552 906 2614 unitas
927 2550 1060 2630 corporis
1082 2555 1248 2631 separatur:
1274 2561 1373 2608 ramos
1395 2556 1466 2605 suos

89 2661 117 2721 in
144 2662 312 2724 uniuersam
340 2667 448 2722 terram
475 2660 560 2740 copia
587 2660 727 2723 ubertatis
754 2660 898 2737 extendit,
927 2659 1107 2740 profluentes
1134 2658 1255 2740 largiter
1281 2656 1361 2717 rivos
1382 2649 1467 2713 latim

89 2769 238 2852 expandit:
260 2789 357 2832 unum
378 2776 480 2832 tantem
501 2777 593 2848 eaput
614 2777 679 2845 est,
691 2776 720 2830 et
740 2776 825 2852 oripo
844 2790 920 2846 unu,
943 2776 972 2831 et
994 2789 1058 2831 una
1075 2775 1175 2830 meter
1195 2763 1379 2829 fecunditatis
1400 2777 1468 2823 suc·

88 2879 217 2943 oessihus
248 2880 399 2961 copiosa.“
442 2880 516 2943 Tam
545 2887 657 2943 certum
685 2880 773 2961 igitur
801 2877 904 2940 haberi
934 2876 1038 2956 dehet,
1068 2878 1182 2941 Petram
1209 2893 1279 2939 esse
1300 2868 1469 2935 oecumeni-

92 3005 155 3050 cum
175 2988 323 3051 ecelesiae
345 2987 507 3051 catholicae
527 2996 626 3071 eaput,
654 3006 741 3070 quarn
764 2995 875 3050 certum
899 2994 944 3051 est
965 2987 1044 3068 quod
1063 2985 1167 3050 Paulus
1188 2983 1289 3062 tradit,
1314 2999 1380 3044 eam
1401 2994 1470 3041 esse

93 3096 126 3160 la
145 3099 253 3179 σῶμα,
268 3097 418 3179 ,φισάφισ
439 3098 572 3181 symbola
593 3096 639 3160 his
660 3096 759 3159 verbis
779 3095 927 3159 referunt:
957 3093 1089 3159 urceatim
1118 3098 1164 3167 εἰς
1189 3093 1267 3175 piar
1293 3078 1471 3162 καθολικὴν

91 3188 261 3283 daxirmlaro.

195 3325 266 3381 346.
308 3318 475 3381 Noluissem
503 3337 575 3382 vero
604 3318 783 3381 mentionem
805 3317 939 3399 Cypriani
967 3314 1157 3379 aDodwello
1171 3316 1213 3347 ¹⁴⁰
1238 3312 1388 3375 iniectam
1417 3324 1480 3371 no·-

92 3427 211 3492 luissem
241 3428 378 3510 Cypriani
405 3427 547 3510 suffragio
577 3427 709 3506 delendi,
740 3426 848 3490 eodem
875 3433 962 3508 pacto
981 3443 1132 3489 romanam
1154 3431 1184 3486 et
1205 3421 1471 3502 carthaginiensem

91 3539 249 3603 ecclesiam
271 3540 371 3601 roonri
392 3537 581 3618 catholicam,
610 3554 708 3618 neque
730 3535 795 3615 plus
814 3534 899 3599 Petro
920 3535 1044 3616 eiusque
1066 3533 1197 3613 vicariis,
1225 3550 1312 3613 qnam
1333 3526 1471 3611 apostolis

16 3747 27 3775 '
99 3710 108 3721 ⁴
156 3754 219 3829 ¹³⁰)
238 3757 318 3812 hiare.
340 3755 411 3813 XVI.
431 3756 486 3830 20,
514 3756 575 3813 het.
596 3755 628 3811 11.
650 3752 757 3827 (ἰν-12,
872 3753 932 3827 ’14)
953 3752 1031 3825 Apud
1053 3749 1228 3807 Athanasium
1248 3748 1278 3806 Τ.
1299 3749 1320 3805 1.
1346 3747 1415 3804 Part.
1437 3745 1471 3803 11.

93 3861 138 3919 xl.
162 3861 543 3938 tum20‚1tom.1.8,x.
567 3860 612 3918 18.
634 3860 693 3917 ooli.
715 3859 757 3916 Ps.
808 3877 870 3935 pag.
886 3859 954 3916 313.
976 3858 1041 3915 adit.
1062 3856 1261 3913 hlontlaueonii.

92 3967 164 4025 Xer
184 3971 212 4025 5·
873 3981 933 4056 ¹²⁵)
961 3981 1001 4037 01.
1030 3979 1153 4052 Symboli
1180 3977 1376 4050 expositionem
1402 3974 1473 4048 apud
1509 4056 1512 4063 .

157 4073 218 4148 ¹³¹)
239 4073 325 4146 Epist
339 4072 398 4146 mr,
421 4089 479 4128 cum
500 4088 551 4144 ou
572 4072 686 4127 marem
707 4072 758 4127 rso
809 4088 934 4161 opernm
955 4086 1130 4157 hierosolym.
1150 4084 1258 4141 camon.
1273 4081 1367 4140 xvnr
1388 4079 1473 4137 aas.

93 4179 192 4236 dehent
213 4196 247 4234 ex
267 4181 346 4252 epist.
360 4178 421 4236 XL:
450 4179 541 4253 „Deus
561 4194 627 4235 uuus
648 4183 703 4251 est,
730 4183 759 4233 et
873 4209 934 4285 m)
954 4226 980 4264 ῃ.
1002 4207 1071 4264 339·

94 4284 216 4342 Christus
236 4301 319 4358 onus,
344 4291 371 4341 et
390 4301 442 4342 una
462 4286 593 4360 ecclesia,
621 4291 649 4340 et
669 4284 759 4340 esthe-

93 4391 140 4447 (ιη
166 4408 218 4447 ¹¹⁰⁸
244 4407 324 4465 ⁸¹¹t’er
350 4391 453 4448 lenam
477 4392 585 4450 Domini
611 4405 680 4447 roes
704 4391 761 4445 iun·
877 4333 936 4408 m)
955 4333 995 4390 De
1017 4332 1082 4387 Μ’
1104 4329 1199 4385 ⁰⁰⁰¹⁰⁸‘
1221 4345 1284 4402 Μ’
1302 4326 1350 4383 ⁷⁸·

94 4497 188 4555 data.“
228 4498 301 4566 Quae
322 4498 472 4556 cotlredroe
490 4500 583 4555 raritas
604 4498 637 4553 ah
659 4497 759 4569 Optato

94 4603 122 4659 in
142 4604 229 4660 altero
255 4603 325 4661 lihro
346 4604 380 4660 de
400 4604 543 4662 schismate
561 4604 759 4661 lionatistsrum

93 4708 193 4765 dicitur
208 4711 303 4783 prima
322 4711 357 4768 de
378 4710 502 4783 dotibus,
530 4711 624 4782 quihus
645 4709 759 4765 ecclesia

94 4814 217 4885 peraget,
567 4826 572 4841 ι
875 4790 935 4864 ¹³⁹)
962 4789 1046 4857 Quam
1073 4789 1183 4847 unitatis
1205 4790 1342 4863 oripinem
1361 4803 1377 4845 a
1397 4785 1476 4843 Petro

162 4920 221 4995 rar)
241 4919 328 4992 Eum,
348 4919 439 4979 Lm
810 4896 969 4973 saepissime
989 4896 1071 4955 ducit.

163 5024 224 5101 ¹³³)
246 5025 343 5084 seleon
364 5026 391 5083 in
411 5026 509 5087 Jerea.
530 5024 559 5083 h·
582 5024 628 5085 tr.
878 5019 938 5097 ¹⁴⁰)
958 5035 985 5077 a.
1006 5016 1074 5077 ³41.

875 4457 935 4531 ¹³⁸)
955 4456 1028 4511 lione
1050 4459 1138 4508 aotam
1158 4453 1265 4509 radicis
1283 4450 1474 4524 proprietatem

810 4566 899 4636 Petro,
920 4568 1000 4634 atque
1022 4562 1156 4615 institutae
1177 4558 1211 4613 ah
1231 4573 1265 4615 co
1279 4557 1409 4614 ecclesiae
1423 4555 1476 4628 Cp-

810 4671 917 4743 prianus
938 4668 1088 4739 frequenter
1108 4665 1245 4723 adscribit.
