3374 5388
659 262 808 332 carm
849 266 909 334 vl.
1425 271 1487 332 iii

103 434 273 517 minem,
294 433 493 501 revocandam
511 452 581 500 esee
602 434 829 500 snisdnarunt.⁴
858 434 1055 501 Providebant
1074 437 1153 503 enim
1174 436 1230 502 viri
1250 435 1340 513 docti,
1360 436 1487 502 subacti-

104 565 160 629 que
179 546 291 629 ingenii
317 546 458 629 coniungi
478 545 565 610 mmul
584 553 748 627 atramque
764 552 934 626 opinionem
960 562 1021 609 non
1041 563 1146 628 posse,
1183 553 1214 610 et
1235 547 1315 629 quod
1336 566 1372 612 ea
1396 548 1488 612 verba

102 654 139 719 sd
157 655 271 719 Petrum
301 662 449 738 spectent,
481 663 512 720 et
537 655 617 739 quod
636 655 673 720 iis
695 656 783 721 Petro
809 655 936 720 eximiae
962 654 1114 720 cuiusdam
1143 656 1324 721 auctoritatis
1344 658 1485 740 primatus

100 782 158 828 nen
178 764 333 828 deleratur.
374 765 457 829 lianc
472 765 551 829 enlm
564 764 704 829 eximiam
717 783 946 849 supremamque
960 766 1163 829 auctoritatem
1179 764 1269 830 rerba
1283 767 1346 849 ipsa
1361 784 1485 850 praese·

103 873 209 954 lerunt,
237 892 332 957 eaque
352 875 560 957 perspicuitate
580 874 798 957 praeseiemnt,
832 894 908 958 qnae
929 873 1082 939 obscurari
1104 874 1270 940 nullatenus
1292 891 1383 957 posse
1406 875 1487 939 vidc-

104 991 173 1048 atir.
214 984 320 1049 Studiis
340 986 430 1067 igitur
450 983 554 1066 quibus
572 991 730 1067 potuerunt
752 986 886 1049 menna
911 984 1093 1068 persuadere
1108 985 1268 1049 lectoribus
1293 985 1391 1048 conati
1410 994 1488 1067 mint,

106 1110 163 1157 mn
182 1093 217 1158 nd
235 1093 351 1158 Petrum
372 1092 426 1157 sed
446 1092 483 1157 ad
504 1093 649 1157 Christum
671 1095 766 1177 ipsum
785 1093 959 1177 evangelica
974 1092 1064 1158 verba
1084 1095 1244 1177 pertinere.
1286 1092 1326 1158 At
1347 1114 1420 1159 vero
1440 1096 1488 1160 alii

104 1203 218 1267 ambio
236 1203 368 1287 plurimi,
398 1222 436 1267 ac
460 1209 646 1267 recmtteree
671 1202 805 1287 plerique
832 1221 937 1268 omnes
957 1205 1102 1285 partima
1132 1202 1283 1269 catholicis
1311 1205 1424 1283 edocti,
1453 1224 1489 1270 ae

102 1313 201 1395 partim
228 1314 275 1377 rei
307 1312 453 1379 evidentia
481 1312 624 1397 compulsi
651 1312 857 1378 defensionem
886 1311 937 1377 nh·
954 1310 1179 1394 cntmutcribur
1208 1321 1377 1397 susceptam
1404 1314 1487 1379 dimi-

100 1429 206 1501 serunt,
227 1430 257 1488 et
278 1421 432 1487 mthobeis
452 1422 527 1486 ulna
545 1422 745 1487 concodentes
766 1440 856 1486 unum
877 1421 1075 1505 eumdemque
1090 1440 1160 1487 esse
1181 1424 1231 1505 qui
1252 1420 1364 1506 πέτρος
1379 1425 1487 1506 quique

98 1536 192 1615 πάρα
210 1539 410 1616 nuncupatur,
438 1532 483 1596 cd
500 1530 756 1618 riprdfirettrsera
777 1532 919 1615 phraseos
948 1534 1152 1616 quaestionem
1181 1540 1270 1598 totam
1292 1550 1331 1597 eo
1358 1534 1484 1598 consilio

99 1650 288 1723 revocarunt,
314 1650 347 1707 ut
368 1662 408 1707 ex
432 1662 469 1708 ea
496 1649 619 1706 namuri
634 1642 873 1723 prudmcttcntr
896 1649 1066 1723 pmrncincr
1092 1644 1156 1707 erui
1177 1660 1267 1727 posse
1297 1643 1486 1708 conticerent

99 1752 179 1828 orci
208 1761 319 1818 uh'um·
338 1772 378 1817 ex
397 1754 488 1818 animi
516 1760 585 1816 uoto
613 1752 669 1816 illis
695 1752 888 1829 remanserit,
921 1770 957 1816 ea
978 1750 1095 1816 abunde
1117 1751 1341 1835 luculenterque
1363 1751 1486 1817 demon·

99 1870 187 1928 mant
206 1881 285 1947 qnae
306 1863 449 1929 hemana
471 1863 675 1927 disseminas.

200 1973 246 2038 lix
266 1971 314 2038 his
333 1990 424 2057 porro
451 1972 587 2037 emmona
612 1971 719 2055 liquet:
751 1972 772 2035 l.
804 1973 834 2035 in
856 1971 912 2036 hac
933 1972 970 2036 de
999 1972 1124 2055 primatu
1145 1972 1223 2036 Petri
1251 1971 1414 2037 decidenda
1436 1972 1486 2037 lite

97 2081 242 2147 &ridere
271 2079 312 2148 ed
337 2088 467 2146 cercesi
492 2088 704 2164 precinentes,
737 2099 773 2145 ac
794 2081 1021 2162 enimomnes
1049 2089 1237 2146 recentiores
1265 2083 1485 2147 contradicere:

96 2210 191 2276 neque
216 2193 251 2257 ll
287 2193 393 2275 queris
419 2208 538 2276 pugnae
567 2210 682 2277 genere
711 2191 933 2273 contradicere,
969 2191 1024 2256 sed
1052 2192 1228 2275 gravissimo
1260 2198 1290 2254 et
1316 2190 1353 2255 ad
1386 2199 1487 2273 pacm

96 2301 450 2383 mammisea
470 2303 645 2384 pertinente.
689 2301 743 2366 llio
765 2303 844 2365 enim
866 2301 972 2384 duplici
994 2320 1013 2365 e
1034 2303 1128 2384 capite
1149 2301 1277 2383 pendet,
1311 2300 1486 2367 reuberto

96 2414 218 2496 primurn
247 2411 288 2476 de
311 2429 371 2494 quc
391 2420 490 2494 partes
512 2413 650 2477 ambonis
672 2412 765 2494 accipi
787 2409 911 2493 debent,
939 2430 975 2474 ac
995 2432 1013 2473 e
1032 2410 1258 2497 atqntfircttone
1282 2411 1389 2477 deinde
1409 2432 1486 2496 quae

97 2522 151 2586 ibis
171 2521 356 2588 subiicienda
374 2530 429 2586 est
471 2523 562 2605 Atqui
583 2529 641 2585 um
664 2521 703 2585 de
723 2519 860 2585 subtecto
881 2521 1035 2602 orationis,
1065 2539 1152 2603 quam
1179 2521 1216 2586 de
1241 2529 1394 2603 potestate
1419 2542 1485 2586 ver-

97 2633 197 2698 borum
218 2632 416 2717 diqhdianmr
439 2638 653 2717 protestantes,
673 2639 703 2695 et
724 2630 802 2715 qnod
823 2636 1006 2694 retnetteree
1027 2630 1066 2694 de
1084 2628 1138 2693 illc
1158 2639 1277 2714 negant,
1299 2638 1485 2696 recentiores

96 2742 246 2823 mma
273 2762 365 2823 quen
384 2750 483 2806 numm
506 2741 538 2804 bt
558 2739 816 2827 siqnideattcnera
836 2740 1020 2823 praeierunt,
1041 2738 1088 2803 rin
1108 2738 1484 2831 absonnmuconlictamque

95 2855 295 2936 pcnmrdant
336 2850 415 2917 Nihil
442 2868 516 2916 vero
536 2851 583 2915 lll.
606 2850 663 2916 bac
682 2870 781 2936 pugna
801 2859 851 2915 aut
870 2849 1099 2933 protestantibus
1120 2848 1290 2939 insensior,
1318 2859 1369 2915 aut
1386 2851 1485 2915 setho
1512 2920 1515 2925 ,

96 2962 158 3027 bois
189 2967 400 3044 opportunae.
457 2960 536 3024 Nihil
564 2960 620 3026 illis
647 2961 806 3042 hdensius,
839 2979 930 3044 quum
958 2960 1096 3024 indicium
1126 2978 1162 3024 ca
1189 2961 1305 3024 sitnon
1327 2960 1484 3026 admodum

96 3071 255 3138 obserrrom
277 3072 388 3136 emeris
407 3072 438 3134 in
457 3088 516 3153 quc
530 3072 647 3153 ipsimet
668 3078 830 3135 versamur.
872 3069 950 3134 Nihil
964 3071 1093 3135 messim
1112 3070 1263 3135 catholicis
1285 3073 1485 3154 opportunius,

97 3200 220 3265 quorum
240 3199 347 3247 cerusa
367 3186 407 3245 tie
428 3188 505 3261 iprta
520 3186 719 3265 accersentia,
742 3180 847 3262 quibus
868 3198 902 3244 se
922 3187 1118 3264 protestantes
1133 3182 1283 3263 impetunt,
1306 3180 1485 3245 ualidissime

95 3293 247 3357 stabilitur.
290 3291 371 3358 Sicut
392 3292 471 3355 enim
490 3310 581 3355 unum
603 3290 800 3373 eumdemque
822 3308 892 3353 esse
913 3286 1045 3354 Peuma
1066 3297 1096 3353 et
1115 3299 1235 3370 petram
1256 3291 1291 3354 lis
1312 3289 1483 3371 ostenditur,

94 3421 170 3486 quise
183 3403 370 3467 recentiores
389 3409 491 3466 eontm
512 3403 691 3485 antiquiores
712 3407 868 3484 usurpant,
890 3402 929 3463 ita
949 3400 1058 3485 phrasi,
1080 3399 1134 3463 rei
1152 3400 1203 3463 ἐπὶ
1222 3398 1317 3485 ταύτῃ
1337 3399 1374 3483 τῇ
1387 3406 1485 3481 πέτρᾳ

95 3510 299 3597 οἰκοδομήσω
320 3532 384 3594 μου
414 3506 470 3590 rrir
489 3511 668 3593 deuinctam,
693 3531 871 3591 supremam
894 3510 1018 3594 exprimi
1038 3516 1253 3572 auctoritatem
1282 3510 1318 3574 iis
1347 3526 1482 3591 compro·

92 3621 190 3705 batur,
218 3621 324 3705 quibus
352 3625 532 3705 antiquiores
564 3629 762 3704 protestntes
790 3621 990 3684 recentiorum
1014 3618 1209 3700 corruptelam
1225 3612 1264 3682 ¹in
1293 3628 1480 3683 antecessum

94 3733 296 3816 profligarunt
795 3738 799 3745 '

199 3841 252 3906 list
280 3843 370 3925 igliur
397 3842 444 3905 li.
478 3858 532 3905 cur
555 3839 624 3905 heic
652 3848 818 3924 repetamus
844 3858 920 3922 quae
952 3841 982 3903 in
1014 3839 1159 3904 simillima
1189 3857 1294 3903 caussa
1325 3838 1480 3921 scripsit⁹⁸

91 3948 232 4015 lillerins:
262 3951 389 4036 „lingna
409 3953 488 4017 enim
508 3958 557 4014 etr
578 3957 624 4015 est
644 3952 801 4029 recitatis,
830 3967 906 4031 quae
936 3966 1003 4011 curn
1023 3969 1079 4030 per
1098 3970 1169 4012 rere
1183 3951 1210 3983 ’²
1240 3948 1362 4032 intelligi
1380 3949 1482 4031 possit,

90 4081 148 4140 per
167 4081 207 4124 ee
233 4068 336 4126 tamen
362 4067 431 4143 ipre
461 4082 541 4143 quoe
571 4066 600 4123 et
620 4060 829 4125 ndrerrcninr
857 4058 972 4123 elucet:
1000 4066 1032 4122 ut
1064 4058 1093 4122 in
1111 4066 1215 4121 natura
1246 4076 1299 4121 sua
1325 4058 1483 4147 immobilis

93 4188 226 4249 manens,
247 4170 412 4236 mitatem
431 4178 551 4235 naturae
571 4188 643 4235 suae
665 4169 794 4254 quotidie
815 4170 884 4232 dnm
904 4175 1059 4232 attentatur
1077 4168 1217 4251 acquirat.
1260 4166 1323 4232 Hoc
1337 4168 1416 4232 enim
1438 4188 1483 4231 er-

92 4277 208 4342 clerice
219 4286 378 4360 propriam
390 4284 419 4316 '³
441 4288 495 4361 est,
512 4284 544 4344 ut
557 4288 627 4344 tunc
640 4281 737 4344 vincat
750 4298 817 4343 curn
830 4278 965 4359 laeditur,
987 4286 1055 4341 tuno
1070 4277 1245 4361 intelligatur
1260 4296 1326 4341 oum
1341 4279 1483 4360 arguitur,

92 4396 163 4453 tuno
186 4388 316 4454 obthaeat
336 4408 402 4453 cum
425 4389 580 4455 descritur.
623 4390 734 4455 Omnes
765 4389 884 4471 quidem
912 4387 960 4452 illa
988 4406 1091 4453 secum
1119 4395 1206 4470 atquc
1234 4388 1309 4451 intra
1336 4407 1371 4451 se
1393 4385 1482 4450 vellet

156 4574 204 4649 ⁸⁸)
223 4574 264 4633 be
284 4573 377 4634 brinta
398 4576 445 4634 lib.
461 4577 519 4634 illi.
540 4594 567 4634 n.
582 4578 610 4632 4.
812 4577 977 4633 &manento
1001 4575 1124 4632 veritatis
1144 4573 1276 4648 loquitur,
1304 4580 1333 4630 et
1352 4588 1419 4648 quas
1439 4570 1479 4630 illl

157 4680 205 4756 ²⁷)
226 4680 335 4739 hemme
354 4683 437 4740 insito
458 4699 511 4757 quo
531 4683 668 4758 splendet,
694 4684 764 4742 uait·
812 4681 891 4737 dotes
910 4680 1012 4755 tribuit,
1033 4682 1095 4739 hnlc
1114 4683 1217 4755 pariter
1236 4681 1375 4755 adscribit,
1397 4678 1429 4736 ac
1449 4681 1483 4737 de

93 4786 191 4860 r'uqne
210 4789 374 4860 muscha
395 4780 492 4863 quibes
511 4788 654 4846 stabilitur.
813 4791 923 4859 aurqna
943 4787 1067 4860 afirmat,
1088 4805 1146 4847 sce
1163 4789 1252 4846 solare
1270 4789 1338 4858 nir,
1358 4788 1409 4844 red
1424 4786 1481 4843 ad-

157 4891 206 4966 ”)
237 4893 375 4952 Praeclare
405 4896 522 4954 Hilarius
552 4895 650 4954 eodem
682 4900 763 4970 paeto
811 4896 981 4952 merrom
997 4910 1104 4976 quoque
1121 4893 1330 4974 irretiipeedcm
1349 4908 1410 4952 esse
1425 4891 1480 4949 dc-

94 4999 130 5058 de
154 5000 291 5076 cmm,
321 5002 409 5081 deque
438 5004 560 5065 sectam
588 5002 709 5064 celenna
736 5008 766 5064 et
812 5001 921 5063 cm.
