3266 5416
133 390 138 399 ·
234 367 253 423 2
755 360 1087 428 Pauuuaontmtn

236 529 385 611 expedire,
408 536 439 591 ut
461 527 564 590 eadem
585 529 739 591 multomm
762 530 878 611 studiis,
900 531 1066 613 vigiliisque
1088 536 1255 611 tractentur,
1279 547 1367 610 quum
1387 547 1485 611 neque
1509 531 1608 613 singu

234 639 329 703 lorum
358 657 448 721 opera
474 638 504 699 in
532 639 660 700 omnium
687 657 790 702 manus
818 640 949 722 veniant,
976 658 1073 722 neque
1095 640 1172 702 idem
1193 638 1327 707 omuibus
1350 640 1387 703 sit
1409 648 1531 723 gustus,
1564 644 1608 704 set

235 749 282 811 alii
304 748 383 827 aliis,
407 746 650 829 quemadmodum
670 748 836 831 saporiuus,
868 752 906 812 ita
933 750 1167 829 commentariis,
1196 748 1502 830 lucubrationibusque
1530 750 1608 813 dele-

234 865 356 920 ctentm.
400 857 571 923 Accedebat
590 859 644 939 rei,
667 877 754 940 quam
775 859 959 938 versandam,
983 857 1245 940 expellendumque
1267 859 1471 941 suscipiebam,
1494 878 1605 923 summa

177 1016 181 1021 .
234 970 371 1049 gravitas,
394 974 480 1049 atque
502 968 679 1032 incredibilis
700 968 827 1047 ubertas,
851 987 972 1049 quarum
993 967 1042 1030 illa
1064 969 1192 1031 omnium
1213 970 1361 1050 postulare
1382 987 1503 1050 operam
1527 971 1606 1032 vide-

232 1076 329 1159 batur,
356 1077 431 1140 haec
459 1087 554 1141 autem
585 1097 651 1142 eum
680 1078 829 1158 aperiebat
855 1098 1004 1161 campum,
1033 1099 1050 1143 e
1079 1097 1153 1160 quo,
1180 1078 1224 1140 sin
1253 1080 1348 1141 minus
1370 1098 1445 1161 quae
1467 1088 1607 1159 meteres,

232 1195 420 1269 suppeterent
445 1197 542 1251 tamen
572 1207 647 1270 quae
676 1187 835 1251 dellomres
862 1208 897 1252 ac
924 1188 1087 1270 relegeres.
1139 1186 1243 1270 Neque
1271 1197 1420 1271 postremo
1446 1191 1606 1271 numeria,

231 1296 300 1359 inde
323 1312 440 1379 quaque
464 1298 607 1380 erigendi,
629 1297 877 1381 confirmandique
898 1299 986 1361 animi
1007 1299 1194 1360 occasionem
1213 1298 1281 1360 milri
1296 1284 1420 1380 aliquam
1435 1318 1504 1363 esse
1521 1301 1608 1364 obor-

231 1412 304 1488 tam,
336 1407 414 1488 quod
442 1409 622 1489 suspicarer,
652 1416 682 1471 et
709 1410 814 1471 sunrmi
843 1407 982 1489 ponderis
1003 1409 1140 1471 veritates
1161 1408 1285 1488 pleniori
1307 1408 1431 1490 quadam
1452 1410 1520 1472 luce
1541 1430 1609 1494 per-

230 1516 310 1579 fundi
333 1535 436 1599 posse,
462 1525 492 1580 et
511 1517 677 1581 salebrosas
700 1519 887 1598 quaestiones
908 1517 1088 1583 manifestius
1109 1517 1302 1599 complanari,
1322 1519 1460 1582 nonnulla
1480 1538 1554 1582 vero
1579 1524 1610 1583 in

230 1626 356 1690 medium
381 1626 515 1709 proferri,
537 1646 612 1710 quae
630 1636 680 1691 aut
698 1646 801 1709 pressa
822 1626 948 1708 silentio,
968 1635 1016 1691 aut
1035 1627 1184 1690 levissime
1205 1627 1299 1691 solum
1322 1631 1485 1712 perstricta,
1512 1630 1607 1712 digna

229 1742 327 1799 tamen
350 1743 450 1817 erant,
484 1755 559 1817 quae
581 1745 612 1800 et
632 1739 890 1801 considerarentur
906 1739 1048 1817 intimius,
1061 1766 1065 1773 ·
1078 1744 1108 1800 et
1129 1736 1249 1800 validius
1272 1737 1475 1803 stabilirentur.
1516 1738 1609 1802 Prae·

229 1847 330 1909 sertim
360 1865 448 1927 quum
470 1865 612 1909 novorum
639 1848 829 1929 interpretum
856 1855 977 1911 conatus
999 1851 1028 1928 ⁴,
1060 1865 1095 1909 ac
1116 1855 1324 1929 pmeposterae
1345 1847 1454 1912 Baetae
1475 1853 1505 1930 ⁸,
1536 1849 1607 1912 Ale-

228 1955 331 2018 xandri
359 1954 483 2018 llueller
503 1958 531 2037 ⁶,
561 1956 786 2020 Bretschneider
806 1962 836 2039 ⁷,
864 1956 999 2021 Paulus⁸
1030 1964 1060 2019 et
1081 1956 1236 2020 lluinoel’
1267 1960 1478 2040 expositiones,
1506 1979 1606 2041 neque

229 2064 348 2146 instingi
375 2066 505 2146 penitus,
533 2083 631 2146 neque
658 2066 742 2129 aliter
765 2068 915 2150 prolligari
945 2067 1071 2130 funditus
1097 2085 1186 2149 passe
1215 2068 1374 2132 videantur.
1422 2068 1521 2143 Quare
1551 2070 1606 2133 cela

228 2172 302 2256 θεῷ
323 2193 462 2256 exequar,
490 2174 568 2256 quod
589 2177 684 2238 animo
707 2176 858 2259 destinavi,
884 2186 914 2241 et
933 2186 1118 2261 praeceptam
1141 2186 1249 2260 mente,
1272 2180 1505 2260 delineatamque
1523 2179 1605 2243 tabu·

228 2281 287 2344 lam
316 2282 462 2347 coloribus
492 2284 641 2366 excitabo,
670 2285 919 2368 contendamque,
941 2295 972 2350 ut
992 2289 1036 2352 sin
1061 2290 1156 2352 minus
1178 2288 1300 2371 elegans
1322 2307 1358 2351 ao
1378 2296 1514 2369 venusta,
1546 2308 1605 2351 non

228 2393 349 2455 omnino
370 2394 473 2457 saltem
495 2395 635 2460 deformis
656 2396 870 2477 inspicientium
892 2396 985 2460 oculis
1007 2398 1182 2461 subiciatur.

764 2756 996 2880 annua
1043 2785 1074 2879 ι.

547 2982 663 3049 Fontes
690 2993 886 3050 tractationis
908 2998 1106 3071 aperiuntur.-
1130 3026 1163 3038 -
1194 2987 1344 3053 Vincentti
1364 2988 1540 3066 lerinensis,
1576 3000 1606 3055 et

438 3117 572 3159 consono
593 3095 782 3177 relictionem
799 3095 938 3177 Petrum,
960 3123 998 3164 ac
1016 3097 1150 3164 Thomna
1171 3106 1325 3181 aquinatis
1346 3096 1501 3185 suffrnyia
1521 3099 1603 3161 ind'e

439 3212 567 3269 cantur.-
593 3242 625 3253 -
651 3207 688 3269 de
710 3208 821 3270 &ninia
842 3208 956 3273 litteris
977 3216 1155 3273 rteminutim
1176 3218 1289 3296 agitur,
1312 3210 1407 3289 deque
1426 3228 1517 3285 ntra,
1538 3228 1606 3287 pua

438 3325 581 3380 contento
600 3317 709 3380 ι’ίιάεηι
730 3325 904 3382 testimonio
926 3321 1059 3402 expendi
1080 3317 1186 3384 debent
1209 3330 1300 3401 atque
1321 3314 1464 3384 adhiberi.

337 3601 361 3659 1.
385 3545 461 3662 Ean
480 3600 569 3663 multa
591 3604 688 3665 animo
708 3611 924 3685 succurrerent,
947 3623 1042 3685 eaque
1061 3624 1121 3668 non
1142 3623 1263 3688 morsus
1280 3603 1475 3683 incommoda,
1498 3600 1606 3683 quibas

226 3708 466 3770 commentarium
493 3710 571 3774 huno
597 3732 694 3775 meum
727 3711 764 3774 de
785 3715 998 3796 praerogativis
1018 3714 1110 3794 Petri,
1138 3734 1173 3777 ac
1194 3732 1330 3797 suprema
1359 3714 1491 3776 eiusdem
1519 3719 1607 3793 pote-

225 3823 300 3883 stne
319 3817 503 3901 auspicarer3
523 3820 643 3902 reliquis
657 3829 755 3885 nmen
777 3822 911 3886 omnibus
932 3822 1126 3903 praeferenda
1149 3824 1310 3887 existimavi
1333 3842 1409 3905 quam
1430 3824 1468 3886 de
1487 3823 1606 3884 ratione

225 3927 351 3991 habendi
373 3927 556 4010 theologicas
578 3934 793 3995 controversias
816 3933 986 3995 Vincentius
1006 3933 1160 3996 lerinensis
1181 3934 1239 3996 iam
1261 3934 1329 3997 inde
1350 3953 1366 3996 a
1388 3935 1488 4014 quinto
1503 3932 1606 3994 eccle·

225 4039 287 4101 siae
316 4037 435 4101 saeculo
466 4040 684 4103 accuratissime
705 4042 842 4105 delinivit
887 4042 958 4107 Sunt
983 4043 1061 4104 enim
1084 4044 1213 4125 apprime
1234 4044 1392 4125 luculenta,
1422 4044 1460 4107 ad
1480 4042 1606 4106 catholi-

225 4166 289 4210 cam
320 4147 454 4230 regulam
476 4149 688 4230 perfectissime
712 4171 869 4235 expressa,
899 4159 930 4216 et
952 4155 1093 4215 maiorum
1115 4155 1284 4217 auctoritate
1306 4173 1341 4217 ac
1362 4154 1515 4217 traditione
1538 4154 1607 4235 ple-

292 4336 320 4411 ⁴)
344 4337 384 4393 De
403 4337 445 4392 laia
467 4337 559 4394 couler
579 4338 751 4415 disserentem
764 4340 891 4410 Augusti·
1004 4342 1032 4416 ⁷)
1065 4341 1210 4398 llaudbuch
1235 4341 1284 4398 der
1306 4340 1454 4412 Dogmatils
1484 4341 1533 4398 der
1563 4341 1606 4397 lu-

223 4459 285 4500 num
305 4443 344 4500 De
365 4442 526 4516 ltookouanp
553 4448 580 4502 in
601 4447 747 4519 operette
767 4448 890 4506 Primam
939 4446 1089 4504 theriachen
1118 4448 1223 4505 llirclno.
1263 4449 1292 4505 3.
1322 4448 1445 4520 dudage.
1491 4446 1606 4519 Leipzig

168 4588 174 4601 .
224 4551 341 4608 Romam
363 4550 505 4623 Pontificia
525 4555 624 4627 capt
651 4555 677 4628 s.
699 4554 727 4612 2.
940 4551 1024 4610 1828.

281 4660 309 4734 ⁸)
343 4658 371 4715 ln
403 4674 485 4731 opere
514 4660 660 4734 inscripto:
697 4664 752 4721 llas
782 4665 887 4722 Suchen
1002 4661 1030 4736 ⁸)
1061 4661 1405 4732 Philologiaolr·kritisclrer
1432 4659 1486 4717 und
1514 4659 1606 4715 amto-

223 4765 291 4822 aach
310 4764 461 4822 Walarheit.
502 4766 614 4840 Leipzig
636 4768 721 4826 1823.
936 4768 1037 4824 tucher
1051 4768 1221 4826 Commentm
1241 4768 1308 4825 uber
1327 4769 1375 4825 das
1396 4767 1428 4823 ll.
1450 4766 1480 4822 Τ.
1496 4742 1604 4837 Euang.⁴

291 4872 318 4948 ⁶)
339 4873 367 4930 ln
388 4889 483 4947 opere:
504 4874 633 4933 Preussen
653 4876 705 4932 und
725 4875 828 4946 Bapem
849 4876 885 4932 im
935 4875 1025 4931 llatth.

222 4981 388 5039 concordate
415 4984 464 5039 mit
490 4979 566 5040 llum.
597 4982 726 5039 Nemtadt
752 4999 777 5037 a.
804 4983 831 5039 d.
852 4981 884 5038 0.
1003 4979 1033 5051 ’)
1060 4977 1088 5034 lu
1112 4995 1208 5037 comm.
1227 4980 1261 5036 ad
1279 4980 1370 5038 llattla.
1390 4979 1460 5037 XVl.
1482 4985 1510 5035 et
1537 4979 1602 5037 Joh-

223 5087 308 5147 1824.
934 5084 1004 5142 lllll.
