3266 5416
583 356 730 425 CAPUT
770 359 827 422 111.
936 419 943 427 ,
1355 360 1394 418 at

48 534 137 593 matum
154 527 227 593 Petri
246 527 387 612 suffragio
407 526 581 593 Ttaditionis
598 527 800 610 comprobare.
842 524 985 608 Principio
1005 524 1083 589 enim
1100 523 1255 588 ostendant
1274 531 1398 606 oportet,

47 638 222 721 repositiones
249 638 405 702 bibliorum
433 657 450 702 a
474 639 618 702 sententia
639 637 812 700 Traditionis
834 635 944 699 alienas
966 652 1004 698 eo
1025 651 1094 697 esse
1114 633 1249 716 indignas
1270 634 1399 713 nomine,

44 767 74 810 ac
89 749 146 812 iuro
161 749 262 811 marito
283 748 360 811 inter
380 746 560 829 corruptelas
583 745 699 809 haberi:
721 753 781 809 tum
803 743 960 808 ostendere
982 749 1012 807 et
1031 741 1102 805 illud
1116 741 1232 822 debent,
1254 743 1398 823 interpre-

43 856 163 920 tationem
190 873 226 919 eo
254 856 374 939 dignam
400 857 518 919 nomine
549 854 647 919 afferri
672 855 758 919 aliam
787 872 846 917 non
866 871 974 935 posse,
1005 852 1061 914 nisi
1083 869 1158 933 quae
1180 868 1247 914 cum
1269 851 1400 916 doctrina

44 964 194 1028 Traditimls
214 965 391 1030 adamussim
411 967 582 1030 consentiat

132 1096 177 1154 26.
219 1090 275 1166 Oui
301 1099 454 1172 utramque
482 1091 606 1155 obierint
626 1098 753 1173 partem,
781 1089 812 1152 hi
831 1087 926 1153 solum
948 1088 1064 1152 censeri
1084 1092 1207 1169 possunt
1229 1085 1397 1169 Tladtiom,

42 1194 190 1281 sesamis,
218 1198 288 1263 fidei
316 1200 464 1281 deposito,
493 1207 579 1282 atque
606 1202 662 1282 ipsi
683 1199 758 1263 adeo
779 1200 892 1262 veritati
913 1197 1116 1280 prospexisse:
1144 1204 1230 1277 atque
1253 1196 1284 1259 hi
1303 1196 1398 1260 solum

41 1307 87 1371 sili
103 1326 158 1370 non
177 1309 281 1398 inimia
304 1306 494 1391 pollicentur,
517 1322 554 1372 e‘o
573 1317 747 1392 argumento
770 1328 786 1372 a
807 1326 841 1372 se
865 1324 998 1397 caussam
1020 1304 1147 1389 delendi,
1171 1305 1249 1387 quod
1271 1308 1398 1370 omniurn

41 1416 116 1500 longe
140 1417 361 1499 caldissimum,
391 1419 509 1481 nemine
539 1417 746 1499 dissentiente,
784 1418 974 1480 existimetur.
1017 1415 1107 1478 Huius
1136 1418 1300 1498 argumenti
1327 1434 1398 1479 usus

40 1524 160 1607 nequens
187 1533 231 1590 est
264 1527 342 1608 apud
368 1527 484 1609 Patres,
517 1536 547 1591 et
575 1527 660 1609 quale
689 1525 760 1590 illud
787 1528 839 1607 sit,
872 1542 933 1589 non
959 1543 1018 1588 uno
1045 1526 1076 1587 in
1108 1523 1175 1588 loco
1207 1524 1399 1588 Tertullianus

41 1633 158 1699 declarat
197 1634 262 1699 lluc
295 1636 374 1698 euim
402 1636 456 1699 ista
483 1639 629 1718 pertinent
642 1640 686 1699 ²⁶:
730 1634 794 1717 „Ex
821 1636 884 1716 ipso
907 1633 1010 1697 ordinm
1031 1632 1246 1715 manifestatur,
1272 1632 1301 1696 id
1330 1651 1398 1696 esse

43 1740 196 1807 dominicum
220 1752 252 1809 et
278 1763 382 1808 verum
411 1744 490 1827 quod
518 1747 556 1810 sit
580 1748 661 1831 prius
688 1744 839 1827 tradimm3
869 1744 899 1808 id
926 1750 1023 1809 autem
1045 1750 1217 1807 extraneum
1238 1749 1268 1805 et
1295 1742 1398 1805 lslsum

44 1851 107 1933 quod
129 1855 164 1917 sit
189 1856 336 1937 posterius
363 1856 556 1919 immissum.“
597 1855 669 1918 Tum
698 1854 792 1935 haec,
822 1854 926 1936 quihus
960 1853 1151 1918 exsultantem
1165 1854 1192 1887 ‘¹
1220 1850 1399 1916 Marcionem

43 1963 194 2044 mmpescit:
237 1962 331 2045 „Quis
360 1965 437 2028 inter
464 1982 519 2028 nos
540 1963 759 2045 determinabit,
787 1964 842 2027 nisi
863 1964 1003 2045 temporis
1025 1963 1116 2043 ratio,
1146 1962 1174 2024 ei
1194 1936 1398 2043 praescribens

42 2073 232 2154 auctoritatem,
260 2073 342 2156 quod
370 2075 513 2157 andquius
540 2073 718 2156 reperiatur,
756 2079 786 2136 et
812 2074 840 2136 ci
867 2072 1070 2155 praeiudicans
1097 2072 1290 2152 vitiationem,
1321 2070 1400 2153 quod

40 2182 164 2259 posterius
189 2180 402 2248 revinceturl“
443 2183 527 2247 Unde
555 2183 750 2266 Hieronymus
764 2185 809 2244 ²²:
852 2183 931 2265 „Cur
955 2190 1023 2265 post
1048 2182 1277 2265 quadringentos
1305 2200 1398 2245 annos

7 2348 8 2351 ,
40 2287 132 2354 docere
159 2310 214 2355 nos
245 2294 350 2357 niteris
382 2291 461 2375 quod
491 2300 559 2355 ante
590 2293 767 2355 nescivimus
775 2288 811 2355 l“
841 2299 872 2355 et
900 2291 1082 2355 Caelestinus
1095 2295 1123 2326 ²³
1148 2291 1251 2357 eadem
1282 2298 1396 2355 mente:

40 2392 236 2482 ,Conipiantur
262 2401 444 2483 huiusmodi,
473 2420 532 2465 non
559 2403 597 2464 sit
623 2401 679 2466 illis
700 2402 823 2465 liberum
845 2401 955 2465 habere
976 2421 1030 2484 pro
1052 2400 1198 2465 voluntate
1219 2419 1396 2466 sermonem.

39 2505 139 2572 Danau
165 2511 319 2576 incessere
351 2514 464 2575 novius
497 2512 699 2575 vetustatem.“
740 2510 844 2593 Neque
877 2511 961 2575 aliter
991 2510 1087 2576 Sixtus
1101 2514 1128 2544 ²⁴
1159 2510 1243 2573 huius
1271 2510 1396 2573 nonanis

39 2618 136 2683 tertius:
176 2620 276 2704 „Nihil
295 2620 370 2685 ultra
390 2621 476 2685 liceat
493 2621 628 2702 nuduli,
651 2622 718 2704 quia
739 2620 808 2684 nihil
829 2620 895 2684 addi
917 2623 1053 2685 convenit
1073 2621 1237 2685 vetustati.“

127 2744 218 2820 Ouum
235 2749 336 2828 itaque
357 2754 435 2811 tanta
455 2749 493 2811 sit
513 2748 686 2828 antiquitatis
707 2747 849 2828 dignitas,
878 2753 909 2810 et
930 2753 989 2810 um
1010 2746 1105 2811 valida
1126 2766 1201 2830 quae
1224 2764 1263 2811 ex
1283 2754 1395 2830 tempo·

43 2867 91 2913 nm
110 2855 208 2919 ordine
234 2857 429 2938 praescriptio
451 2857 599 2939 dirigitur,
629 2857 763 2939 quinam,
791 2873 919 2938 quaeso,
945 2855 983 2919 ad
1005 2862 1176 2919 vetustatem
1197 2856 1398 2939 provocabunt

44 2959 223 3046 mandis,
246 2984 284 3030 ac
312 2967 452 3048 temporis
477 2967 707 3048 praescriptione
734 2971 850 3028 utentur
877 2966 1027 3045 securius,
1053 2983 1140 3047 quaem
1163 2965 1199 3047 ii,
1228 2968 1277 3047 qui
1297 2967 1394 3046 certis,

43 3069 234 3157 exploratisque
254 3074 415 3139 rationibus
435 3074 640 3158 patefecerint,
671 3074 831 3138 doctrinam
859 3073 1025 3137 Traditionc
1049 3081 1199 3156 acceptam
1219 3074 1290 3138 nihil
1310 3093 1396 3158 prae-

41 3276 92 3350 aqu
108 3280 221 3340 loederia
236 3284 401 3341 testimoniis
415 3290 506 3341 contra
520 3285 683 3356 socinianos,
732 3281 915 3358 terpretationi
936 3297 1042 3358 eorum,
1070 3300 1138 3357 quae
1157 3300 1192 3340 ex
1212 3284 1318 3358 antiquo
1338 3284 1396 3341 loe·

40 3392 224 3446 nnomtrautes
248 3394 278 3447 et
301 3389 482 3447 rauondiaue
507 3389 682 3446 vindicantur.
732 3390 796 3447 dare
816 3389 977 3464 allegantur,
998 3390 1187 3467 impulerat,
1212 3392 1235 3447 si
1255 3391 1394 3467 sociniaui,

40 3485 143 3550 Proiecto
161 3495 230 3569 siqui
251 3495 281 3552 id
301 3495 354 3552 sihi
373 3497 463 3552 onena
485 3497 635 3569 imponunt,
655 3501 684 3551 ut
731 3501 937 3553 remonstraates
958 3502 985 3552 et
1003 3495 1185 3553 rationalistae
1211 3498 1305 3554 merito
1332 3514 1395 3556 con·

41 3582 155 3668 ἅρμωίαν
171 3603 241 3657 inter
260 3607 399 3675 atrumque
418 3608 540 3677 pactum,
562 3602 683 3659 christia·
730 3602 883 3675 teuderent,
914 3607 1068 3674 argumenta
1088 3620 1104 3659 a
1123 3598 1228 3675 legibus
1257 3611 1395 3662 accuratas

40 3714 133 3776 nanque
151 3704 407 3764 demonstrationem
427 3722 519 3764 eruere
538 3686 601 3765 inde
619 3724 683 3783 pos-
732 3708 958 3782 interpretationis
979 3708 1133 3784 desumpta,
1161 3710 1255 3783 quibus
1280 3717 1392 3786 amatur,

41 3804 95 3880 tint,
118 3825 225 3869 maesse
253 3818 297 3869 est
320 3812 520 3889 demonstrent:
551 3813 572 3869 l.
597 3814 681 3871 refodi
731 3814 793 3871 talia
820 3830 895 3889 esse,
924 3820 954 3870 ut
980 3814 1050 3871 eludi
1076 3817 1181 3889 quidem
1206 3819 1323 3892 possint,
1355 3818 1394 3874 iu·

41 3907 95 3969 lam
118 3930 194 3988 aegre
219 3933 303 3992 posse
329 3934 398 3991 qnae
424 3926 621 3996 congeruntur,
653 3926 682 3977 ut
731 3921 811 3993 iringi
831 3925 859 3976 et
877 3894 986 3977 salutari
1006 3936 1060 3978 non
1080 3923 1192 3995 possint.
1233 3922 1289 3990 Qua
1310 3923 1344 3979 de
1362 3939 1393 3980 re

40 4016 181 4086 tissullcatio
211 4023 299 4080 edatis
328 4025 448 4082 subiecta
474 4026 508 4081 V.
530 4024 559 4082 T.
588 4025 621 4081 ab
649 4042 680 4083 ea
730 4026 864 4099 praeclare
893 4027 1001 4084 disserit
1030 4027 1196 4084 Godolredus
1223 4027 1393 4100 Hegelmaier

41 4118 127 4182 ὥνια
139 4129 301 4205 ostendatur,
317 4147 386 4202 quae
400 4130 539 4188 adhibetur
552 4133 579 4188 ia
592 4147 680 4189 novo:
730 4134 756 4189 iu
776 4132 1004 4191 Commentatione
1030 4134 1336 4206 historico-theologica
1357 4134 1390 4191 de

42 4227 85 4282 tm
105 4229 136 4287 lt
158 4233 254 4292 idonea
283 4241 391 4309 praesto
421 4253 482 4293 esse
511 4245 679 4315 argumenta,
729 4245 800 4296 recta
827 4242 930 4297 ratium
955 4240 1145 4313 interpretandi
1171 4256 1238 4313 quae
1264 4258 1279 4296 e
1305 4241 1338 4298 V.
1361 4240 1389 4297 T.

43 4332 120 4401 Tibul
144 4340 299 4416 suadeatur,
332 4344 513 4415 acceptionem
544 4345 571 4401 in
596 4344 627 4401 ll.
650 4346 679 4402 Τ.
729 4345 755 4401 in
775 4361 846 4402 novo
868 4345 1022 4418 allegantur.

43 4448 171 4511 wpatm
189 4461 247 4503 cum
259 4463 291 4504 aa
305 4450 468 4525 ecmannus,
489 4466 556 4523 qnae
576 4452 681 4509 obtinet

44 4538 162 4605 iuream.
202 4551 257 4609 Sed
282 4568 370 4609 nonne
393 4554 541 4612 decretoria
567 4563 624 4630 eat,
652 4565 680 4614 et

44 4658 81 4715 pu
95 4651 150 4709 ldei
167 4636 309 4716 faciendae
321 4661 481 4734 auctoritas,
502 4678 553 4734 qua
566 4662 680 4735 scripto·
789 4639 834 4716 αι)
856 4640 920 4698 ⁰⁰¹¹·
941 4642 1022 4698 Hm·
1042 4639 1087 4697 lib·
1101 4640 1147 4698 W·
1169 4658 1228 4715 0³1)-
1241 4641 1287 4697 IV·

46 4764 78 4807 Μ
93 4755 120 4814 Ν·
138 4759 165 4816 Τ·
190 4753 312 4835 T⁰fl⁰⁰l²
340 4779 420 4822 ”0¹⁰⁰
446 4772 488 4822 ὅ*
512 4766 679 4825 ⁰¹¹¹¹⁰d⁰¹⁰'
788 4786 834 4863 Η)
853 4787 938 4862 llplst.
958 4788 992 4847 ad
1012 4789 1160 4847 Pammach.
1181 4797 1209 4848 et
1229 4790 1371 4848 Oceanum.

47 4867 103 4935 Μ,
119 4866 159 4936 qni
176 4883 208 4924 ea
227 4869 260 4927 de
279 4886 309 4927 re
327 4870 403 4927 litem
422 4877 537 4928 moreat.
576 4873 678 4932 llilailo·

48 4959 114 5023 ΝΜ
130 4986 299 5049 quecumque
313 4975 420 5034 uadem
440 4978 613 5053 existimetur,
633 4981 677 5038 rel

7 5130 9 5161 t
48 5062 139 5133 mu
156 5083 276 5143 ‘mmm
300 5082 417 5158 Ῐῑθθῐθῑ,
442 5083 485 5140 rel
505 5083 618 5143 nudae
636 5086 677 5144 itt·
787 5083 833 5160 ²⁴)
852 5082 938 5157 ltptat
958 5082 994 5141 ad
1012 5079 1157 5137 schamem
1177 5074 1369 5133 antiochenum.

790 4492 1080 4569 ²⁰)1terraeacripn.
1101 4508 1158 4565 cap.
1179 4490 1273 4549 xxxx

788 4937 833 5015 ²³)
853 4936 938 5012 Epist
960 4938 994 4995 &d
1014 4938 1155 5010 eplflwpos
1176 4938 1283 4997 Galliac.
1388 4964 1392 4971 -
