3324 5382
240 308 303 369 594
727 306 859 375 utum
900 308 1135 376 SECUNDUS

240 482 384 557 quatenus
404 474 442 538 de
461 492 638 560 unoquoque
658 478 815 542 consume
841 480 946 543 dicim
973 479 1054 561 quod
1080 479 1119 543 sit
1144 475 1230 558 plebe
1256 478 1410 544 sacerdoti
1435 479 1612 557 enadunau,

240 592 270 647 el
287 592 408 665 parturi
428 607 487 649 nuo
503 607 586 671 grec
607 584 788 650 comens.
829 587 875 652 Ex
893 589 1006 653 uuitute
1025 590 1116 672 igitur
1134 587 1299 652 sacerdonis
1326 607 1363 652 uc
1396 589 1538 670 postoris,
1570 590 1613 652 cui

240 695 407 777 singulares
427 696 531 778 plebes
560 696 736 777 adbaerent,
772 698 868 762 unitus
899 698 1080 781 siugndnrum
1112 697 1305 762 ecclesiarum
1333 700 1432 762 existit
1456 717 1493 763 nc
1518 697 1612 782 prodit
1653 722 1654 725 ¹

240 804 328 868 blodo
350 814 448 870 aulem
470 825 530 872 non
553 806 686 871 dissimili
703 808 800 871 umus
821 808 1007 872 oecumenici
1034 810 1161 890 pastoris
1188 826 1293 873 caussa
1319 815 1366 873 est
1392 810 1613 892 principiumque

241 914 318 978 illius
338 918 471 997 unitatis,
506 934 563 1000 qua
585 916 728 980 catholica
750 935 870 1000 quoque
893 918 1021 982 ecclesia
1040 935 1099 981 unu
1120 925 1166 982 est
1189 918 1396 1000 crediturque;
1428 918 1505 983 odeo
1529 925 1559 982 ut
1581 916 1614 981 nd

242 1024 398 1089 ecclesiam
421 1044 539 1109 quoque
566 1026 739 1090 catholicam
766 1028 911 1109 pertineat
935 1027 1072 1111 Cypriani
1099 1026 1272 1110 descriptio,
1308 1028 1387 1111 quod
1413 1049 1452 1091 eo
1472 1034 1513 1091 cit
1536 1023 1613 1108 pledr

243 1135 397 1198 sacerdoti
418 1136 603 1213 coodunata,
623 1143 652 1199 et
672 1143 793 1216 pastori
813 1157 871 1201 ruo
888 1157 973 1221 pree
994 1133 1176 1200 udicerenu

348 1244 453 1328 Neque
475 1248 553 1310 enim
576 1246 632 1311 alia
654 1253 702 1311 est
721 1245 808 1310 buius
829 1246 1035 1329 descriptionis
1048 1244 1198 1329 formulis
1215 1255 1372 1327 potentur,
1394 1266 1485 1330 quum
1503 1246 1540 1311 ad
1557 1251 1613 1309 mni

241 1353 394 1419 cerealem
418 1354 596 1434 eccleciam,
632 1354 839 1437 ecclesiaeque
856 1354 1064 1436 particulares
1083 1355 1226 1438 releriur3
1261 1356 1316 1421 sed
1342 1357 1502 1421 discrimen
1531 1363 1613 1420 toltnm

241 1463 402 1528 materiale
421 1473 476 1540 est,
499 1483 597 1549 eoque
617 1465 702 1547 redit,
724 1473 756 1528 ut
768 1486 828 1547 pro
847 1464 1000 1530 alterutra
1021 1465 1170 1529 relatione
1189 1465 1246 1530 ulia
1266 1467 1304 1530 sit
1324 1485 1360 1531 ac
1380 1467 1500 1532 diversa
1520 1483 1613 1531 vocum
1652 1490 1654 1527 n

239 1571 338 1655 plebis
358 1582 447 1658 utque
466 1585 571 1662 propio
592 1576 735 1639 extensio.
777 1575 873 1651 Ouum
893 1578 973 1640 cuim
994 1573 1195 1656 particularis
1209 1575 1338 1640 ecclesia
1352 1576 1534 1655 describitur,
1554 1592 1613 1658 pre

243 1686 307 1767 gis,
338 1684 493 1768 plebisque
515 1685 710 1768 appellatione
727 1693 826 1766 portio
847 1687 963 1749 veuit⁴⁸
986 1685 1119 1770 conpulit
1139 1683 1369 1763 nuendotibun,
1390 1683 1613 1766 parvulusque

242 1796 417 1876 adscripto,
438 1814 572 1879 quaeque
584 1800 610 1830 ⁴⁴
633 1819 654 1860 a
674 1794 806 1881 nmquitr
826 1802 859 1858 tn
879 1794 1011 1859 solidum
1028 1803 1164 1872 temetum
1194 1815 1283 1879 quum
1299 1814 1372 1859 vero
1394 1797 1433 1860 de
1454 1790 1612 1860 uniuersali

242 1905 369 1969 ecclesia
387 1923 488 1969 sermo
509 1912 568 1986 est,
595 1906 699 1969 iisdem
720 1906 841 1988 gregis,
862 1904 1015 1988 plebisque
1036 1906 1202 1970 nominibus
1223 1913 1414 1969 universitas
1436 1913 1542 1980 coium,
1562 1909 1612 1965 rin

239 2013 458 2098 qulariumque
476 2023 638 2097 partuum
660 2015 857 2098 signnilicatur,
892 2016 939 2078 cui
968 2032 1044 2079 unos
1072 2018 1191 2098 praeest
1215 2033 1371 2098 supremus
1392 2014 1611 2097 postuletne,

242 2124 279 2187 ab
301 2144 400 2208 eoque
420 2127 450 2190 in
471 2126 580 2191 unitate
602 2127 776 2190 continetur.

350 2235 512 2319 Eprimclu
525 2236 614 2317 igitur
628 2235 704 2301 Petri
718 2236 814 2318 repeti
835 2235 932 2316 debet,
954 2235 1034 2317 quod
1055 2232 1230 2320 nlnquicrea
1249 2255 1369 2319 qreqer,
1390 2232 1610 2320 rinqolcrerque

241 2354 386 2426 portares
407 2353 440 2408 in
460 2367 555 2409 unum
575 2344 654 2410 ovile
672 2343 733 2410 rub
753 2367 815 2411 uno
832 2353 957 2425 puriore
976 2352 1114 2426 principe
1135 2343 1339 2430 calliponlur:
1359 2361 1396 2408 uc
1418 2364 1458 2408 ex
1477 2361 1514 2406 eo
1533 2338 1610 2422 repel

244 2456 354 2537 pariter
375 2454 479 2537 debet,
517 2456 596 2539 quod
616 2455 719 2520 Petrus
738 2458 777 2520 sit
799 2477 930 2532 emesa,
963 2461 1206 2536 principiumque
1224 2452 1393 2518 calidum
1415 2459 1555 2525 unuatin,
1573 2447 1610 2512 cri
1646 2446 1654 2551 i

241 2561 382 2628 haeresia
404 2572 433 2628 et
454 2562 591 2629 achiamo
609 2566 810 2650 refragantur:
840 2565 919 2648 quod
939 2587 1055 2629 crusna
1075 2566 1121 2645 sit,
1141 2572 1386 2646 principiumque
1406 2563 1535 2645 duplicis
1554 2579 1611 2624 mn

244 2681 412 2751 censionis,
450 2694 574 2758 querum
595 2674 687 2739 ultera
706 2682 826 2739 unitate
841 2674 932 2758 fidel,
968 2674 1059 2739 ultera
1092 2681 1212 2739 uniote
1232 2681 1368 2755 corporis
1388 2673 1561 2738 absolvitur:
1588 2674 1612 2730 el
1653 2654 1654 2669 ¹

243 2785 322 2865 quod
344 2806 459 2849 emuna
476 2784 587 2848 idcirco
602 2786 649 2867 sit,
667 2791 910 2866 principiumque
931 2784 1061 2848 duorum
1075 2791 1332 2861 ornmmentoruun,
1355 2801 1434 2866 qliae
1456 2780 1611 2846 muolunn

244 2894 401 2958 ecclesiam
422 2915 485 2957 uno
504 2901 621 2958 rectum
640 2902 782 2960 aemulis
808 2890 914 2972 Verbo,
937 2915 1057 2976 unoque
1073 2900 1241 2958 mutarn
1262 2899 1410 2957 cantatis
1432 2890 1550 2973 Spiritu
1569 2886 1612 2951 de

243 3010 413 3067 monstrant.

349 3120 420 3177 243.
463 3114 543 3177 llaec
573 3123 671 3178 autem
702 3115 800 3177 omnia
829 3114 869 3177 ob
904 3113 1007 3178 oculos
1037 3112 1176 3177 bebnnisse
1203 3113 1273 3176 nuihi
1304 3111 1474 3176 bernardus
1504 3108 1611 3183 videtur,

243 3228 371 3305 qnnum⁴⁵
394 3224 525 3305 scripsit:
563 3219 689 3305 „Parce
716 3244 786 3287 ouen
813 3244 910 3287 meon.
953 3220 1056 3297 Quasi
1091 3222 1168 3286 illius
1195 3221 1244 3284 vel
1262 3220 1339 3284 illius
1360 3221 1485 3305 populos
1504 3214 1612 3281 civitnt's

243 3340 291 3395 nul
312 3334 444 3414 regionis
466 3340 515 3396 aut
537 3335 611 3396 certi
630 3328 737 3416 reguii
759 3353 830 3396 ouen
851 3352 946 3410 meur,
966 3333 1067 3414 iuquit,
1089 3333 1137 3395 cui
1159 3349 1219 3396 nou
1237 3329 1354 3412 planum
1373 3348 1436 3394 uon
1456 3329 1612 3410 designes

244 3441 374 3525 aliquas,
397 3443 450 3505 sed
472 3441 647 3525 adsignusse
671 3441 798 3508 omnesi
826 3442 898 3506 nibil
921 3444 1076 3525 excipitur,
1101 3441 1151 3504 ubi
1171 3441 1356 3524 distinguitur
1376 3441 1459 3504 nihil.
1499 3437 1533 3501 Et
1550 3436 1613 3498 sorte

243 3561 416 3632 praesentes
437 3556 530 3618 celeri
558 3552 748 3636 condiscipuli
775 3561 874 3633 eruut,
910 3570 977 3615 cum
1005 3553 1190 3616 committens
1210 3558 1280 3629 uni,
1315 3556 1468 3615 unitatem
1494 3543 1613 3612 omnibu

243 3664 466 3726 commendaret
486 3670 519 3725 in
538 3682 599 3725 unc
620 3683 728 3747 preqe,
762 3670 791 3726 et
810 3670 843 3725 tn
863 3683 925 3725 uno
943 3670 1085 3741 pastore,
1118 3660 1280 3725 secundum
1302 3660 1389 3724 illud:
1425 3680 1490 3723 uno
1508 3662 1553 3720 erl
1572 3672 1612 3716 cr

242 3769 346 3835 lumba
371 3794 452 3849 meu,
487 3771 626 3859 perfecto
653 3794 731 3836 mec.
775 3772 829 3836 Ubi
859 3780 981 3849 under,
1017 3773 1056 3835 ibi
1082 3770 1241 3855 perfectio.
1283 3769 1400 3853 Reliqui
1428 3767 1538 3832 numeri
1557 3779 1612 3846 pet·
1650 3754 1651 3763 ἵ

243 3881 401 3946 lectionem
423 3900 483 3946 non
504 3882 630 3965 babent,
666 3882 720 3946 sed
746 3882 920 3947 divisionem
948 3881 1126 3944 recedentes
1151 3880 1188 3944 ab
1216 3883 1347 3964 unitute3
1377 3879 1447 3943 inde
1469 3885 1526 3958 est,
1547 3868 1612 3957 quoi

241 3988 297 4053 alin·
316 3991 432 4077 ringula·
451 3992 593 4077 rtnqulon
614 3994 707 4057 sortiti
728 3999 795 4057 sunt
816 3991 919 4074 plebes
940 3992 1069 4055 scientes
1086 3998 1311 4055 sacramentum.
1342 3988 1477 4073 Denique
1490 3984 1610 4050 lacobus

245 4102 295 4181 qui
317 4102 469 4166 videbatur
490 4103 624 4166 columne
654 4101 818 4182 ecclesiae,
847 4122 911 4164 unc
938 4109 1094 4165 contentus
1123 4109 1170 4166 esi
1191 4099 1426 4184 Hierosolymo,
1455 4097 1538 4161 Petro
1556 4094 1611 4156 mni

243 4218 424 4276 cerritanenn
444 4213 586 4277 cedens.“
634 4212 724 4286 onas
751 4212 879 4291 diceret,
913 4212 1075 4275 ministerio
1101 4215 1227 4295 atque⁴⁸
1250 4210 1421 4296 riyeporelq
1443 4206 1609 4292 singulortt·¹
1649 4206 1650 4285 ]

245 4329 394 4402 postorum
416 4330 521 4386 unitus
544 4322 751 4408 ainquiurium
771 4320 972 4386 coelectorum
992 4321 1150 4405 formatur,
1180 4324 1417 4405 custoditurque3
1448 4320 1501 4385 sed
1520 4320 1612 4381 mrim

244 4429 413 4495 catholicoe
432 4433 578 4498 ecclesiae
598 4434 705 4499 referri
731 4435 762 4497 in
788 4433 917 4516 acceptis
944 4431 1033 4496 debet
1055 4433 1216 4497 ministerio
1236 4441 1324 4515 atquo
1346 4429 1512 4513 niyepouelq
1529 4420 1609 4497 Petri,

244 4542 443 4606 caletricus
465 4550 699 4610 uniuersitatem
727 4544 891 4625 commisit,
923 4561 1012 4626 quem
1036 4550 1197 4622 pactorum
1222 4535 1610 4624 praemonitiones

244 4654 293 4715 cui
312 4671 372 4716 non
393 4671 506 4736 greges
532 4654 627 4719 solum
654 4649 836 4738 plebesque,
866 4651 921 4717 sed
948 4653 1125 4718 sacerdotes
1154 4673 1273 4734 quoque
1299 4658 1398 4735 pron,
1425 4656 1611 4732 „murare
1648 4718 1649 4729 ,

244 4763 377 4828 subiecit

308 4944 353 5021 ⁴³)
373 4945 461 5019 Epist.
482 4946 536 5003 lv.
1024 4947 1069 5023 ⁴⁸)
1089 4947 1129 5004 De
1150 4946 1319 5004 consideret.
1339 4944 1386 5002 lib.
1400 4943 1432 4999 lL
1453 4957 1509 5015 cnp.
1522 4932 1583 4993 ult

308 5050 353 5123 “)
374 5050 414 5108 De
432 5054 498 5107 uuit.
519 5050 661 5106 ecclesiae.
1023 5052 1069 5131 ⁴‘)
1090 5053 1171 5111 Hebe.
1191 5052 1261 5111 xtlt
1285 5054 1312 5112 7.
