3358 5400
630 280 775 354 canor
817 284 926 355 xxv·
1385 288 1472 390 ’,ι-ιι

108 474 172 519 συντ
187 457 266 539 origo
296 462 326 519 et
344 473 450 521 caussa
476 458 573 522 eidem
595 465 832 542 praeponeretur.
875 456 970 519 λίποιτο
991 463 1088 521 autem
1110 457 1360 538 conspicuumque
1383 442 1469 540 caput

107 565 211 648 intelligi
237 563 399 646 dupliciter
423 574 533 648 potest,
561 587 650 632 unam
679 569 810 651 inprimis
837 574 956 630 aniate
980 586 1146 646 paeanaa,
1175 585 1251 648 quae
1278 568 1395 649 propria
1423 574 1469 631 cst

106 673 295 754 monarchiae,
322 694 412 738 unum
433 677 538 741 deinde
560 686 680 742 unitate
699 676 831 761 collegit,
860 677 1022 740 cuiusmodi
1049 678 1079 740 in
1099 683 1296 741 aristocratia
1315 677 1468 760 reperitur.

107 784 190 857 nnn
208 785 439 866 investigandum
461 794 515 867 est,
537 806 625 870 quem
646 788 762 850 unimtis
779 786 898 850 modum
912 784 1016 849 Paulus
1037 785 1179 849 docuerit.
1222 784 1311 869 Atqui
1330 794 1397 849 suat
1415 789 1469 850 ista

105 896 256 976 perspicua,
287 894 342 958 καὶ
368 894 464 969 αὐτὸς
486 893 585 959 idaiae
611 893 685 971 τοάς
709 896 770 978 μὲν
793 893 987 969 ἀποστόλους
1072 893 1151 975 πρὸς
1175 892 1231 958 τὸν
1258 894 1469 978 καταρτισμὸν

104 1004 158 1066 τάν
183 1000 282 1084 ἀγίων
306 1007 352 1079 τίς
386 1005 482 1085 ἔργον
511 1003 688 1081 διακονίας,
717 1009 763 1080 ἀς
792 1001 965 1087 οίκοόομτίν
989 1006 1045 1066 τοῦ
1064 1003 1211 1086 caparae
1238 1006 1296 1067 τοῦ
1314 1003 1469 1085 Χριστοῦι

18 1140 20 1171 ι
89 1111 232 1195 planeque
253 1112 418 1193 ostendunt,
440 1131 529 1176 unum
551 1116 669 1196 quidem
690 1116 804 1179 visibile
826 1121 919 1197 caput,
942 1113 998 1177 sed
1018 1131 1107 1179 uatum
1126 1121 1244 1178 unitate
1263 1112 1469 1177 multitudinis

101 1228 128 1283 et
144 1230 354 1286 aristocratiae
372 1230 510 1313 propria,
544 1241 603 1288 noo
631 1243 720 1288 unum
747 1231 868 1288 onitate
885 1243 1037 1303 peronae
1066 1230 1096 1285 et
1113 1232 1240 1303 propria
1264 1222 1467 1301 monarchiae,

100 1349 161 1394 csse
182 1332 327 1397 ecclesiae
345 1314 703 1416 praepositum,‘elusque
726 1340 881 1417 propterea
902 1333 1089 1414 conspicuam
1111 1333 1250 1396 unitatem
1271 1351 1330 1399 non
1351 1352 1390 1399 ex
1410 1354 1469 1398 uno

97 1440 190 1522 Petro,
212 1443 267 1506 sed
288 1461 327 1505 ex
346 1445 485 1505 universo
505 1443 703 1525 apostolorum
724 1444 853 1527 collegio
870 1443 965 1525 repeti
989 1442 1160 1524 oportere.“

195 1558 265 1615 338.
308 1552 393 1626 Quod
422 1552 471 1632 qui
497 1551 639 1635 inierrmt,
666 1554 750 1617 citius
772 1572 858 1635 quam
882 1554 926 1617 eis
946 1552 1050 1631 liceat,
1081 1570 1204 1635 gressus
1224 1552 1332 1636 figant,
1361 1573 1418 1618 nec
1438 1554 1469 1618 id

98 1676 178 1723 omne
200 1661 367 1745 colligendo
387 1670 492 1726 eruunt
512 1662 591 1743 quod
613 1669 659 1726 est
683 1680 750 1726 cum
772 1663 1011 1728 antecedentibus
1033 1662 1205 1743 copulatum.
1249 1662 1346 1736 Quare
1367 1670 1469 1728 auctor

97 1768 148 1833 illis
170 1788 232 1834 nrm
252 1778 286 1835 ut
308 1790 397 1855 porro
418 1778 559 1855 pergant,
586 1779 734 1855 totamque
754 1774 929 1838 sententiam
951 1771 1112 1854 explicent,
1135 1772 1383 1854 concludantque,
1404 1775 1469 1836 uni·

18 1956 19 1979 ,
96 1880 157 1942 tatis
176 1880 372 1962 perficiendae
391 1900 466 1964 opus
488 1883 531 1945 sic
545 1900 614 1945 esse
627 1882 764 1965 apostolis
779 1883 930 1964 creditum,
950 1888 983 1944 ut
1002 1881 1039 1944 ad
1058 1880 1214 1963 prophetes
1230 1899 1357 1964 quoque,
1378 1900 1468 1944 evan·

95 1987 223 2070 gelidas,
244 1998 380 2071 pastores
400 1990 598 2075 doctoresque
616 1994 763 2075 pertinere
786 1991 1008 2057 existimandum
1028 1991 1074 2054 sit.
1118 1989 1369 2064 Quemadmodum
1389 1992 1468 2054 enim

95 2097 130 2161 de
150 2101 289 2181 apostolis
310 2101 454 2182 scribitur,
477 2119 530 2165 eos
553 2119 621 2165 esse
638 2102 772 2167 divinitus
787 2104 871 2167 datos
888 2101 967 2185 πρὸς
983 2101 1037 2166 τὸν
1052 2099 1264 2183 καταρτισμὸν
1275 2103 1341 2164 τοῖν
1355 2097 1466 2183 aalma,

92 2209 133 2283 τίς
155 2209 248 2290 ἔργον
273 2207 451 2289 διακονίας,
479 2216 525 2288 τίς
551 2208 724 2297 οἰκοδομήν
748 2214 804 2277 τοῦ
831 2213 977 2295 σώματος
997 2213 1056 2276 τοῦ
1074 2210 1237 2293 Χριστσῦι
1262 2212 1301 2275 ita
1328 2210 1366 2273 de
1394 2228 1463 2292 pro·

50 2328 56 2335 ·
94 2316 196 2400 phebe,
231 2322 438 2403 evangelistis,
472 2321 637 2403 pastoribus
664 2322 890 2405 doctoribusque
921 2323 1043 2405 idipsum
1074 2321 1269 2385 confirmatu.
1313 2320 1372 2387 Sed
1399 2339 1468 2384 num

18 2496 19 2499 ,
93 2436 241 2511 propterea
264 2429 477 2494 hierarchicum
498 2432 675 2497 subvertitur
700 2433 858 2497 discrima
887 2434 962 2497 inter
983 2432 1145 2516 descriptas
1165 2432 1301 2513 ordines,
1331 2431 1410 2513 quod
1431 2430 1470 2495 ad

94 2553 177 2601 unum
198 2542 394 2623 eumdemque
417 2538 537 2606 σκοπὸν
557 2541 739 2624 efficiendae,
760 2542 946 2624 tuendaeque
959 2543 1075 2605 micatis
1096 2537 1286 2623 conspirent?
1310 2559 1378 2603 num
1399 2559 1468 2623 pro·

95 2652 188 2726 pterea
216 2671 234 2715 a
263 2668 378 2715 summo
399 2651 581 2716 hierarchiae
609 2653 703 2736 gradu
729 2671 765 2716 ac
793 2652 881 2717 velati
901 2651 1028 2716 culmine
1049 2650 1173 2731 apostoli
1194 2648 1386 2714 deliciantur?
1415 2654 1468 2713 mi·

94 2757 167 2823 nime
194 2779 281 2842 sane,
314 2778 402 2845 quum
429 2780 525 2844 neque
553 2763 677 2845 plurium
706 2762 743 2826 ad
768 2763 904 2825 eumdem
933 2757 1053 2824 σκοπὸν
1080 2759 1469 2841 conspiratio‚hierarchiae

95 2865 275 2961 adversetur3
302 2890 400 2954 neque
427 2872 502 2936 solvi
530 2871 677 2954 Scriptura
690 2874 718 2907 ⁸⁸
748 2873 841 2953 possit
869 2889 945 2953 quae
973 2870 1074 2949 docet,
1102 2866 1198 2932 ίθετο
1225 2867 1345 2943 neela
1370 2875 1405 2933 dn
1430 2873 1470 2953 τῇ

18 3016 20 3045 .
95 2977 235 3063 ἐκκλησίᾳ
257 2985 385 3062 πρῶτον
404 2979 607 3056 ἀποστόλους.
650 2981 705 3054 Oui
727 2998 802 3063 ergo
823 2980 861 3059 lit,
884 2987 914 3043 ut
935 2984 1131 3062 protestantes
1153 2977 1336 3059 concludant,
1358 2978 1469 3041 idcirco

95 3085 203 3153 Petrum
220 3093 337 3175 propria
359 3093 458 3174 capitis
479 3092 620 3175 dignitate
641 3092 768 3174 spoliari,
790 3090 870 3172 quod
883 3089 1007 3171 apostoli
1020 3106 1092 3170 prae
1110 3089 1217 3151 ceteris
1238 3089 1275 3151 ad
1295 3107 1368 3170 opus
1390 3090 1468 3170 quod
1556 3144 1569 3161 ,

93 3195 192 3262 dictur
212 3201 422 3284 καταρτισμὸς
439 3203 506 3265 τοῖν
527 3198 631 3283 ἀνίαν
651 3200 704 3264 καλ
720 3194 874 3283 alencione}
894 3200 952 3262 τοῦ
971 3195 1117 3280 σώματος
1137 3200 1194 3260 τοῦ
1205 3197 1359 3279 Χριστοῦ,
1381 3199 1469 3263 electi

92 3304 214 3372 lirerinti
245 3329 282 3373 an
301 3311 331 3374 id
352 3332 369 3372 c
389 3318 436 3373 ret
454 3316 554 3392 ι’ρτίιιτ
573 3320 689 3375 natnra
710 3308 876 3375 deducunti
904 3310 958 3374 sad
988 3327 1025 3372 ea
1045 3308 1109 3371 talis
1131 3325 1190 3370 noa
1212 3316 1270 3390 est,
1293 3328 1369 3391 quae
1388 3310 1468 3373 hier-

91 3415 215 3480 archiam
243 3418 370 3482 iunditus
390 3420 489 3501 tollat,
517 3422 714 3503 eximiamque
740 3423 826 3484 unius
844 3419 922 3482 Petri
947 3418 1116 3499 dignitatem
1138 3418 1280 3482 excludat.
1322 3418 1371 3482 An
1391 3420 1468 3483 lorte

91 3524 299 3591 entecham
321 3536 425 3591 eruunt
446 3528 674 3613 Scripturarum,
697 3530 776 3612 quod
797 3529 868 3593 nihil
887 3528 973 3591 Petro
994 3524 1130 3589 tributum
1152 3537 1286 3609 narrent,
1309 3530 1388 3611 quod
1409 3549 1469 3593 non

91 3631 174 3699 luent
195 3637 335 3720 apostolis
355 3638 477 3720 reliquis
499 3637 677 3704 communei
697 3641 776 3723 atqui
796 3640 949 3701 innumera
970 3644 1038 3700 sunt
1058 3637 1088 3698 in
1102 3636 1256 3719 Scripturis
1278 3657 1353 3721 quae
1375 3642 1469 3702 veris·

18 3796 19 3801 ,
93 3745 196 3808 simum
218 3765 288 3811 csse
309 3748 509 3819 demonstrant
529 3750 608 3832 quod
623 3750 782 3834 Cyprianus
795 3752 821 3782 ¹⁴
846 3747 975 3828 scripsit:
1000 3766 1064 3809 ana
1087 3755 1134 3810 cat
1154 3746 1283 3811 ecclesia
1305 3771 1325 3812 a
1347 3746 1469 3811 Christo

91 3850 220 3919 Domina
247 3878 341 3937 anper
362 3854 493 3920 Petram
521 3865 636 3943 cripere
662 3865 791 3922 animia
818 3865 849 3920 et
868 3862 988 3918 ratione
1000 3854 1149 3940 fundata.
1192 3857 1274 3923 Sicut
1295 3874 1368 3939 ergo
1391 3857 1468 3922 Scri-

89 3970 169 4042 ptura
191 3984 269 4048 quae
292 3966 395 4048 docet,
424 3964 520 4031 cacco
542 3968 560 4031 d
581 3966 663 4043 θεὸς
684 3965 939 4051 carperania
960 3967 1087 4047 πρῶτον
1107 3964 1318 4043 ἀποστόλους,
1347 3986 1406 4030 σου
1428 3968 1468 4029 si-

18 4150 19 4155 ,
89 4072 143 4152 uit,
165 4083 196 4138 ut
219 4094 294 4139 unus
314 4077 452 4159 idemque
474 4077 622 4161 apostolis,
644 4078 808 4160 prophetis,
831 4077 1034 4159 evangelistis,
1056 4075 1220 4156 pastoribus
1242 4076 1468 4157 doctoribusque

18 5220 24 5307 l

89 4166 210 4247 tributus
233 4185 343 4268 gradm
366 4187 523 4269 iudicetur3
545 4189 583 4250 ita
605 4187 751 4270 Scriptura
773 4205 850 4269 quae
872 4186 960 4248 docet
979 4185 1071 4248 nnsse
1085 4183 1201 4248 Petrum
1223 4187 1299 4248 inter
1319 4186 1469 4269 apostolos

151 4376 197 4449 τ’)
220 4375 241 4431 r.
262 4375 323 4432 ca.
343 4374 402 4433 xri.
422 4376 470 4434 ae.
801 4378 869 4448 naa
897 4376 1051 4434 caenam.
1095 4372 1130 4433 nr
1148 4376 1230 4449 paura
1249 4384 1326 4450 par,
1352 4385 1385 4433 a
1401 4338 1469 4434 ael

150 4480 199 4556 θ’)
211 4481 254 4537 Ad
268 4483 412 4556 episcopos
424 4482 571 4557 Numidiae,
586 4483 664 4556 epist
675 4482 753 4539 LXX.
804 4491 887 4542 tatem
902 4485 1107 4556 manifestaret,
1130 4486 1244 4541 mntotr'e
1264 4484 1386 4540 eiesdnrr
1406 4487 1468 4541 ori-

90 4598 151 4657 pag.
172 4585 242 4644 ³02.
269 4588 334 4644 edit
361 4588 442 4663 retu,
472 4591 516 4661 qui
540 4588 691 4661 chigaltio
717 4591 754 4645 ltu
802 4590 944 4665 ginernah
959 4608 1016 4648 eno
1036 4592 1212 4663 incipientem
1231 4607 1285 4646 sara
1304 4594 1471 4648 anctoritate

90 4690 217 4747 subiicit:
254 4693 372 4766 „Verrio
402 4710 500 4767 gruem
529 4702 629 4752 tantum
658 4697 755 4771 hahet,
806 4696 949 4773 iiepoeeit.
989 4698 1117 4754 Panicum
1136 4696 1216 4769 epist.
1237 4697 1287 4753 111:
1307 4698 1346 4753 ad
1360 4697 1470 4755 Petraea

90 4787 185 4853 ίιτάνω
215 4796 327 4875 Hispan
358 4794 408 4857 τοῦ
439 4792 597 4860 ἀποστόλου
627 4794 758 4881 ἀρχῇσιν
805 4803 932 4879 qutaa
954 4812 995 4862 eet
1013 4802 1163 4876 samm,
1193 4805 1233 4859 ad
1251 4820 1336 4860 onam
1354 4805 1420 4860 ideo
1438 4811 1472 4859 nt

90 4892 218 4977 ἀνόνητος
240 4902 477 4981 τοθυμτλιαμίνης.
523 4909 583 4982 lpse
609 4909 755 4983 Cyprianus
804 4912 937 4969 mimam
955 4911 1088 4981 fundaret
1107 4927 1145 4967 ee
1162 4925 1227 4963 aaa.
1264 4908 1330 4964 idac
1348 4910 1473 4981 idipsum

85 5008 147 5064 ihm
172 5008 209 5065 de
228 5010 297 5068 uelt.
318 5013 433 5087 νοτίου,
463 5030 547 5087 enper
566 5032 651 5075 mem
671 5019 755 5077 nerii-
803 5020 835 5076 in
855 5032 997 5075 commerita
1013 5013 1220 5091 poeeipieutst‘

1171 5117 1216 5191 17
1233 5115 1258 5165 ⁴*
