<?xml version="1.0" encoding="UTF-8"?>
<!DOCTYPE html PUBLIC "-//W3C//DTD XHTML 1.0 Transitional//EN"
    "http://www.w3.org/TR/xhtml1/DTD/xhtml1-transitional.dtd">
<html xmlns="http://www.w3.org/1999/xhtml" xml:lang="en" lang="en">
 <head>
  <title>
</title>
<meta http-equiv="Content-Type" content="text/html;charset=utf-8" />
  <meta name='ocr-system' content='tesseract 3.04.00' />
  <meta name='ocr-capabilities' content='ocr_page ocr_carea ocr_par ocr_line ocrx_word'/>
</head>
<body>
  <div class='ocr_page' id='page_1' title='image "./commentariusdep00passgoog_0625.png"; bbox 0 0 3324 5382; ppageno 0'>
   <div class='ocr_carea' id='block_1_1' title="bbox 546 316 1005 385">
    <p class='ocr_par' dir='ltr' id='par_1_1' title="bbox 546 316 1005 385">
     <span class='ocr_line' id='line_1_1' title="bbox 546 316 1005 385; baseline 0.002 -1"><span class='ocrx_word' id='word_1_1' title='bbox 546 319 764 384; x_wconf 75' lang='lat' dir='ltr'><strong>LEMMA&#39;I&#39;A</strong></span> <span class='ocrx_word' id='word_1_2' title='bbox 808 316 1005 385; x_wconf 71' lang='lat' dir='ltr'>certmst</span> 
     </span>
    </p>
   </div>
   <div class='ocr_carea' id='block_1_2' title="bbox 75 505 741 646">
    <p class='ocr_par' dir='ltr' id='par_1_2' title="bbox 75 505 741 646">
     <span class='ocr_line' id='line_1_2' title="bbox 75 505 741 646; baseline -0.005 -12"><span class='ocrx_word' id='word_1_3' title='bbox 75 575 310 634; x_wconf 75' lang='lat' dir='ltr'>Animadvertitnr</span> <span class='ocrx_word' id='word_1_4' title='bbox 336 576 362 631; x_wconf 91' lang='lat' dir='ltr'>in</span> <span class='ocrx_word' id='word_1_5' title='bbox 389 591 502 646; x_wconf 76' lang='lat' dir='ltr'>gracum</span> <span class='ocrx_word' id='word_1_6' title='bbox 523 576 672 633; x_wconf 81' lang='lat' dir='ltr'>schismati·</span> <span class='ocrx_word' id='word_1_7' title='bbox 700 505 741 545; x_wconf 56' lang='grc' dir='ltr'><em>Μ</em></span> 
     </span>
    </p>
   </div>
   <div class='ocr_carea' id='block_1_3' title="bbox 120 688 748 746">
    <p class='ocr_par' dir='ltr' id='par_1_3' title="bbox 120 688 748 746">
     <span class='ocr_line' id='line_1_3' title="bbox 120 688 748 746; baseline -0.003 0"><span class='ocrx_word' id='word_1_8' title='bbox 120 689 295 746; x_wconf 69' lang='lat' dir='ltr'>comum.</span> <span class='ocrx_word' id='word_1_9' title='bbox 389 718 403 744; x_wconf 62' lang='lat'>&lt;.</span> <span class='ocrx_word' id='word_1_10' title='bbox 484 730 492 745; x_wconf 90' lang='lat'><strong>.</strong></span> <span class='ocrx_word' id='word_1_11' title='bbox 573 728 580 744; x_wconf 90' lang='lat'>.</span> <span class='ocrx_word' id='word_1_12' title='bbox 661 688 748 745; x_wconf 55' lang='lat' dir='ltr'>Aac</span> 
     </span>
    </p>
   </div>
   <div class='ocr_carea' id='block_1_4' title="bbox 330 874 498 958">
    <p class='ocr_par' dir='ltr' id='par_1_4' title="bbox 330 874 498 958">
     <span class='ocr_line' id='line_1_4' title="bbox 330 874 498 958; baseline -0.012 -18"><span class='ocrx_word' id='word_1_13' title='bbox 330 874 435 958; x_wconf 86' lang='lat' dir='ltr'>Caput</span> <span class='ocrx_word' id='word_1_14' title='bbox 455 879 498 942; x_wconf 90' lang='lat' dir='ltr'>V.</span> 
     </span>
    </p>
   </div>
   <div class='ocr_carea' id='block_1_5' title="bbox 75 1015 671 1429">
    <p class='ocr_par' dir='ltr' id='par_1_5' title="bbox 75 1015 671 1429">
     <span class='ocr_line' id='line_1_5' title="bbox 75 1015 669 1085; baseline -0.003 -13"><span class='ocrx_word' id='word_1_15' title='bbox 75 1016 155 1085; x_wconf 84' lang='lat' dir='ltr'>Quae</span> <span class='ocrx_word' id='word_1_16' title='bbox 184 1016 222 1071; x_wconf 90' lang='lat' dir='ltr'>sit</span> <span class='ocrx_word' id='word_1_17' title='bbox 251 1016 375 1071; x_wconf 72' lang='lat' dir='ltr'>extensio</span> <span class='ocrx_word' id='word_1_18' title='bbox 407 1016 525 1071; x_wconf 86' lang='lat' dir='ltr'>subiecta</span> <span class='ocrx_word' id='word_1_19' title='bbox 557 1015 669 1072; x_wconf 87' lang='lat' dir='ltr'>vocibus</span> 
     </span>
     <span class='ocr_line' id='line_1_6' title="bbox 121 1125 670 1203; baseline 0.005 -20"><span class='ocrx_word' id='word_1_20' title='bbox 121 1128 204 1184; x_wconf 84' lang='lat' dir='ltr'>llatth</span> <span class='ocrx_word' id='word_1_21' title='bbox 218 1127 289 1183; x_wconf 79' lang='lat' dir='ltr'>xvi.</span> <span class='ocrx_word' id='word_1_22' title='bbox 306 1126 357 1201; x_wconf 82' lang='grc'>18,</span> <span class='ocrx_word' id='word_1_23' title='bbox 385 1125 529 1201; x_wconf 70' lang='grc' dir='ltr'><strong><em>ἐκκλησίαν</em></strong></span> <span class='ocrx_word' id='word_1_24' title='bbox 548 1147 619 1203; x_wconf 76' lang='lat' dir='ltr'>pov:</span> <span class='ocrx_word' id='word_1_25' title='bbox 632 1163 670 1171; x_wconf 74' lang='grc'>-</span> 
     </span>
     <span class='ocr_line' id='line_1_7' title="bbox 124 1242 671 1315; baseline 0.004 -18"><span class='ocrx_word' id='word_1_26' title='bbox 124 1258 173 1297; x_wconf 87' lang='lat' dir='ltr'>eae</span> <span class='ocrx_word' id='word_1_27' title='bbox 186 1247 277 1315; x_wconf 87' lang='lat' dir='ltr'>patent</span> <span class='ocrx_word' id='word_1_28' title='bbox 287 1242 427 1313; x_wconf 85' lang='lat' dir='ltr'>latissime,</span> <span class='ocrx_word' id='word_1_29' title='bbox 438 1257 584 1315; x_wconf 84' lang='lat' dir='ltr'>omnesque</span> <span class='ocrx_word' id='word_1_30' title='bbox 596 1259 671 1299; x_wconf 91' lang='lat' dir='ltr'>com-</span> 
     </span>
     <span class='ocr_line' id='line_1_8' title="bbox 122 1355 669 1429; baseline 0.004 -19"><span class='ocrx_word' id='word_1_31' title='bbox 122 1355 271 1428; x_wconf 88' lang='lat' dir='ltr'>plectuntur</span> <span class='ocrx_word' id='word_1_32' title='bbox 282 1358 325 1429; x_wconf 84' lang='lat' dir='ltr'>qui</span> <span class='ocrx_word' id='word_1_33' title='bbox 335 1372 432 1412; x_wconf 90' lang='lat' dir='ltr'>nomen</span> <span class='ocrx_word' id='word_1_34' title='bbox 442 1357 549 1413; x_wconf 84' lang='lat' dir='ltr'>Christo</span> <span class='ocrx_word' id='word_1_35' title='bbox 560 1357 669 1412; x_wconf 89' lang='lat' dir='ltr'>darent:</span> 
     </span>
    </p>
   </div>
   <div class='ocr_carea' id='block_1_6' title="bbox 120 1470 748 1528">
    <p class='ocr_par' dir='ltr' id='par_1_6' title="bbox 120 1470 748 1528">
     <span class='ocr_line' id='line_1_9' title="bbox 120 1470 748 1528; baseline 0.003 -2"><span class='ocrx_word' id='word_1_36' title='bbox 120 1470 321 1527; x_wconf 76' lang='lat' dir='ltr'>nnus-er.</span> <span class='ocrx_word' id='word_1_37' title='bbox 395 1512 403 1525; x_wconf 95' lang='grc'>.</span> <span class='ocrx_word' id='word_1_38' title='bbox 483 1510 490 1524; x_wconf 96' lang='grc'>.</span> <span class='ocrx_word' id='word_1_39' title='bbox 572 1513 580 1527; x_wconf 94' lang='grc'>.</span> <span class='ocrx_word' id='word_1_40' title='bbox 662 1471 748 1528; x_wconf 80' lang='grc'><strong>,428</strong></span> 
     </span>
    </p>
   </div>
   <div class='ocr_carea' id='block_1_7' title="bbox 76 1601 749 2569">
    <p class='ocr_par' dir='ltr' id='par_1_7' title="bbox 76 1601 749 2569">
     <span class='ocr_line' id='line_1_10' title="bbox 76 1601 668 1675; baseline -0.002 -17"><span class='ocrx_word' id='word_1_41' title='bbox 76 1602 213 1658; x_wconf 82' lang='lat' dir='ltr'>Itodwelli</span> <span class='ocrx_word' id='word_1_42' title='bbox 240 1602 332 1675; x_wconf 92' lang='lat' dir='ltr'>opinio</span> <span class='ocrx_word' id='word_1_43' title='bbox 357 1601 542 1658; x_wconf 89' lang='lat' dir='ltr'>contendentis</span> <span class='ocrx_word' id='word_1_44' title='bbox 567 1606 668 1658; x_wconf 87' lang='lat' dir='ltr'>certum</span> 
     </span>
     <span class='ocr_line' id='line_1_11' title="bbox 121 1715 669 1788; baseline -0.005 -17"><span class='ocrx_word' id='word_1_45' title='bbox 121 1716 155 1771; x_wconf 92' lang='lat' dir='ltr'>iis</span> <span class='ocrx_word' id='word_1_46' title='bbox 171 1715 384 1788; x_wconf 74' lang='lat' dir='ltr'>singularemque</span> <span class='ocrx_word' id='word_1_47' title='bbox 399 1723 503 1772; x_wconf 89' lang='lat' dir='ltr'>coetum</span> <span class='ocrx_word' id='word_1_48' title='bbox 517 1716 669 1786; x_wconf 87' lang='lat' dir='ltr'>designari:</span> 
     </span>
     <span class='ocr_line' id='line_1_12' title="bbox 120 1830 670 1904; baseline -0.007 -17"><span class='ocrx_word' id='word_1_49' title='bbox 120 1848 164 1887; x_wconf 87' lang='lat' dir='ltr'>nn.</span> <span class='ocrx_word' id='word_1_50' title='bbox 175 1830 313 1887; x_wconf 82' lang='grc'>82-83,</span> <span class='ocrx_word' id='word_1_51' title='bbox 323 1862 365 1875; x_wconf 89' lang='lat'><em>-</em></span> <span class='ocrx_word' id='word_1_52' title='bbox 377 1832 545 1904; x_wconf 79' lang='lat' dir='ltr'>expenditur,</span> <span class='ocrx_word' id='word_1_53' title='bbox 559 1845 670 1902; x_wconf 88' lang='lat' dir='ltr'>eamque</span> 
     </span>
     <span class='ocr_line' id='line_1_13' title="bbox 121 1944 670 2017; baseline -0.002 -17"><span class='ocrx_word' id='word_1_54' title='bbox 121 1961 137 2000; x_wconf 90' lang='lat' dir='ltr'>a</span> <span class='ocrx_word' id='word_1_55' title='bbox 151 1959 217 2000; x_wconf 80' lang='lat' dir='ltr'>vero</span> <span class='ocrx_word' id='word_1_56' title='bbox 231 1944 390 2017; x_wconf 78' lang='lat' dir='ltr'>longissime</span> <span class='ocrx_word' id='word_1_57' title='bbox 404 1945 548 2002; x_wconf 86' lang='lat' dir='ltr'>abhorrere</span> <span class='ocrx_word' id='word_1_58' title='bbox 560 1946 670 2001; x_wconf 88' lang='lat' dir='ltr'>demon-</span> 
     </span>
     <span class='ocr_line' id='line_1_14' title="bbox 121 2056 671 2131; baseline -0.004 -18"><span class='ocrx_word' id='word_1_59' title='bbox 121 2063 234 2113; x_wconf 86' lang='lat' dir='ltr'>atratur:</span> <span class='ocrx_word' id='word_1_60' title='bbox 245 2090 286 2101; x_wconf 95' lang='lat'><em>-</em></span> <span class='ocrx_word' id='word_1_61' title='bbox 306 2058 376 2131; x_wconf 88' lang='lat' dir='ltr'>quod</span> <span class='ocrx_word' id='word_1_62' title='bbox 398 2064 425 2113; x_wconf 92' lang='lat' dir='ltr'>et</span> <span class='ocrx_word' id='word_1_63' title='bbox 442 2063 619 2131; x_wconf 89' lang='lat' dir='ltr'>protestantes</span> <span class='ocrx_word' id='word_1_64' title='bbox 634 2056 671 2112; x_wconf 86' lang='lat' dir='ltr'>tn·</span> 
     </span>
     <span class='ocr_line' id='line_1_15' title="bbox 126 2170 671 2245; baseline -0.002 -19"><span class='ocrx_word' id='word_1_65' title='bbox 126 2175 230 2226; x_wconf 84' lang='lat' dir='ltr'>lentur:</span> <span class='ocrx_word' id='word_1_66' title='bbox 244 2202 284 2213; x_wconf 85' lang='lat'>—</span> <span class='ocrx_word' id='word_1_67' title='bbox 309 2172 353 2245; x_wconf 90' lang='lat' dir='ltr'>qui</span> <span class='ocrx_word' id='word_1_68' title='bbox 381 2179 522 2245; x_wconf 85' lang='lat' dir='ltr'>propterea</span> <span class='ocrx_word' id='word_1_69' title='bbox 542 2170 621 2237; x_wconf 81' lang='lat' dir='ltr'>lateri</span> <span class='ocrx_word' id='word_1_70' title='bbox 643 2176 671 2225; x_wconf 91' lang='lat' dir='ltr'>et</span> 
     </span>
     <span class='ocr_line' id='line_1_16' title="bbox 120 2284 671 2359; baseline -0.004 -18"><span class='ocrx_word' id='word_1_71' title='bbox 120 2285 185 2341; x_wconf 88' lang='lat' dir='ltr'>iilud</span> <span class='ocrx_word' id='word_1_72' title='bbox 206 2284 311 2359; x_wconf 88' lang='lat' dir='ltr'>debent,</span> <span class='ocrx_word' id='word_1_73' title='bbox 334 2292 505 2359; x_wconf 86' lang='lat' dir='ltr'>praepostera</span> <span class='ocrx_word' id='word_1_74' title='bbox 526 2301 588 2341; x_wconf 90' lang='lat' dir='ltr'>esse</span> <span class='ocrx_word' id='word_1_75' title='bbox 604 2301 671 2357; x_wconf 84' lang='lat' dir='ltr'>quae</span> 
     </span>
     <span class='ocr_line' id='line_1_17' title="bbox 121 2397 671 2473; baseline -0.002 -19"><span class='ocrx_word' id='word_1_76' title='bbox 121 2398 155 2454; x_wconf 86' lang='lat' dir='ltr'>de</span> <span class='ocrx_word' id='word_1_77' title='bbox 176 2399 321 2473; x_wconf 70' lang='lat' dir='ltr'>archetypo</span> <span class='ocrx_word' id='word_1_78' title='bbox 336 2401 405 2456; x_wconf 85' lang='lat' dir='ltr'>Petri</span> <span class='ocrx_word' id='word_1_79' title='bbox 419 2401 532 2472; x_wconf 89' lang='lat' dir='ltr'>primatu</span> <span class='ocrx_word' id='word_1_80' title='bbox 546 2397 671 2455; x_wconf 84' lang='lat' dir='ltr'>Dodwel·</span> 
     </span>
     <span class='ocr_line' id='line_1_18' title="bbox 122 2510 749 2569; baseline -0.002 -3"><span class='ocrx_word' id='word_1_81' title='bbox 122 2511 161 2567; x_wconf 93' lang='lat' dir='ltr'>lus</span> <span class='ocrx_word' id='word_1_82' title='bbox 182 2514 404 2569; x_wconf 78' lang='lat' dir='ltr'>comminiscitur:</span> <span class='ocrx_word' id='word_1_83' title='bbox 426 2530 470 2568; x_wconf 87' lang='lat' dir='ltr'>nn.</span> <span class='ocrx_word' id='word_1_84' title='bbox 491 2513 619 2568; x_wconf 76' lang='grc'>84-96.</span> <span class='ocrx_word' id='word_1_85' title='bbox 661 2550 669 2565; x_wconf 88' lang='grc'>.</span> <span class='ocrx_word' id='word_1_86' title='bbox 691 2510 749 2566; x_wconf 81' lang='grc'>490</span> 
     </span>
    </p>
   </div>
   <div class='ocr_carea' id='block_1_8' title="bbox 317 2712 504 2800">
    <p class='ocr_par' dir='ltr' id='par_1_8' title="bbox 317 2712 504 2800">
     <span class='ocr_line' id='line_1_19' title="bbox 317 2712 504 2800; baseline -0.016 -19"><span class='ocrx_word' id='word_1_87' title='bbox 317 2712 421 2800; x_wconf 86' lang='lat' dir='ltr'>Caput</span> <span class='ocrx_word' id='word_1_88' title='bbox 446 2718 504 2783; x_wconf 88' lang='lat' dir='ltr'>Vl.</span> 
     </span>
    </p>
   </div>
   <div class='ocr_carea' id='block_1_9' title="bbox 20 2846 748 3948">
    <p class='ocr_par' dir='ltr' id='par_1_9' title="bbox 76 2846 667 2930">
     <span class='ocr_line' id='line_1_20' title="bbox 76 2846 667 2930; baseline 0 -18"><span class='ocrx_word' id='word_1_89' title='bbox 76 2858 202 2912; x_wconf 85' lang='lat' dir='ltr'>Potestas</span> <span class='ocrx_word' id='word_1_90' title='bbox 223 2859 343 2925; x_wconf 89' lang='lat' dir='ltr'>integrae</span> <span class='ocrx_word' id='word_1_91' title='bbox 363 2855 501 2927; x_wconf 85' lang='lat' dir='ltr'>phraseos,</span> <span class='ocrx_word' id='word_1_92' title='bbox 521 2852 567 2911; x_wconf 76' lang='grc' dir='ltr'>ἐπὶ</span> <span class='ocrx_word' id='word_1_93' title='bbox 580 2846 667 2930; x_wconf 71' lang='grc' dir='ltr'><strong><em>ταύτῃ</em></strong></span> 
     </span>
    </p>

    <p class='ocr_par' dir='ltr' id='par_1_10' title="bbox 20 2959 748 3948">
     <span class='ocr_line' id='line_1_21' title="bbox 118 2959 667 3045; baseline -0.004 -20"><span class='ocrx_word' id='word_1_94' title='bbox 118 2966 154 3045; x_wconf 69' lang='grc' dir='ltr'>τῇ</span> <span class='ocrx_word' id='word_1_95' title='bbox 180 2969 268 3041; x_wconf 73' lang='grc' dir='ltr'><em>πέτρᾳ</em></span> <span class='ocrx_word' id='word_1_96' title='bbox 289 2959 463 3042; x_wconf 73' lang='grc' dir='ltr'><em>οἰκοδομήσω</em></span> <span class='ocrx_word' id='word_1_97' title='bbox 482 2987 536 3043; x_wconf 84' lang='grc' dir='ltr'>μου</span> <span class='ocrx_word' id='word_1_98' title='bbox 555 2961 606 3042; x_wconf 68' lang='grc' dir='ltr'>τήν</span> <span class='ocrx_word' id='word_1_99' title='bbox 625 2969 667 3024; x_wconf 76' lang='grc' dir='ltr'>ἐκ·</span> 
     </span>
     <span class='ocr_line' id='line_1_22' title="bbox 20 3081 667 3157; baseline 0 -18"><span class='ocrx_word' id='word_1_100' title='bbox 20 3110 22 3119; x_wconf 74' lang='lat'>=</span> <span class='ocrx_word' id='word_1_101' title='bbox 119 3081 249 3157; x_wconf 74' lang='grc' dir='ltr'><strong><em>κλησίιικτ</em></strong></span> <span class='ocrx_word' id='word_1_102' title='bbox 264 3117 304 3125; x_wconf 90' lang='grc'>-</span> <span class='ocrx_word' id='word_1_103' title='bbox 321 3081 382 3155; x_wconf 83' lang='lat' dir='ltr'>quid</span> <span class='ocrx_word' id='word_1_104' title='bbox 396 3082 430 3136; x_wconf 91' lang='lat' dir='ltr'>de</span> <span class='ocrx_word' id='word_1_105' title='bbox 444 3100 475 3136; x_wconf 84' lang='lat' dir='ltr'>ea</span> <span class='ocrx_word' id='word_1_106' title='bbox 490 3090 667 3155; x_wconf 69' lang='lat' dir='ltr'>protestantes</span> 
     </span>
     <span class='ocr_line' id='line_1_23' title="bbox 119 3196 667 3269; baseline -0.002 -17"><span class='ocrx_word' id='word_1_107' title='bbox 119 3198 156 3252; x_wconf 91' lang='lat' dir='ltr'>illi</span> <span class='ocrx_word' id='word_1_108' title='bbox 171 3202 295 3268; x_wconf 89' lang='lat' dir='ltr'>statuant,</span> <span class='ocrx_word' id='word_1_109' title='bbox 317 3196 411 3268; x_wconf 88' lang='lat' dir='ltr'>quibus</span> <span class='ocrx_word' id='word_1_110' title='bbox 427 3196 504 3269; x_wconf 87' lang='lat' dir='ltr'>Petri,</span> <span class='ocrx_word' id='word_1_111' title='bbox 525 3202 667 3268; x_wconf 82' lang='lat' dir='ltr'>petraeque</span> 
     </span>
     <span class='ocr_line' id='line_1_24' title="bbox 122 3301 671 3383; baseline 0.004 -18"><span class='ocrx_word' id='word_1_112' title='bbox 122 3310 230 3365; x_wconf 90' lang='lat' dir='ltr'>numina</span> <span class='ocrx_word' id='word_1_113' title='bbox 251 3316 311 3365; x_wconf 89' lang='lat' dir='ltr'>sunt</span> <span class='ocrx_word' id='word_1_114' title='bbox 329 3301 487 3383; x_wconf 76' lang='grc' dir='ltr'>σοιιόιομιιε</span> <span class='ocrx_word' id='word_1_115' title='bbox 502 3345 541 3352; x_wconf 44' lang='grc' dir='ltr'><strong>ψ</strong></span> <span class='ocrx_word' id='word_1_116' title='bbox 562 3317 671 3367; x_wconf 88' lang='lat' dir='ltr'>censent</span> 
     </span>
     <span class='ocr_line' id='line_1_25' title="bbox 121 3423 668 3495; baseline -0.002 -15"><span class='ocrx_word' id='word_1_117' title='bbox 121 3439 173 3480; x_wconf 91' lang='lat' dir='ltr'>nnn</span> <span class='ocrx_word' id='word_1_118' title='bbox 195 3423 272 3479; x_wconf 93' lang='lat' dir='ltr'>aliam</span> <span class='ocrx_word' id='word_1_119' title='bbox 287 3424 327 3479; x_wconf 92' lang='lat' dir='ltr'>his</span> <span class='ocrx_word' id='word_1_120' title='bbox 341 3425 431 3479; x_wconf 84' lang='lat' dir='ltr'>verbis</span> <span class='ocrx_word' id='word_1_121' title='bbox 445 3426 668 3495; x_wconf 84' lang='lat' dir='ltr'>praerogativam,</span> 
     </span>
     <span class='ocr_line' id='line_1_26' title="bbox 120 3535 671 3611; baseline 0 -19"><span class='ocrx_word' id='word_1_122' title='bbox 120 3553 206 3609; x_wconf 88' lang='lat' dir='ltr'>neque</span> <span class='ocrx_word' id='word_1_123' title='bbox 231 3535 309 3592; x_wconf 79' lang='lat' dir='ltr'>ulium</span> <span class='ocrx_word' id='word_1_124' title='bbox 336 3537 476 3609; x_wconf 88' lang='lat' dir='ltr'>primatum</span> <span class='ocrx_word' id='word_1_125' title='bbox 498 3555 574 3610; x_wconf 87' lang='lat' dir='ltr'>quam</span> <span class='ocrx_word' id='word_1_126' title='bbox 596 3555 671 3611; x_wconf 89' lang='lat' dir='ltr'>prae-</span> 
     </span>
     <span class='ocr_line' id='line_1_27' title="bbox 121 3650 670 3708; baseline -0.002 -2"><span class='ocrx_word' id='word_1_127' title='bbox 121 3650 261 3706; x_wconf 87' lang='lat' dir='ltr'>dicationis</span> <span class='ocrx_word' id='word_1_128' title='bbox 271 3651 393 3705; x_wconf 88' lang='lat' dir='ltr'>ostendi:</span> <span class='ocrx_word' id='word_1_129' title='bbox 406 3684 442 3691; x_wconf 80' lang='lat'>—</span> <span class='ocrx_word' id='word_1_130' title='bbox 461 3652 670 3708; x_wconf 83' lang='lat' dir='ltr'>testimoniucn-</span> 
     </span>
     <span class='ocr_line' id='line_1_28' title="bbox 121 3762 669 3839; baseline 0.002 -19"><span class='ocrx_word' id='word_1_131' title='bbox 121 3766 246 3835; x_wconf 87' lang='lat' dir='ltr'>neronis,</span> <span class='ocrx_word' id='word_1_132' title='bbox 258 3763 387 3835; x_wconf 87' lang='lat' dir='ltr'>Bengelii,</span> <span class='ocrx_word' id='word_1_133' title='bbox 396 3762 669 3839; x_wconf 66' lang='lat' dir='ltr'>nascuncuntur-</span> 
     </span>
     <span class='ocr_line' id='line_1_29' title="bbox 115 3876 748 3948; baseline 0.005 -16"><span class='ocrx_word' id='word_1_134' title='bbox 115 3877 191 3948; x_wconf 81' lang='lat' dir='ltr'>moel,</span> <span class='ocrx_word' id='word_1_135' title='bbox 203 3877 396 3932; x_wconf 84' lang='lat' dir='ltr'>Schleusneret</span> <span class='ocrx_word' id='word_1_136' title='bbox 404 3876 574 3935; x_wconf 87' lang='lat' dir='ltr'>Bloomileld:</span> <span class='ocrx_word' id='word_1_137' title='bbox 586 3897 611 3935; x_wconf 86' lang='lat' dir='ltr'>n.</span> <span class='ocrx_word' id='word_1_138' title='bbox 619 3881 667 3936; x_wconf 78' lang='lat' dir='ltr'>st.</span> <span class='ocrx_word' id='word_1_139' title='bbox 690 3879 748 3935; x_wconf 85' lang='grc'>439</span> 
     </span>
    </p>
   </div>
   <div class='ocr_carea' id='block_1_10' title="bbox 29 4007 671 4534">
    <p class='ocr_par' dir='ltr' id='par_1_11' title="bbox 29 4007 671 4534">
     <span class='ocr_line' id='line_1_30' title="bbox 81 4007 669 4080; baseline 0.005 -19"><span class='ocrx_word' id='word_1_140' title='bbox 81 4007 211 4063; x_wconf 81' lang='lat' dir='ltr'>iudicium</span> <span class='ocrx_word' id='word_1_141' title='bbox 233 4007 267 4061; x_wconf 90' lang='lat' dir='ltr'>de</span> <span class='ocrx_word' id='word_1_142' title='bbox 287 4008 338 4062; x_wconf 85' lang='lat' dir='ltr'>hac</span> <span class='ocrx_word' id='word_1_143' title='bbox 351 4008 569 4080; x_wconf 72' lang='lat' dir='ltr'>interpretatione</span> <span class='ocrx_word' id='word_1_144' title='bbox 583 4009 669 4064; x_wconf 84' lang='lat' dir='ltr'>leren-</span> 
     </span>
     <span class='ocr_line' id='line_1_31' title="bbox 120 4120 667 4195; baseline 0.005 -21"><span class='ocrx_word' id='word_1_145' title='bbox 120 4120 194 4176; x_wconf 91' lang='lat' dir='ltr'>dnm:</span> <span class='ocrx_word' id='word_1_146' title='bbox 270 4137 301 4176; x_wconf 89' lang='lat' dir='ltr'>ea</span> <span class='ocrx_word' id='word_1_147' title='bbox 320 4137 429 4194; x_wconf 89' lang='lat' dir='ltr'>prorsus</span> <span class='ocrx_word' id='word_1_148' title='bbox 444 4123 509 4178; x_wconf 86' lang='lat' dir='ltr'>ialsa</span> <span class='ocrx_word' id='word_1_149' title='bbox 524 4128 574 4195; x_wconf 89' lang='lat' dir='ltr'>est,</span> <span class='ocrx_word' id='word_1_150' title='bbox 596 4122 667 4195; x_wconf 84' lang='lat' dir='ltr'>quod</span> 
     </span>
     <span class='ocr_line' id='line_1_32' title="bbox 123 4234 669 4309; baseline 0.007 -22"><span class='ocrx_word' id='word_1_151' title='bbox 123 4234 230 4291; x_wconf 89' lang='lat' dir='ltr'>internis</span> <span class='ocrx_word' id='word_1_152' title='bbox 257 4238 427 4309; x_wconf 83' lang='lat' dir='ltr'>externisque</span> <span class='ocrx_word' id='word_1_153' title='bbox 448 4239 611 4307; x_wconf 80' lang='lat' dir='ltr'>argumentis</span> <span class='ocrx_word' id='word_1_154' title='bbox 631 4238 669 4291; x_wconf 89' lang='lat' dir='ltr'>el-</span> 
     </span>
     <span class='ocr_line' id='line_1_33' title="bbox 29 4349 671 4421; baseline 0.003 -18"><span class='ocrx_word' id='word_1_155' title='bbox 29 4362 30 4365; x_wconf 71' lang='grc'>’</span> <span class='ocrx_word' id='word_1_156' title='bbox 120 4349 220 4405; x_wconf 85' lang='lat' dir='ltr'>ficitur:</span> <span class='ocrx_word' id='word_1_157' title='bbox 242 4368 284 4406; x_wconf 90' lang='lat' dir='ltr'>nn.</span> <span class='ocrx_word' id='word_1_158' title='bbox 299 4350 427 4405; x_wconf 79' lang='lat'><strong>88--95.</strong></span> <span class='ocrx_word' id='word_1_159' title='bbox 443 4382 481 4390; x_wconf 47' lang='lat' dir='ltr'><em>m</em></span> <span class='ocrx_word' id='word_1_160' title='bbox 497 4351 671 4421; x_wconf 89' lang='lat' dir='ltr'>ipsommmet</span> 
     </span>
     <span class='ocr_line' id='line_1_34' title="bbox 119 4462 668 4534; baseline 0.004 -18"><span class='ocrx_word' id='word_1_161' title='bbox 119 4464 321 4533; x_wconf 81' lang='lat' dir='ltr'>protestantium</span> <span class='ocrx_word' id='word_1_162' title='bbox 340 4462 470 4534; x_wconf 81' lang='lat' dir='ltr'>suffragiu</span> <span class='ocrx_word' id='word_1_163' title='bbox 485 4465 668 4519; x_wconf 83' lang='lat' dir='ltr'>contlrnantur:</span> 
     </span>
    </p>
   </div>
   <div class='ocr_carea' id='block_1_11' title="bbox 118 4575 745 4749">
    <p class='ocr_par' dir='ltr' id='par_1_12' title="bbox 118 4575 745 4749">
     <span class='ocr_line' id='line_1_35' title="bbox 118 4575 668 4651; baseline 0 -20"><span class='ocrx_word' id='word_1_164' title='bbox 118 4592 162 4631; x_wconf 86' lang='lat' dir='ltr'>un.</span> <span class='ocrx_word' id='word_1_165' title='bbox 173 4575 221 4648; x_wconf 85' lang='lat'>93,</span> <span class='ocrx_word' id='word_1_166' title='bbox 236 4575 283 4632; x_wconf 85' lang='lat'>95.</span> <span class='ocrx_word' id='word_1_167' title='bbox 298 4611 337 4618; x_wconf 91' lang='lat'>--</span> <span class='ocrx_word' id='word_1_168' title='bbox 357 4579 443 4651; x_wconf 88' lang='lat' dir='ltr'>iisque</span> <span class='ocrx_word' id='word_1_169' title='bbox 457 4579 588 4651; x_wconf 84' lang='lat' dir='ltr'>expolitur</span> <span class='ocrx_word' id='word_1_170' title='bbox 601 4593 668 4648; x_wconf 88' lang='lat' dir='ltr'>quae</span> 
     </span>
     <span class='ocr_line' id='line_1_36' title="bbox 120 4688 745 4749; baseline 0.003 -5"><span class='ocrx_word' id='word_1_171' title='bbox 120 4689 248 4746; x_wconf 83' lang='lat' dir='ltr'>habentur</span> <span class='ocrx_word' id='word_1_172' title='bbox 269 4690 329 4748; x_wconf 80' lang='lat' dir='ltr'>Act.</span> <span class='ocrx_word' id='word_1_173' title='bbox 348 4692 393 4748; x_wconf 82' lang='lat' dir='ltr'>tx.</span> <span class='ocrx_word' id='word_1_174' title='bbox 411 4690 462 4749; x_wconf 81' lang='lat'>¹5:</span> <span class='ocrx_word' id='word_1_175' title='bbox 482 4710 508 4749; x_wconf 89' lang='lat' dir='ltr'>n.</span> <span class='ocrx_word' id='word_1_176' title='bbox 523 4691 571 4748; x_wconf 92' lang='grc'>94.</span> <span class='ocrx_word' id='word_1_177' title='bbox 660 4729 668 4744; x_wconf 95' lang='grc'>.</span> <span class='ocrx_word' id='word_1_178' title='bbox 690 4688 745 4746; x_wconf 88' lang='grc'>441</span> 
     </span>
    </p>
   </div>
   <div class='ocr_carea' id='block_1_12' title="bbox 83 4817 671 5009">
    <p class='ocr_par' dir='ltr' id='par_1_13' title="bbox 83 4817 671 5009">
     <span class='ocr_line' id='line_1_37' title="bbox 83 4817 669 4896; baseline 0.005 -22"><span class='ocrx_word' id='word_1_179' title='bbox 83 4817 211 4890; x_wconf 81' lang='lat' dir='ltr'>legitima</span> <span class='ocrx_word' id='word_1_180' title='bbox 233 4821 416 4896; x_wconf 84' lang='lat' dir='ltr'>interpretatio</span> <span class='ocrx_word' id='word_1_181' title='bbox 437 4822 544 4880; x_wconf 73' lang='lat' dir='ltr'>affertur</span> <span class='ocrx_word' id='word_1_182' title='bbox 564 4839 596 4878; x_wconf 89' lang='lat' dir='ltr'>ac</span> <span class='ocrx_word' id='word_1_183' title='bbox 613 4820 669 4877; x_wconf 93' lang='lat' dir='ltr'>illu·</span> 
     </span>
     <span class='ocr_line' id='line_1_38' title="bbox 118 4936 671 5009; baseline 0.009 -21"><span class='ocrx_word' id='word_1_184' title='bbox 118 4940 229 4991; x_wconf 78' lang='lat' dir='ltr'>annm:</span> <span class='ocrx_word' id='word_1_185' title='bbox 243 4967 282 4975; x_wconf 89' lang='lat'>—</span> <span class='ocrx_word' id='word_1_186' title='bbox 293 4936 355 5008; x_wconf 84' lang='lat' dir='ltr'>quid</span> <span class='ocrx_word' id='word_1_187' title='bbox 366 4952 425 4992; x_wconf 89' lang='lat' dir='ltr'>cum</span> <span class='ocrx_word' id='word_1_188' title='bbox 438 4954 469 4994; x_wconf 87' lang='lat' dir='ltr'>ea</span> <span class='ocrx_word' id='word_1_189' title='bbox 484 4943 573 5009; x_wconf 89' lang='lat' dir='ltr'>aptum</span> <span class='ocrx_word' id='word_1_190' title='bbox 585 4937 622 4993; x_wconf 90' lang='lat' dir='ltr'>sit</span> <span class='ocrx_word' id='word_1_191' title='bbox 632 4943 671 4993; x_wconf 88' lang='lat' dir='ltr'>at·</span> 
     </span>
    </p>
   </div>
   <div class='ocr_carea' id='block_1_13' title="bbox 36 5050 670 5229">
    <p class='ocr_par' dir='ltr' id='par_1_14' title="bbox 36 5050 670 5229">
     <span class='ocr_line' id='line_1_39' title="bbox 36 5050 670 5125; baseline 0.006 -20"><span class='ocrx_word' id='word_1_192' title='bbox 36 5114 39 5119; x_wconf 27' lang='lat'>¹</span> <span class='ocrx_word' id='word_1_193' title='bbox 121 5065 171 5122; x_wconf 84' lang='lat' dir='ltr'>qne</span> <span class='ocrx_word' id='word_1_194' title='bbox 187 5050 335 5107; x_wconf 76' lang='lat' dir='ltr'>cohaerens</span> <span class='ocrx_word' id='word_1_195' title='bbox 348 5053 504 5123; x_wconf 82' lang='lat' dir='ltr'>exponitur:</span> <span class='ocrx_word' id='word_1_196' title='bbox 516 5084 552 5091; x_wconf 51' lang='grc' dir='ltr'>κ</span> <span class='ocrx_word' id='word_1_197' title='bbox 567 5068 670 5125; x_wconf 82' lang='lat' dir='ltr'>quaere</span> 
     </span>
     <span class='ocr_line' id='line_1_40' title="bbox 133 5171 450 5229; baseline 0.003 -15"><span class='ocrx_word' id='word_1_198' title='bbox 133 5171 257 5229; x_wconf 77' lang='lat' dir='ltr'>Parsaglta,</span> <span class='ocrx_word' id='word_1_199' title='bbox 272 5173 450 5215; x_wconf 79' lang='lat' dir='ltr'>commentarius.</span> 
     </span>
    </p>
   </div>
   <div class='ocr_carea' id='block_1_14' title="bbox 1402 320 1464 383">
    <p class='ocr_par' dir='ltr' id='par_1_15' title="bbox 1402 320 1464 383">
     <span class='ocr_line' id='line_1_41' title="bbox 1402 320 1464 383; baseline 0 0"><span class='ocrx_word' id='word_1_200' title='bbox 1402 320 1464 383; x_wconf 76' lang='grc'>606</span> 
     </span>
    </p>
   </div>
   <div class='ocr_carea' id='block_1_15' title="bbox 838 505 1456 648">
    <p class='ocr_par' dir='ltr' id='par_1_16' title="bbox 838 505 1456 648">
     <span class='ocr_line' id='line_1_42' title="bbox 838 505 1456 648; baseline -0.002 -17"><span class='ocrx_word' id='word_1_201' title='bbox 838 577 963 648; x_wconf 87' lang='lat' dir='ltr'>primatus</span> <span class='ocrx_word' id='word_1_202' title='bbox 985 574 1055 631; x_wconf 87' lang='lat' dir='ltr'>ratio</span> <span class='ocrx_word' id='word_1_203' title='bbox 1068 576 1200 647; x_wconf 71' lang='lat' dir='ltr'>promissa</span> <span class='ocrx_word' id='word_1_204' title='bbox 1214 573 1292 631; x_wconf 81' lang='lat' dir='ltr'>Petro</span> <span class='ocrx_word' id='word_1_205' title='bbox 1306 574 1385 631; x_wconf 73' lang='lat' dir='ltr'>tuerit</span> <span class='ocrx_word' id='word_1_206' title='bbox 1415 505 1456 547; x_wconf 57' lang='grc' dir='ltr'><em>Μ</em></span> 
     </span>
    </p>
   </div>
   <div class='ocr_carea' id='block_1_16' title="bbox 837 688 1464 935">
    <p class='ocr_par' dir='ltr' id='par_1_17' title="bbox 837 688 1464 935">
     <span class='ocr_line' id='line_1_43' title="bbox 837 688 1464 746; baseline 0 -2"><span class='ocrx_word' id='word_1_207' title='bbox 837 689 1001 745; x_wconf 86' lang='lat' dir='ltr'>declaratur:</span> <span class='ocrx_word' id='word_1_208' title='bbox 1022 707 1066 746; x_wconf 91' lang='lat' dir='ltr'>nn.</span> <span class='ocrx_word' id='word_1_209' title='bbox 1080 689 1218 746; x_wconf 86' lang='grc'>90-97.</span> <span class='ocrx_word' id='word_1_210' title='bbox 1286 727 1294 742; x_wconf 89' lang='grc'>.</span> <span class='ocrx_word' id='word_1_211' title='bbox 1375 727 1383 743; x_wconf 96' lang='grc'>.</span> <span class='ocrx_word' id='word_1_212' title='bbox 1405 688 1464 744; x_wconf 88' lang='grc'>456</span> 
     </span>
     <span class='ocr_line' id='line_1_44' title="bbox 1029 850 1229 935; baseline -0.01 -21"><span class='ocrx_word' id='word_1_213' title='bbox 1029 850 1135 935; x_wconf 89' lang='lat' dir='ltr'>Caput</span> <span class='ocrx_word' id='word_1_214' title='bbox 1155 850 1229 913; x_wconf 85' lang='lat' dir='ltr'>vn.</span> 
     </span>
    </p>
   </div>
   <div class='ocr_carea' id='block_1_17' title="bbox 798 981 1482 3222">
    <p class='ocr_par' dir='ltr' id='par_1_18' title="bbox 798 981 1482 3222">
     <span class='ocr_line' id='line_1_45' title="bbox 799 981 1386 1063; baseline 0.002 -19"><span class='ocrx_word' id='word_1_215' title='bbox 799 981 1386 1063; x_wconf 74' lang='lat' dir='ltr'>Expenditurconsequensincisum,sciuri·</span> 
     </span>
     <span class='ocr_line' id='line_1_46' title="bbox 838 1092 1386 1179; baseline -0.002 -21"><span class='ocrx_word' id='word_1_216' title='bbox 838 1099 884 1158; x_wconf 84' lang='grc' dir='ltr'>λαι</span> <span class='ocrx_word' id='word_1_217' title='bbox 894 1094 964 1176; x_wconf 75' lang='grc' dir='ltr'>ᾅδου</span> <span class='ocrx_word' id='word_1_218' title='bbox 974 1094 1007 1159; x_wconf 77' lang='lat' dir='ltr'>nri</span> <span class='ocrx_word' id='word_1_219' title='bbox 1017 1096 1226 1179; x_wconf 76' lang='grc' dir='ltr'><strong><em>κακισχύσοισικ</em></strong></span> <span class='ocrx_word' id='word_1_220' title='bbox 1237 1092 1337 1175; x_wconf 65' lang='lat' dir='ltr'>adroic:</span> <span class='ocrx_word' id='word_1_221' title='bbox 1347 1133 1386 1143; x_wconf 85' lang='lat'>—</span> 
     </span>
     <span class='ocr_line' id='line_1_47' title="bbox 839 1205 1387 1290; baseline 0 -19"><span class='ocrx_word' id='word_1_222' title='bbox 839 1215 872 1271; x_wconf 89' lang='lat' dir='ltr'>de</span> <span class='ocrx_word' id='word_1_223' title='bbox 882 1216 1003 1272; x_wconf 89' lang='lat' dir='ltr'>subiecto</span> <span class='ocrx_word' id='word_1_224' title='bbox 1015 1218 1049 1274; x_wconf 94' lang='lat' dir='ltr'>ad</span> <span class='ocrx_word' id='word_1_225' title='bbox 1061 1217 1131 1290; x_wconf 86' lang='lat' dir='ltr'>quod</span> <span class='ocrx_word' id='word_1_226' title='bbox 1144 1232 1289 1290; x_wconf 86' lang='lat' dir='ltr'>pronomen</span> <span class='ocrx_word' id='word_1_227' title='bbox 1301 1205 1387 1288; x_wconf 70' lang='grc' dir='ltr'><strong><em>αὐτῆς</em></strong></span> 
     </span>
     <span class='ocr_line' id='line_1_48' title="bbox 837 1328 1385 1402; baseline 0.007 -21"><span class='ocrx_word' id='word_1_228' title='bbox 837 1328 929 1384; x_wconf 86' lang='lat' dir='ltr'>reterri</span> <span class='ocrx_word' id='word_1_229' title='bbox 946 1329 1046 1386; x_wconf 88' lang='lat' dir='ltr'>debet:</span> <span class='ocrx_word' id='word_1_230' title='bbox 1060 1363 1100 1371; x_wconf 86' lang='lat'>—-</span> <span class='ocrx_word' id='word_1_231' title='bbox 1121 1329 1218 1402; x_wconf 85' lang='lat' dir='ltr'>duplex</span> <span class='ocrx_word' id='word_1_232' title='bbox 1232 1331 1385 1401; x_wconf 82' lang='lat' dir='ltr'>secernitur,</span> 
     </span>
     <span class='ocr_line' id='line_1_49' title="bbox 837 1444 1384 1517; baseline 0.002 -20"><span class='ocrx_word' id='word_1_233' title='bbox 837 1445 985 1515; x_wconf 89' lang='lat' dir='ltr'>proximum</span> <span class='ocrx_word' id='word_1_234' title='bbox 1012 1444 1121 1500; x_wconf 91' lang='lat' dir='ltr'>alterum</span> <span class='ocrx_word' id='word_1_235' title='bbox 1142 1444 1384 1517; x_wconf 83' lang='lat' dir='ltr'>significatumque,</span> 
     </span>
     <span class='ocr_line' id='line_1_50' title="bbox 837 1555 1384 1631; baseline -0.004 -18"><span class='ocrx_word' id='word_1_236' title='bbox 837 1558 908 1630; x_wconf 89' lang='lat' dir='ltr'>quud</span> <span class='ocrx_word' id='word_1_237' title='bbox 920 1564 961 1615; x_wconf 89' lang='lat' dir='ltr'>est</span> <span class='ocrx_word' id='word_1_238' title='bbox 970 1555 1109 1631; x_wconf 75' lang='grc' dir='ltr'><strong><em>ἐκκλησία,</em></strong></span> <span class='ocrx_word' id='word_1_239' title='bbox 1121 1558 1263 1614; x_wconf 86' lang='lat' dir='ltr'>mediatum</span> <span class='ocrx_word' id='word_1_240' title='bbox 1274 1557 1384 1613; x_wconf 88' lang='lat' dir='ltr'>alterum</span> 
     </span>
     <span class='ocr_line' id='line_1_51' title="bbox 838 1670 1388 1746; baseline -0.004 -19"><span class='ocrx_word' id='word_1_241' title='bbox 838 1677 865 1727; x_wconf 88' lang='lat' dir='ltr'>et</span> <span class='ocrx_word' id='word_1_242' title='bbox 885 1672 1107 1746; x_wconf 79' lang='lat' dir='ltr'>adsignificatum,</span> <span class='ocrx_word' id='word_1_243' title='bbox 1129 1672 1201 1746; x_wconf 83' lang='lat' dir='ltr'>qrrod</span> <span class='ocrx_word' id='word_1_244' title='bbox 1221 1678 1263 1727; x_wconf 88' lang='lat' dir='ltr'>est</span> <span class='ocrx_word' id='word_1_245' title='bbox 1283 1670 1388 1746; x_wconf 68' lang='lat' dir='ltr'>nepa.-</span> 
     </span>
     <span class='ocr_line' id='line_1_52' title="bbox 837 1761 1385 1857; baseline -0.004 -17"><span class='ocrx_word' id='word_1_246' title='bbox 837 1802 862 1840; x_wconf 92' lang='lat' dir='ltr'>n.</span> <span class='ocrx_word' id='word_1_247' title='bbox 878 1785 925 1840; x_wconf 85' lang='grc'>98.</span> <span class='ocrx_word' id='word_1_248' title='bbox 941 1819 979 1826; x_wconf 76' lang='lat'>--</span> <span class='ocrx_word' id='word_1_249' title='bbox 1005 1787 1157 1843; x_wconf 89' lang='lat' dir='ltr'>testimonia</span> <span class='ocrx_word' id='word_1_250' title='bbox 1179 1761 1296 1841; x_wconf 84' lang='lat' dir='ltr'>veterum</span> <span class='ocrx_word' id='word_1_251' title='bbox 1318 1800 1385 1857; x_wconf 85' lang='lat' dir='ltr'>quae</span> 
     </span>
     <span class='ocr_line' id='line_1_53' title="bbox 837 1899 1386 1973; baseline -0.002 -20"><span class='ocrx_word' id='word_1_252' title='bbox 837 1899 888 1954; x_wconf 86' lang='lat' dir='ltr'>hnc</span> <span class='ocrx_word' id='word_1_253' title='bbox 919 1905 1054 1973; x_wconf 89' lang='lat' dir='ltr'>spectant,</span> <span class='ocrx_word' id='word_1_254' title='bbox 1085 1906 1112 1956; x_wconf 88' lang='lat' dir='ltr'>et</span> <span class='ocrx_word' id='word_1_255' title='bbox 1139 1899 1234 1971; x_wconf 88' lang='lat' dir='ltr'>quibus</span> <span class='ocrx_word' id='word_1_256' title='bbox 1259 1900 1386 1972; x_wconf 90' lang='lat' dir='ltr'>primatus</span> 
     </span>
     <span class='ocr_line' id='line_1_54' title="bbox 839 2011 1482 2084; baseline -0.003 -17"><span class='ocrx_word' id='word_1_257' title='bbox 839 2012 907 2067; x_wconf 88' lang='lat' dir='ltr'>ratio</span> <span class='ocrx_word' id='word_1_258' title='bbox 929 2013 1068 2084; x_wconf 89' lang='lat' dir='ltr'>insigniter</span> <span class='ocrx_word' id='word_1_259' title='bbox 1087 2013 1251 2069; x_wconf 87' lang='lat' dir='ltr'>declaratur:</span> <span class='ocrx_word' id='word_1_260' title='bbox 1281 2027 1326 2071; x_wconf 87' lang='lat' dir='ltr'>nn.</span> <span class='ocrx_word' id='word_1_261' title='bbox 1347 2011 1385 2067; x_wconf 82' lang='lat'>99</span> <span class='ocrx_word' id='word_1_262' title='bbox 1477 2070 1482 2079; x_wconf 51' lang='lat'><em>‚</em></span> 
     </span>
     <span class='ocr_line' id='line_1_55' title="bbox 838 2122 1465 2183; baseline -0.006 -2"><span class='ocrx_word' id='word_1_263' title='bbox 838 2124 944 2181; x_wconf 83' lang='grc'>-100</span> <span class='ocrx_word' id='word_1_264' title='bbox 946 2164 1385 2183; x_wconf 89' lang='grc'><strong>......</strong></span> <span class='ocrx_word' id='word_1_265' title='bbox 1406 2122 1465 2179; x_wconf 89' lang='grc'>400</span> 
     </span>
     <span class='ocr_line' id='line_1_56' title="bbox 798 2229 1384 2313; baseline 0.002 -19"><span class='ocrx_word' id='word_1_266' title='bbox 798 2236 837 2294; x_wconf 85' lang='lat' dir='ltr'>De</span> <span class='ocrx_word' id='word_1_267' title='bbox 864 2244 997 2311; x_wconf 88' lang='lat' dir='ltr'>potestate</span> <span class='ocrx_word' id='word_1_268' title='bbox 1022 2256 1118 2297; x_wconf 85' lang='lat' dir='ltr'>vocum</span> <span class='ocrx_word' id='word_1_269' title='bbox 1141 2231 1227 2297; x_wconf 74' lang='lat' dir='ltr'>nilne</span> <span class='ocrx_word' id='word_1_270' title='bbox 1247 2229 1332 2313; x_wconf 65' lang='lat' dir='ltr'>(idon.-</span> <span class='ocrx_word' id='word_1_271' title='bbox 1346 2270 1384 2278; x_wconf 90' lang='lat'>—</span> 
     </span>
     <span class='ocr_line' id='line_1_57' title="bbox 839 2352 1387 2426; baseline 0.002 -19"><span class='ocrx_word' id='word_1_272' title='bbox 839 2354 991 2424; x_wconf 90' lang='lat' dir='ltr'>opinionum</span> <span class='ocrx_word' id='word_1_273' title='bbox 1004 2354 1135 2411; x_wconf 85' lang='lat' dir='ltr'>divortia:</span> <span class='ocrx_word' id='word_1_274' title='bbox 1149 2371 1175 2409; x_wconf 92' lang='lat' dir='ltr'>n.</span> <span class='ocrx_word' id='word_1_275' title='bbox 1188 2354 1254 2411; x_wconf 98' lang='grc'>101.</span> <span class='ocrx_word' id='word_1_276' title='bbox 1266 2386 1305 2394; x_wconf 91' lang='grc'>--</span> <span class='ocrx_word' id='word_1_277' title='bbox 1323 2352 1387 2426; x_wconf 91' lang='lat' dir='ltr'>quid</span> 
     </span>
     <span class='ocr_line' id='line_1_58' title="bbox 840 2467 1386 2526; baseline 0.004 -6"><span class='ocrx_word' id='word_1_278' title='bbox 840 2467 1005 2525; x_wconf 88' lang='lat' dir='ltr'>statuendum</span> <span class='ocrx_word' id='word_1_279' title='bbox 1026 2486 1087 2526; x_wconf 85' lang='lat' dir='ltr'>esse</span> <span class='ocrx_word' id='word_1_280' title='bbox 1107 2470 1243 2526; x_wconf 87' lang='lat' dir='ltr'>videatur:</span> <span class='ocrx_word' id='word_1_281' title='bbox 1264 2486 1307 2525; x_wconf 86' lang='lat' dir='ltr'>nn.</span> <span class='ocrx_word' id='word_1_282' title='bbox 1330 2467 1386 2524; x_wconf 79' lang='grc'>102</span> 
     </span>
     <span class='ocr_line' id='line_1_59' title="bbox 840 2579 1466 2639; baseline -0.003 -3"><span class='ocrx_word' id='word_1_283' title='bbox 840 2580 937 2637; x_wconf 47' lang='grc' dir='ltr'>-ω103</span> <span class='ocrx_word' id='word_1_284' title='bbox 940 2621 1384 2639; x_wconf 86' lang='grc'><strong>......</strong></span> <span class='ocrx_word' id='word_1_285' title='bbox 1407 2579 1466 2635; x_wconf 88' lang='grc'>464</span> 
     </span>
     <span class='ocr_line' id='line_1_60' title="bbox 798 2690 1387 2774; baseline 0.002 -24"><span class='ocrx_word' id='word_1_286' title='bbox 798 2694 838 2751; x_wconf 86' lang='lat' dir='ltr'>De</span> <span class='ocrx_word' id='word_1_287' title='bbox 857 2696 1053 2767; x_wconf 80' lang='lat' dir='ltr'>significatione</span> <span class='ocrx_word' id='word_1_288' title='bbox 1073 2697 1149 2753; x_wconf 84' lang='lat' dir='ltr'>verbi</span> <span class='ocrx_word' id='word_1_289' title='bbox 1164 2690 1387 2774; x_wconf 64' lang='grc' dir='ltr'>κιιιισχύσοοσιιῑ</span> 
     </span>
     <span class='ocr_line' id='line_1_61' title="bbox 837 2804 1385 2887; baseline 0.007 -23"><span class='ocrx_word' id='word_1_290' title='bbox 837 2826 863 2864; x_wconf 85' lang='grc' dir='ltr'>ιι.</span> <span class='ocrx_word' id='word_1_291' title='bbox 882 2809 947 2865; x_wconf 85' lang='grc'>104.</span> <span class='ocrx_word' id='word_1_292' title='bbox 965 2843 1003 2850; x_wconf 90' lang='grc'>--</span> <span class='ocrx_word' id='word_1_293' title='bbox 1031 2811 1116 2887; x_wconf 83' lang='lat' dir='ltr'>deque</span> <span class='ocrx_word' id='word_1_294' title='bbox 1136 2804 1273 2886; x_wconf 69' lang='grc' dir='ltr'><strong><em>μειώσεως</em></strong></span> <span class='ocrx_word' id='word_1_295' title='bbox 1293 2817 1385 2884; x_wconf 86' lang='lat' dir='ltr'>tropo,</span> 
     </span>
     <span class='ocr_line' id='line_1_62' title="bbox 838 2923 1386 3000; baseline 0.005 -23"><span class='ocrx_word' id='word_1_296' title='bbox 838 2939 890 2993; x_wconf 89' lang='lat' dir='ltr'>quo</span> <span class='ocrx_word' id='word_1_297' title='bbox 911 2923 1030 2980; x_wconf 85' lang='lat' dir='ltr'>Christus</span> <span class='ocrx_word' id='word_1_298' title='bbox 1057 2928 1151 2982; x_wconf 90' lang='lat' dir='ltr'>utitur:</span> <span class='ocrx_word' id='word_1_299' title='bbox 1189 2961 1210 2966; x_wconf 89' lang='lat'><em>-</em></span> <span class='ocrx_word' id='word_1_300' title='bbox 1238 2928 1386 3000; x_wconf 82' lang='lat' dir='ltr'>expolitur,</span> 
     </span>
     <span class='ocr_line' id='line_1_63' title="bbox 837 3039 1386 3112; baseline 0.009 -22"><span class='ocrx_word' id='word_1_301' title='bbox 837 3053 955 3109; x_wconf 86' lang='lat' dir='ltr'>quaeque</span> <span class='ocrx_word' id='word_1_302' title='bbox 989 3039 1111 3110; x_wconf 81' lang='lat' dir='ltr'>integrae</span> <span class='ocrx_word' id='word_1_303' title='bbox 1139 3041 1227 3112; x_wconf 81' lang='lat' dir='ltr'>phrasi</span> <span class='ocrx_word' id='word_1_304' title='bbox 1254 3042 1386 3097; x_wconf 89' lang='lat' dir='ltr'>sententia</span> 
     </span>
     <span class='ocr_line' id='line_1_64' title="bbox 837 3149 1465 3222; baseline 0.008 -20"><span class='ocrx_word' id='word_1_305' title='bbox 837 3149 931 3222; x_wconf 86' lang='lat' dir='ltr'>subsit,</span> <span class='ocrx_word' id='word_1_306' title='bbox 953 3152 1117 3208; x_wconf 87' lang='lat' dir='ltr'>ostenditur:</span> <span class='ocrx_word' id='word_1_307' title='bbox 1139 3171 1164 3209; x_wconf 87' lang='lat' dir='ltr'>n.</span> <span class='ocrx_word' id='word_1_308' title='bbox 1183 3154 1247 3210; x_wconf 89' lang='grc'>105.</span> <span class='ocrx_word' id='word_1_309' title='bbox 1285 3195 1293 3209; x_wconf 94' lang='grc'>.</span> <span class='ocrx_word' id='word_1_310' title='bbox 1377 3194 1384 3208; x_wconf 96' lang='grc'>.</span> <span class='ocrx_word' id='word_1_311' title='bbox 1406 3151 1465 3208; x_wconf 85' lang='grc'>410</span> 
     </span>
    </p>
   </div>
   <div class='ocr_carea' id='block_1_18' title="bbox 1027 3314 1241 3400">
    <p class='ocr_par' dir='ltr' id='par_1_19' title="bbox 1027 3314 1241 3400">
     <span class='ocr_line' id='line_1_65' title="bbox 1027 3314 1241 3400; baseline -0.005 -22"><span class='ocrx_word' id='word_1_312' title='bbox 1027 3314 1131 3400; x_wconf 87' lang='lat' dir='ltr'>Caput</span> <span class='ocrx_word' id='word_1_313' title='bbox 1152 3317 1241 3381; x_wconf 88' lang='lat' dir='ltr'>Vlll.</span> 
     </span>
    </p>
   </div>
   <div class='ocr_carea' id='block_1_19' title="bbox 797 3451 1466 5127">
    <p class='ocr_par' dir='ltr' id='par_1_20' title="bbox 797 3451 1466 5127">
     <span class='ocr_line' id='line_1_66' title="bbox 800 3451 1387 3518; baseline 0.007 -13"><span class='ocrx_word' id='word_1_314' title='bbox 800 3451 858 3518; x_wconf 80' lang='lat' dir='ltr'>Quo</span> <span class='ocrx_word' id='word_1_315' title='bbox 873 3467 941 3507; x_wconf 90' lang='lat' dir='ltr'>nexu</span> <span class='ocrx_word' id='word_1_316' title='bbox 960 3458 1051 3510; x_wconf 84' lang='lat' dir='ltr'>mutuo</span> <span class='ocrx_word' id='word_1_317' title='bbox 1062 3455 1223 3511; x_wconf 78' lang='lat' dir='ltr'>cohaereant</span> <span class='ocrx_word' id='word_1_318' title='bbox 1235 3454 1317 3511; x_wconf 80' lang='lat' dir='ltr'>verita</span> <span class='ocrx_word' id='word_1_319' title='bbox 1329 3453 1387 3510; x_wconf 85' lang='lat' dir='ltr'>Sal·</span> 
     </span>
     <span class='ocr_line' id='line_1_67' title="bbox 840 3566 1387 3625; baseline 0.004 -5"><span class='ocrx_word' id='word_1_320' title='bbox 840 3568 941 3623; x_wconf 86' lang='lat' dir='ltr'>valoris</span> <span class='ocrx_word' id='word_1_321' title='bbox 962 3567 1051 3625; x_wconf 70' lang='grc'>11011.</span> <span class='ocrx_word' id='word_1_322' title='bbox 1066 3568 1137 3625; x_wconf 79' lang='lat' dir='ltr'>xvi.</span> <span class='ocrx_word' id='word_1_323' title='bbox 1154 3566 1285 3625; x_wconf 79' lang='grc' dir='ltr'>18--19ι</span> <span class='ocrx_word' id='word_1_324' title='bbox 1303 3601 1341 3607; x_wconf 79' lang='grc'>--</span> <span class='ocrx_word' id='word_1_325' title='bbox 1363 3568 1387 3623; x_wconf 90' lang='lat' dir='ltr'>is</span> 
     </span>
     <span class='ocr_line' id='line_1_68' title="bbox 839 3682 1388 3755; baseline 0.004 -21"><span class='ocrx_word' id='word_1_326' title='bbox 839 3686 881 3736; x_wconf 91' lang='lat' dir='ltr'>est</span> <span class='ocrx_word' id='word_1_327' title='bbox 900 3682 1075 3754; x_wconf 83' lang='lat' dir='ltr'>arctissimus,</span> <span class='ocrx_word' id='word_1_328' title='bbox 1095 3699 1181 3754; x_wconf 84' lang='lat' dir='ltr'>neque</span> <span class='ocrx_word' id='word_1_329' title='bbox 1201 3688 1289 3738; x_wconf 86' lang='lat' dir='ltr'>tamen</span> <span class='ocrx_word' id='word_1_330' title='bbox 1304 3683 1388 3755; x_wconf 86' lang='lat' dir='ltr'>impe-</span> 
     </span>
     <span class='ocr_line' id='line_1_69' title="bbox 838 3794 1385 3866; baseline 0.005 -19"><span class='ocrx_word' id='word_1_331' title='bbox 838 3794 878 3848; x_wconf 91' lang='lat' dir='ltr'>dit</span> <span class='ocrx_word' id='word_1_332' title='bbox 897 3795 1038 3866; x_wconf 84' lang='lat' dir='ltr'>quominus</span> <span class='ocrx_word' id='word_1_333' title='bbox 1059 3795 1167 3852; x_wconf 79' lang='lat' dir='ltr'>diverso</span> <span class='ocrx_word' id='word_1_334' title='bbox 1184 3795 1318 3851; x_wconf 84' lang='lat' dir='ltr'>schemate</span> <span class='ocrx_word' id='word_1_335' title='bbox 1332 3800 1385 3851; x_wconf 88' lang='lat' dir='ltr'>tam</span> 
     </span>
     <span class='ocr_line' id='line_1_70' title="bbox 839 3906 1388 3982; baseline 0.004 -20"><span class='ocrx_word' id='word_1_336' title='bbox 839 3906 958 3965; x_wconf 86' lang='lat' dir='ltr'>Christos</span> <span class='ocrx_word' id='word_1_337' title='bbox 969 3925 1045 3979; x_wconf 86' lang='lat' dir='ltr'>quam</span> <span class='ocrx_word' id='word_1_338' title='bbox 1057 3909 1149 3965; x_wconf 89' lang='lat' dir='ltr'>Petrus</span> <span class='ocrx_word' id='word_1_339' title='bbox 1159 3914 1271 3982; x_wconf 71' lang='lat' dir='ltr'>unoque</span> <span class='ocrx_word' id='word_1_340' title='bbox 1282 3911 1307 3965; x_wconf 93' lang='lat' dir='ltr'>in</span> <span class='ocrx_word' id='word_1_341' title='bbox 1315 3926 1388 3964; x_wconf 87' lang='lat' dir='ltr'>com·</span> 
     </span>
     <span class='ocr_line' id='line_1_71' title="bbox 839 4023 1386 4096; baseline 0 -17"><span class='ocrx_word' id='word_1_342' title='bbox 839 4030 909 4079; x_wconf 90' lang='lat' dir='ltr'>mate</span> <span class='ocrx_word' id='word_1_343' title='bbox 923 4029 1166 4096; x_wconf 85' lang='lat' dir='ltr'>repraesententur:</span> <span class='ocrx_word' id='word_1_344' title='bbox 1181 4054 1218 4063; x_wconf 89' lang='lat'>-</span> <span class='ocrx_word' id='word_1_345' title='bbox 1237 4023 1386 4079; x_wconf 88' lang='lat' dir='ltr'>cuiusmodi</span> 
     </span>
     <span class='ocr_line' id='line_1_72' title="bbox 838 4136 1386 4193; baseline -0.005 0"><span class='ocrx_word' id='word_1_346' title='bbox 838 4139 875 4193; x_wconf 92' lang='lat' dir='ltr'>ait</span> <span class='ocrx_word' id='word_1_347' title='bbox 894 4138 946 4193; x_wconf 82' lang='lat' dir='ltr'>troc</span> <span class='ocrx_word' id='word_1_348' title='bbox 962 4138 1085 4193; x_wconf 83' lang='lat' dir='ltr'>schema:</span> <span class='ocrx_word' id='word_1_349' title='bbox 1101 4169 1138 4177; x_wconf 85' lang='lat'>—-</span> <span class='ocrx_word' id='word_1_350' title='bbox 1160 4136 1322 4193; x_wconf 88' lang='lat' dir='ltr'>declaratur:</span> <span class='ocrx_word' id='word_1_351' title='bbox 1342 4152 1386 4191; x_wconf 91' lang='lat' dir='ltr'>nn.</span> 
     </span>
     <span class='ocr_line' id='line_1_73' title="bbox 843 4247 1466 4307; baseline -0.005 -1"><span class='ocrx_word' id='word_1_352' title='bbox 843 4249 1020 4307; x_wconf 76' lang='lat' dir='ltr'>loo—tot.</span> <span class='ocrx_word' id='word_1_353' title='bbox 1112 4292 1120 4307; x_wconf 91' lang='lat'><strong>.</strong></span> <span class='ocrx_word' id='word_1_354' title='bbox 1201 4290 1209 4306; x_wconf 88' lang='lat'><strong>.</strong></span> <span class='ocrx_word' id='word_1_355' title='bbox 1289 4289 1297 4305; x_wconf 88' lang='lat'><strong>.</strong></span> <span class='ocrx_word' id='word_1_356' title='bbox 1379 4247 1466 4305; x_wconf 80' lang='grc'><strong>,474</strong></span> 
     </span>
     <span class='ocr_line' id='line_1_74' title="bbox 797 4363 1386 4437; baseline -0.002 -17"><span class='ocrx_word' id='word_1_357' title='bbox 797 4365 837 4420; x_wconf 87' lang='lat' dir='ltr'>De</span> <span class='ocrx_word' id='word_1_358' title='bbox 857 4365 979 4422; x_wconf 86' lang='lat' dir='ltr'>subiecto</span> <span class='ocrx_word' id='word_1_359' title='bbox 996 4366 1139 4437; x_wconf 83' lang='lat' dir='ltr'>quaeritur,</span> <span class='ocrx_word' id='word_1_360' title='bbox 1160 4366 1193 4421; x_wconf 95' lang='lat' dir='ltr'>ad</span> <span class='ocrx_word' id='word_1_361' title='bbox 1208 4363 1280 4437; x_wconf 85' lang='lat' dir='ltr'>quod</span> <span class='ocrx_word' id='word_1_362' title='bbox 1294 4363 1386 4435; x_wconf 82' lang='lat' dir='ltr'>verta,</span> 
     </span>
     <span class='ocr_line' id='line_1_75' title="bbox 838 4468 1448 4554; baseline 0.003 -23"><span class='ocrx_word' id='word_1_363' title='bbox 838 4475 884 4532; x_wconf 82' lang='grc' dir='ltr'>καὶ</span> <span class='ocrx_word' id='word_1_364' title='bbox 913 4468 996 4535; x_wconf 74' lang='grc' dir='ltr'><strong><em>δώσω</em></strong></span> <span class='ocrx_word' id='word_1_365' title='bbox 1015 4475 1060 4533; x_wconf 83' lang='grc' dir='ltr'>σοὶ</span> <span class='ocrx_word' id='word_1_366' title='bbox 1079 4470 1131 4543; x_wconf 74' lang='lat' dir='ltr'>ede</span> <span class='ocrx_word' id='word_1_367' title='bbox 1149 4475 1221 4544; x_wconf 76' lang='grc' dir='ltr'><strong><em>κλεῖς</em></strong></span> <span class='ocrx_word' id='word_1_368' title='bbox 1239 4473 1289 4550; x_wconf 75' lang='grc' dir='ltr'>τῆς</span> <span class='ocrx_word' id='word_1_369' title='bbox 1308 4474 1387 4554; x_wconf 80' lang='grc' dir='ltr'><strong><em>βασι·</em></strong></span> <span class='ocrx_word' id='word_1_370' title='bbox 1444 4538 1448 4545; x_wconf 62' lang='lat'><em>„</em></span> 
     </span>
     <span class='ocr_line' id='line_1_76' title="bbox 837 4581 1387 4664; baseline -0.004 -17"><span class='ocrx_word' id='word_1_371' title='bbox 837 4588 912 4656; x_wconf 77' lang='grc' dir='ltr'><strong><em>λείας</em></strong></span> <span class='ocrx_word' id='word_1_372' title='bbox 931 4586 987 4647; x_wconf 72' lang='lat' dir='ltr'>eois</span> <span class='ocrx_word' id='word_1_373' title='bbox 1007 4581 1141 4664; x_wconf 76' lang='grc' dir='ltr'>οίραοῶκ,</span> <span class='ocrx_word' id='word_1_374' title='bbox 1161 4594 1255 4649; x_wconf 83' lang='lat' dir='ltr'>reterri</span> <span class='ocrx_word' id='word_1_375' title='bbox 1274 4590 1387 4647; x_wconf 84' lang='lat' dir='ltr'>debent:</span> 
     </span>
     <span class='ocr_line' id='line_1_77' title="bbox 839 4705 1389 4781; baseline 0 -20"><span class='ocrx_word' id='word_1_376' title='bbox 839 4737 877 4746; x_wconf 90' lang='lat'>-</span> <span class='ocrx_word' id='word_1_377' title='bbox 905 4706 1108 4779; x_wconf 87' lang='lat' dir='ltr'>protestantium</span> <span class='ocrx_word' id='word_1_378' title='bbox 1130 4707 1248 4781; x_wconf 75' lang='lat' dir='ltr'>opinio,</span> <span class='ocrx_word' id='word_1_379' title='bbox 1262 4705 1333 4779; x_wconf 84' lang='lat' dir='ltr'>quod</span> <span class='ocrx_word' id='word_1_380' title='bbox 1354 4705 1389 4761; x_wconf 89' lang='lat' dir='ltr'>ad</span> 
     </span>
     <span class='ocr_line' id='line_1_78' title="bbox 839 4818 1386 4894; baseline 0.002 -20"><span class='ocrx_word' id='word_1_381' title='bbox 839 4836 932 4876; x_wconf 83' lang='lat' dir='ltr'>ornnes</span> <span class='ocrx_word' id='word_1_382' title='bbox 950 4837 984 4877; x_wconf 89' lang='lat' dir='ltr'>ex</span> <span class='ocrx_word' id='word_1_383' title='bbox 999 4835 1083 4893; x_wconf 88' lang='lat' dir='ltr'>aequo</span> <span class='ocrx_word' id='word_1_384' title='bbox 1097 4818 1236 4892; x_wconf 90' lang='lat' dir='ltr'>apostolos</span> <span class='ocrx_word' id='word_1_385' title='bbox 1249 4826 1386 4894; x_wconf 90' lang='lat' dir='ltr'>spectent:</span> 
     </span>
     <span class='ocr_line' id='line_1_79' title="bbox 841 4935 1388 4993; baseline -0.005 0"><span class='ocrx_word' id='word_1_386' title='bbox 841 4969 878 4976; x_wconf 88' lang='lat'>-</span> <span class='ocrx_word' id='word_1_387' title='bbox 907 4953 940 4992; x_wconf 89' lang='lat' dir='ltr'>ea</span> <span class='ocrx_word' id='word_1_388' title='bbox 960 4937 1019 4993; x_wconf 89' lang='lat' dir='ltr'>aliis</span> <span class='ocrx_word' id='word_1_389' title='bbox 1040 4951 1074 4990; x_wconf 88' lang='lat' dir='ltr'>ex</span> <span class='ocrx_word' id='word_1_390' title='bbox 1095 4935 1190 4990; x_wconf 87' lang='lat' dir='ltr'>eodem</span> <span class='ocrx_word' id='word_1_391' title='bbox 1211 4950 1320 4990; x_wconf 87' lang='lat' dir='ltr'>numeru</span> <span class='ocrx_word' id='word_1_392' title='bbox 1340 4936 1388 4991; x_wconf 86' lang='lat' dir='ltr'>inr-</span> 
     </span>
     <span class='ocr_line' id='line_1_80' title="bbox 839 5048 1387 5127; baseline 0 -18"><span class='ocrx_word' id='word_1_393' title='bbox 839 5051 982 5127; x_wconf 86' lang='lat' dir='ltr'>probatur:</span> <span class='ocrx_word' id='word_1_394' title='bbox 997 5068 1023 5108; x_wconf 90' lang='lat' dir='ltr'>n.</span> <span class='ocrx_word' id='word_1_395' title='bbox 1037 5048 1102 5107; x_wconf 80' lang='grc'>108.</span> <span class='ocrx_word' id='word_1_396' title='bbox 1115 5082 1151 5089; x_wconf 82' lang='lat'>-</span> <span class='ocrx_word' id='word_1_397' title='bbox 1164 5066 1196 5108; x_wconf 90' lang='lat' dir='ltr'>ac</span> <span class='ocrx_word' id='word_1_398' title='bbox 1206 5051 1302 5108; x_wconf 86' lang='lat' dir='ltr'>merito</span> <span class='ocrx_word' id='word_1_399' title='bbox 1312 5065 1387 5126; x_wconf 84' lang='lat' dir='ltr'>sane,</span> 
     </span>
    </p>
   </div>
   <div class='ocr_carea' id='block_1_20' title="bbox 1207 5158 1254 5233">
    <p class='ocr_par' dir='ltr' id='par_1_21' title="bbox 1207 5158 1254 5233">
     <span class='ocr_line' id='line_1_81' title="bbox 1207 5158 1254 5233; baseline -0.085 0"><span class='ocrx_word' id='word_1_400' title='bbox 1207 5158 1254 5233; x_wconf 84' lang='lat'>39</span> 
     </span>
    </p>
   </div>
   <div class='ocr_carea' id='block_1_21' title="bbox 0 0 1666 5382">
    <p class='ocr_par' dir='ltr' id='par_1_22' title="bbox 0 0 1666 5382">
     <span class='ocr_line' id='line_1_82' title="bbox 0 0 1666 5382; baseline 0 0"><span class='ocrx_word' id='word_1_401' title='bbox 0 0 1666 5382; x_wconf 95' lang='lat' dir='ltr'> </span> 
     </span>
    </p>
   </div>
  </div>
 </body>
</html>
