3324 5382
208 292 270 357 sot
696 289 828 355 lalellb
868 289 1103 358 SECUNDUS

208 460 520 544 impoenitudinem,
541 457 637 535 αὐτὸς
658 460 841 545 καταρτίσαι
861 462 938 543 (ipse
958 476 1029 539 uos,
1052 476 1109 522 oen
1129 459 1214 521 uiros
1234 457 1461 540 spiritualesque
1480 455 1586 539 lapides
1643 496 1644 527 i

208 579 277 653 apte
296 572 469 653 coniungat)
490 568 584 653 ὑμᾶς,
607 567 759 651 στηρίξαι,
781 569 956 645 adeundus,
980 566 1185 651 deaahoioott.

315 678 446 743 Dubitari
470 697 542 743 voro
562 697 622 742 non
643 687 749 762 potest,
772 680 924 759 formulae,
946 675 1091 761 στήριξον
1110 671 1185 752 τούς
1205 673 1369 762 ἀδελφούς
1383 695 1453 755 σον,
1476 692 1587 741 senam
1641 712 1642 717 ν

209 791 311 854 messe
332 789 489 871 moralem,
525 808 646 854 sensum
675 789 813 853 videlicet
840 789 881 854 illi
906 789 1100 866 simillimum,
1136 803 1196 869 quo
1229 786 1352 850 verbum
1383 785 1532 867 στηρίζειν
1555 784 1588 849 ad

208 899 338 982 spiritale
366 898 514 962 ecclesiae
542 880 705 963 aediliciam
733 898 902 962 translatum
929 897 1084 962 adhibetur
1114 896 1240 960 nwda⁸'
1274 896 1314 959 de
1333 894 1402 959 Deo
1421 904 1452 960 et
1475 893 1587 959 Obruta

209 1015 285 1084 etur,
309 1008 450 1090 aquibus
473 1008 600 1073 ecclesia
615 1008 705 1072 babet
716 1015 749 1071 ut
762 1009 808 1089 sit,
830 1009 996 1090 invictaque
1015 1014 1208 1089 perseveret:
1229 1007 1354 1071 modo⁸¹
1380 1007 1420 1070 da
1441 1003 1587 1086 apostolis,

210 1119 260 1207 qui
295 1119 518 1200 πνευματικῶν
547 1117 755 1201 χαρισμάτων
782 1119 989 1181 communione
1020 1115 1147 1179 creditas
1176 1116 1232 1180 sibi
1260 1134 1333 1181 oses
1362 1116 1522 1181 stmibant:
1557 1133 1588 1178 ac

208 1227 297 1291 mado
325 1227 362 1291 de
386 1235 548 1308 maeonia,
590 1229 640 1310 qni
667 1226 704 1291 ab
735 1226 914 1310 apostolis‘²
946 1227 1042 1306 missi,
1079 1232 1110 1289 et
1134 1244 1151 1289 a
1179 1226 1416 1309 Spiritu-sancto
1443 1224 1587 1309 regendae

210 1337 396 1402 ecclesiae⁸³
419 1337 574 1422 praelecti,
609 1337 784 1402 iubentur⁸⁴
807 1338 986 1421 advigilare,
1023 1355 1166 1418 suamque
1197 1353 1319 1418 operam
1346 1337 1376 1399 in
1397 1336 1428 1399 id
1450 1334 1586 1413 confeme,

209 1450 319 1532 nequi
338 1456 430 1529 stam,
461 1449 612 1530 decidant,
645 1449 745 1529 etqui
767 1448 980 1530 periclitantur,
1016 1446 1172 1510 infeliciter
1193 1452 1340 1510 manant
1382 1445 1479 1519 Οιιωα
1499 1447 1588 1527 itaque

208 1557 295 1622 Petro
315 1558 430 1639 dicitru,
452 1559 505 1622 aul
527 1556 567 1621 σύ
587 1579 663 1622 nore
683 1562 875 1640 ἐπιστρέψας
896 1555 1039 1638 στήριξον
1058 1554 1133 1632 τούς
1148 1553 1310 1640 ἀδελφούς
1323 1574 1393 1632 σον,
1415 1576 1529 1619 munus
1549 1552 1588 1617 illi

208 1665 414 1751 officiumque
440 1674 628 1751 ίιτίαιιρίίατ,
665 1689 723 1749 qua
756 1666 915 1732 architecti
944 1674 1047 1730 ιἰιιίσι·
1076 1667 1224 1730 Mamur
1251 1664 1341 1729 electi
1368 1674 1479 1747 parter
1504 1663 1588 1728 ιαιία-

207 1784 329 1842 rtartiai
348 1777 486 1860 aedificii
505 1786 668 1855 contiueat,
689 1777 818 1856 roboret,
839 1785 1042 1858 inmotasque
1063 1785 1198 1841 tueatur.

317 1894 387 1951 sot.
432 1889 580 1963 Quasnam
607 1905 680 1952 vero
707 1895 806 1971 portes
834 1888 1048 1951 confirmandas
1068 1883 1202 1969 recepit?
1230 1885 1347 1967 quodve
1367 1884 1587 1949 confirmationis

209 2015 305 2080 genus
324 2005 514 2079 praeceptum
535 1998 576 2061 illi
598 1995 672 2061 toitt
709 1999 746 2062 de
763 1996 906 2078 partdm
926 1997 1005 2060 nulla
1030 2014 1100 2060 esse
1126 2001 1224 2077 potest
1250 1996 1473 2074 conuomrsia,
1508 2009 1586 2075 quau

208 2106 266 2171 hae
287 2107 491 2191 siqnlficentur
512 2106 625 2189 verbis,
661 2104 900 2188 scriptiuncula
921 2104 1083 2192 ἀδελφούς
1103 2122 1180 2169 ooo:
1213 2103 1332 2168 bobum
1358 2109 1459 2166 auum
1479 2103 1586 2165 nomme

210 2219 312 2282 venae
332 2216 502 2299 apostolor,
534 2236 574 2281 ex
594 2218 629 2281 iis
649 2225 765 2282 constet
785 2219 899 2301 quae‘⁵
924 2217 1124 2281 disseruimus.
1167 2212 1327 2297 Apostolos
1347 2213 1439 2296 igitur
1457 2213 1511 2277 sibi
1530 2230 1587 2274 cre·

209 2327 300 2409 ditos,
335 2329 569 2408 commissosque
591 2324 717 2409 αμέσως
739 2328 848 2391 habuit.
892 2326 1042 2407 Proxime,
1074 2327 1208 2406 inquam,
1230 2340 1266 2389 ao
1286 2319 1428 2406 dudone,
1451 2320 1582 2405 siquiden

208 2441 351 2520 ίμμέσως
375 2436 489 2519 fideles
515 2456 646 2516 proram
674 2458 777 2500 maner
808 2437 936 2501 ίνιιαίσι
965 2434 1138 2517 susceperit
1181 2433 1291 2497 Rerum
1313 2432 1391 2495 enim
1412 2440 1517 2497 natm
1533 2446 1584 2492 uon

209 2546 293 2627 sinit,
321 2553 352 2609 ut
372 2549 529 2611 universae
550 2545 679 2609 bdelium
699 2547 850 2609 concionis
872 2547 900 2610 ei
919 2544 1026 2608 tributa
1050 2561 1121 2608 cura
1144 2543 1326 2625 denegetur,
1354 2560 1447 2625 mem
1467 2541 1584 2606 ummo

208 2655 245 2719 ad
274 2655 489 2727 confirmandos
515 2657 685 2720 nominatim
713 2655 862 2739 apostolos
888 2654 1059 2736 designarit.
1102 2653 1133 2718 Si
1153 2654 1202 2715 oui
1222 2670 1350 2733 namque
1368 2659 1529 2731 pastorum
1546 2655 1584 2710 tu

208 2764 271 2830 tela
293 2766 482 2849 adscribitur,
516 2766 614 2829 eidem
641 2774 743 2829 ocium
772 2785 888 2846 meoque
915 2762 1043 2828 ίαίαίασι
1072 2763 1200 2827 adscribi
1219 2760 1404 2825 mandentum
1427 2768 1489 2823 est:
1520 2755 1585 2821 elsi

209 2876 256 2938 cul
276 2877 455 2959 praecipitur
475 2884 507 2939 ut
526 2874 684 2940 αοίναιιιαι
714 2882 872 2954 sustentet,
905 2874 1002 2937 eidem
1023 2891 1141 2955 quoque
1163 2871 1292 2954 praecipi
1312 2877 1346 2933 ut
1365 2877 1498 2933 ammes
1518 2866 1584 2945 lapi

209 2985 263 3049 dea
286 2984 443 3065 suffulciat,
478 3004 568 3049 nemo
589 3004 679 3050 sanus
700 2983 865 3048 diffiteatur.
907 2982 1013 3047 Verbis
1035 2983 1139 3066 igitur,
1175 2977 1321 3062 στήριξον
1340 2976 1414 3054 τούς
1436 2973 1584 3062 ἀδελφούς

209 3114 285 3170 σον,
320 3095 426 3177 quibus
447 3094 533 3158 Petro
555 3094 736 3158 confirmatio
757 3091 962 3174 apostolorum
989 3090 1115 3176 ἀνίσως
1142 3089 1291 3167 tribuitru,
1327 3089 1428 3154 eidem
1455 3091 1584 3172 spurius

209 3210 397 3268 αιιίαιττίίατ
411 3201 556 3284 fidelium
576 3203 783 3284 confirmanda,
806 3201 972 3284 tuendaque
993 3199 1224 3264 commendatur.

315 3314 362 3377 Ao
384 3335 419 3377 eo
440 3315 558 3394 pudere
578 3311 836 3394 confirmations,
868 3315 1123 3391 praeettoniaqaa
1146 3329 1273 3393 penore,
1307 3325 1367 3390 quo
1394 3307 1504 3372 nullum
1530 3305 1583 3368 sire

210 3425 411 3487 necessarium
436 3425 552 3507 magis,
587 3425 652 3486 sive
679 3421 882 3505 praestantius.
925 3417 1112 3482 danmatio
1134 3420 1213 3482 enim
1236 3417 1425 3500 praecipitur,
1457 3434 1511 3497 qua
1538 3414 1584 3475 iu·

210 3534 326 3596 minens
348 3550 387 3595 ex
407 3540 487 3614 astu,
518 3532 726 3614 fraudibusque
746 3537 866 3594 satam
885 3529 1032 3610 pernicies
1053 3535 1247 3591 averteretur.
1289 3524 1479 3608 Impendebat
1498 3527 1584 3586 anan

208 3645 396 3727 ρεττιίαἰιναη
419 3642 574 3707 excidendi
594 3661 612 3706 a
631 3641 697 3704 lide.
733 3638 803 3704 Eius
823 3640 914 3722 igitur
933 3636 1161 3701 confirmationis
1184 3644 1293 3700 arretor
1311 3636 1468 3699 instituitur
1482 3632 1581 3705 Petrus,

209 3771 266 3834 qua
285 3753 378 3834 lieret,
399 3773 439 3815 ne
458 3750 617 3816 colmnnae
637 3748 793 3827 ecclesiae,
815 3754 1009 3827 minoresque
1026 3756 1133 3826 parter
1153 3753 1275 3810 iactura
1283 3743 1365 3828 fidei
1383 3743 1481 3807 eloco
1497 3747 1584 3806 ινιαίιι

205 3860 467 3944 proturbataeque
498 3860 538 3926 ab
567 3858 777 3925 eeclesiastico
805 3856 947 3940 aedificio
968 3854 1117 3940 sandius
1146 3862 1378 3936 repararentur.
1429 3853 1493 3926 Quo
1519 3864 1582 3913 saue

209 3972 435 4037 confirmationis
458 3976 521 4036 inre
544 3971 703 4054 cilicioque
723 3969 795 4034 nibil
816 3967 984 4045 sublimius,
1020 3965 1091 4029 nihil
1111 3984 1166 4047 pro
1187 3982 1246 4047 quo
1267 3965 1463 4046 impensiores
1483 3957 1583 4043 graiae

1642 1560 1644 1675 l

208 4081 323 4146 Cbristo
345 4082 494 4147 Servatori
515 4081 695 4161 habeantur,
726 4099 762 4143 ac
784 4078 904 4141 omnino
924 4075 995 4140 nibil
1016 4093 1075 4158 quo
1095 4073 1145 4138 cel
1163 4072 1288 4138 babitus
1311 4071 1441 4137 Petram
1462 4070 1582 4135 interd
1643 4126 1644 4129 ,

207 4189 373 4271 metelos,
394 4197 688 4271 universitatemque
704 4187 845 4272 fidelium
859 4187 1006 4250 ἀίσίιτίίαι
1021 4191 1205 4249 menariae
1219 4185 1389 4248 ασίιίαιιίίαι
1404 4180 1581 4252 ostendatur,

207 4299 260 4364 ael
279 4297 371 4365 Petri
391 4298 527 4379 ἐξουσία,
549 4308 705 4381 potiorqaae
726 4304 898 4363 auctoritas
918 4293 1111 4376 splendidius
1132 4295 1365 4359 demonstretur.

315 4417 385 4474 205.
428 4410 473 4474 Eo
492 4429 619 4494 namque
633 4410 736 4474 Petrus
747 4429 825 4489 prae
844 4403 990 4488 apostolia
1007 4412 1149 4486 ρήαιαιιι,
1171 4423 1207 4469 ac
1225 4426 1303 4487 prae
1317 4401 1463 4487 fidelibus
1485 4396 1581 4465 &ads

208 4517 349 4585 ασιιιίίνατ
369 4528 506 4599 nument
525 4528 630 4584 instar
648 4517 811 4584 architecti
829 4518 1028 4597 constituitur,
1051 4516 1101 4598 qui
1122 4515 1294 4580 eorumdem
1313 4522 1348 4579 tn
1362 4514 1430 4597 fide
1449 4517 1581 4578 constra-

270 4706 317 4784 ⁸·)
337 4708 415 4766 Rom.
436 4706 506 4766 XVI.
529 4707 584 4782 25,
611 4706 742 4764 L'l'bess.
761 4706 807 4764 lll.
829 4702 875 4780 ts,
992 4702 1037 4778 ⁶³)
1059 4701 1120 4760 aa
1140 4702 1199 4760 xx.
1220 4703 1268 4760 28.

209 4811 242 4869 tt.
257 4812 350 4869 Thess.
371 4813 404 4870 ll.
428 4812 479 4887 17,
499 4814 605 4870 LPetr.
625 4814 660 4870 V.
684 4812 729 4868 to.
992 4807 1038 4884 ¹⁴)
1057 4809 1144 4882 Apoc.
1165 4808 1210 4866 tlt
1230 4808 1259 4864 2.

271 4917 317 4994 ⁶¹)
337 4919 413 4975 Rom.
434 4915 455 4972 l.
479 4914 531 4991 ll,
552 4917 614 4974 buc.
635 4916 717 4973 xxtt
738 4906 798 4973 32)
992 4913 1037 4990 “)
1058 4932 1102 4973 na.
1122 4912 1300 4974 sot-202.

272 5020 318 5097 ¹²)
337 5021 359 5079 Ι.
377 5020 471 5079 Thess.
492 5020 538 5079 llb
558 5021 586 5082 2.
990 5019 1036 5101 ⁸⁸)
1056 5019 1119 5080 lna
1139 5018 1222 5082 xxtt
1243 5018 1291 5080 32.
