3266 5416
205 413 247 477 ts
726 408 857 477 umuli
896 409 1061 478 PRIMUS

205 580 285 645 lione
310 588 429 661 petron
456 576 624 662 aedtficmo
648 579 807 645 cadenaco
831 602 937 645 meon
980 580 1143 662 sicutipse
1163 580 1263 644 lurum
1289 579 1439 662 apossolis
1458 578 1574 657 donari,

205 697 237 753 ut
265 689 363 751 lumen
388 688 486 751 mundi
514 688 727 770 appellarentur
740 692 786 771 ²³,
815 697 972 772 ceteraque
1000 710 1042 755 ex
1065 689 1189 754 Domino
1211 693 1304 753 sortiti
1323 698 1401 754 sunt
1422 688 1575 767 vocabum

207 802 245 863 ita
267 799 392 879 Simoni,
418 799 467 879 qui
494 798 633 862 credebat
659 801 689 861 in
710 798 839 881 Petam,
868 799 997 863 Christus
1015 799 1093 863 Petri
1113 800 1235 882 largitus
1252 808 1299 864 est
1318 818 1457 880 nomen,
1485 817 1520 860 ac
1537 816 1576 860 ae

208 909 333 972 cundum
347 906 545 989 metaphoram
558 915 660 991 petrae
673 915 755 972 recte
769 908 873 972 dicitur
886 910 924 993 ei,
941 907 1109 992 oedficodo
1121 909 1285 976 euctemon
1297 930 1405 976 nemu
1418 928 1519 989 samer
1530 914 1577 970 te“

719 1325 1063 1421 ildl'llllll.

524 1532 611 1608 Quae
635 1542 698 1598 aar
727 1557 771 1600 err
798 1535 888 1599 dietis
907 1543 1138 1623 coaequentq:
1161 1531 1311 1599 -Petri
1332 1555 1417 1614 proc
1440 1531 1578 1615 apostolis

372 1706 378 1715 ,
418 1641 514 1707 Maon
539 1652 568 1707 et
597 1652 766 1709 auctmuoa
787 1643 973 1730 sinquloria:
993 1682 1035 1693 -
1055 1645 1190 1725 dudam
1211 1644 1439 1733 πρωτοοτασίοι
1461 1652 1493 1707 et
1512 1662 1577 1721 noo

419 1752 546 1816 mucio.-
566 1791 605 1801 -
627 1775 706 1834 quoe
729 1762 866 1818 ueterum
886 1752 1010 1840 effatis,
1037 1762 1254 1835 sententiisque
1275 1753 1524 1836 confirmantur:
1550 1784 1575 1796 -

419 1861 588 1952 illqutrutio
608 1865 679 1928 inde
706 1865 817 1944 ducto,
844 1866 926 1945 quod
949 1862 1043 1948 monili
1060 1887 1189 1946 proram
1212 1865 1378 1947 οἰκονομίᾳ
1400 1863 1499 1927 Deus
1519 1880 1576 1922 cua

421 1969 599 2037 Abrodomo
627 1982 656 2037 et
686 1972 828 2038 contos
857 1996 926 2039 eum
946 1972 1043 2039 Petro
1069 1983 1182 2060 eqerit:
1209 2010 1242 2022 —
1267 1980 1369 2055 copto
1395 1968 1575 2054 παροῢλοὶα

419 2083 609 2147 inditorum.-
628 2120 669 2131 -
690 2094 875 2164 comparatio
892 2083 1074 2166 ampelius.-
1095 2120 1136 2132 -
1159 2106 1196 2147 oc
1217 2091 1299 2147 ratio
1318 2083 1505 2156 ostenditur,
1526 2099 1574 2158 qais

421 2200 514 2256 certis
538 2191 718 2273 quibusdam
736 2202 972 2275 protestantium
991 2191 1233 2278 difficultatibus
1258 2191 1414 2257 eumdem
1435 2185 1573 2271 autuliol-

318 2463 367 2519 22.
409 2399 509 2525 Quae
522 2457 723 2537 praemisimus
738 2459 923 2542 antecedenti
943 2458 1054 2538 capite,
1067 2458 1106 2519 ita
1127 2462 1193 2518 sunt
1214 2460 1389 2536 comparata,
1411 2460 1445 2515 ut
1465 2447 1572 2513 miden

213 2564 301 2629 voluti
329 2568 469 2649 principia
497 2568 600 2629 merito
630 2569 832 2645 aestimentur,
860 2587 878 2630 e
905 2560 1009 2649 quihus
1035 2582 1208 2648 nonnemo
1227 2565 1468 2644 controversiae,
1498 2575 1571 2641 quotu

212 2674 371 2756 habemus,
398 2676 600 2758 expediendae
625 2678 865 2759 opporumissima
886 2677 1072 2740 deducantur.
1122 2673 1216 2748 Quum
1238 2676 1317 2736 enim
1337 2692 1373 2736 ea
1399 2673 1460 2735 sint
1481 2668 1568 2732 rem·

210 2792 343 2866 monna,
365 2785 444 2849 illurn
465 2786 501 2849 ab
523 2785 661 2867 apostolis
680 2786 800 2867 reliquis
818 2796 991 2870 secernunt,
1012 2770 1228 2867 impediuntque
1250 2785 1404 2864 quominus
1425 2781 1507 2846 nullo
1524 2777 1571 2839 dis

213 2897 343 2978 crimine,
365 2904 395 2959 et
414 2904 561 2977 tamquam
582 2913 657 2959 unus
677 2902 842 2959 ceterorum
863 2896 964 2960 Petrus
984 2894 1134 2959 iudicatam.
1177 2876 1282 2975 Neque
1306 2893 1467 2987 discrimen
1486 2885 1571 2952 modo.

213 3006 266 3071 sed
287 3007 345 3069 vim
367 3007 468 3087 etiam,
490 3007 691 3085 rationemque
711 3005 899 3086 damnosis,
921 3023 957 3067 ac
977 3004 1055 3069 unde
1074 3006 1167 3086 repeti
1188 3004 1258 3067 illud
1278 3003 1398 3083 debeat,
1420 3000 1571 3095 luculenter

213 3119 353 3199 aperiunt
396 3115 558 3180 Ostendant
578 3133 703 3197 namque
724 3116 890 3194 discrimen,
911 3132 970 3196 quo
992 3113 1028 3177 ab
1049 3113 1186 3196 apostolis
1200 3113 1301 3176 Petrus
1323 3112 1418 3193 (linat,
1439 3129 1509 3184 esse
1528 3106 1572 3169 dat·

210 3226 298 3307 pieo,
319 3226 439 3289 honoris
460 3226 582 3289 alterurn
605 3233 634 3289 et
655 3206 855 3306 excellentiae,
878 3242 913 3287 ac
934 3224 1055 3287 altarum
1077 3224 1167 3304 iuris,
1188 3206 1367 3305 potiorisque
1389 3205 1570 3291 auctoritatis:

213 3337 369 3401 ostendunt
390 3335 496 3399 deinde
517 3337 666 3418 uultuque
681 3334 853 3398 discriminis
874 3336 1019 3417 originem
1041 3354 1058 3397 e
1078 3333 1218 3416 singadari
1239 3314 1451 3421 quadamjcum
1471 3329 1570 3394 Christo

214 3448 370 3525 societate,
392 3444 527 3526 Patrique
549 3446 753 3507 coniunctione
774 3443 927 3525 proticisci,
1339 3428 1350 3445 “’
1424 3504 1426 3511 .

319 3550 368 3618 2'3.
409 3554 446 3616 Et
465 3572 499 3616 re
521 3573 592 3618 sane
614 3573 683 3617 vera
710 3557 865 3636 promissio
885 3558 896 3588 ²
923 3558 1062 3636 pomum,
1092 3561 1153 3615 tum
1174 3571 1247 3615 vero
1268 3551 1407 3639 collati0⁸
1441 3551 1508 3614 novi
1526 3560 1568 3608 no

215 3665 309 3743 minis,
331 3666 452 3744 eiusque
474 3664 718 3746 excellentissimi,
741 3665 877 3746 quodque
897 3682 951 3745 per
971 3681 1004 3725 se
1026 3681 1061 3726 ac
1082 3663 1271 3744 simpliciter⁴
1302 3662 1423 3725 Christo.
1439 3654 1569 3724 convertit

215 3775 363 3840 Simonem
385 3793 403 3836 a
424 3773 543 3855 reliquis
565 3783 694 3857 separat,
715 3773 852 3857 illumque
874 3775 980 3836 exinde
1001 3774 1124 3854 quadarn
1145 3773 1265 3835 honoris
1285 3774 1490 3853 praerogativa
1511 3763 1568 3829 diti

215 3886 290 3947 nitus
318 3882 536 3945 cohonestatum
566 3882 702 3946 declarat.
745 3883 783 3947 dt
811 3902 884 3947 vero
911 3883 1041 3946 simiecta
1071 3882 1166 3945 eidem
1193 3883 1300 3945 nomini
1326 3888 1472 3964 potestas,
1494 3887 1570 3959 quum

278 4081 323 4155 ⁷³)
343 4080 493 4154 despicitur
509 4079 542 4136 ad
556 4080 638 4136 verba
652 4079 764 4151 christi,
784 4080 875 4136 llattlr.
925 4081 1031 4136 veniant
1050 4079 1189 4153 apostolis,
1210 4076 1247 4135 ilii
1268 4080 1344 4151 ploos
1363 4076 1391 4134 el
1411 4064 1484 4135 aurci
1502 4061 1571 4149 quot

217 4189 251 4245 V.
274 4185 325 4242 ld:
358 4175 449 4260 Ὑμεῖς
474 4184 534 4243 toas
553 4177 585 4243 ui
604 4180 665 4260 φῶς
688 4180 738 4242 τοῦ
762 4176 875 4259 κόσμου.
924 4187 1028 4259 inesse,
1055 4186 1096 4241 his
1122 4187 1224 4242 nonnisi
1252 4184 1441 4258 quadamtenus
1468 4189 1494 4243 et
1510 4162 1570 4235 xmo?

217 4295 298 4351 Porro
311 4292 372 4350 tot.
387 4290 407 4348 1.
421 4290 509 4346 4-9.
542 4290 658 4347 emistus
672 4299 713 4348 est
726 4294 770 4365 qui
782 4291 877 4348 dicitur
924 4281 1013 4367 χάριν.
1046 4292 1115 4347 Nihil
1134 4298 1274 4364 propterea
1295 4290 1339 4346 lli.
1360 4289 1496 4364 impedire,
1515 4295 1570 4358 quo

216 4392 249 4457 το
262 4393 389 4475 φοῖςοοῐο
404 4386 573 4473 ἀνθρώπων,
594 4403 621 4452 et
637 4387 669 4453 ari
685 4392 745 4472 φῶς
760 4387 793 4454 ati
809 4386 877 4469 u'iq-
925 4398 1010 4454 minus
1030 4414 1062 4453 ea
1082 4398 1116 4454 de
1136 4397 1266 4471 apostolis
1286 4403 1429 4471 negentur,
1461 4386 1569 4469 quenti·
1612 4362 1615 4477 i

218 4500 313 4563 dendo:
334 4505 367 4563 de
378 4505 553 4561 Praecursore
567 4518 632 4559 vero
645 4520 671 4559 v.
683 4503 711 4559 8.
726 4502 877 4579 affirmatam,
926 4504 1032 4561 modom
1045 4504 1079 4561 dc
1092 4504 1212 4561 iohanne
1226 4511 1351 4579 negatur,
1372 4502 1443 4577 quod
1462 4483 1569 4558 esset&
1614 4502 1615 4505 ’

219 4603 269 4670 οὐκ
295 4601 329 4686 ἦν
352 4611 452 4677 ἐκεῖνος
476 4602 508 4669 ad
529 4604 603 4687 quia,
630 4599 691 4666 itt*
712 4599 756 4665 lon
775 4625 877 4683 μαρτυ-
927 4604 994 4687 onie.
1033 4611 1165 4668 Videlicet
1184 4613 1207 4668 si
1227 4626 1280 4666 aon
1300 4599 1449 4684 ἀναλόγως,
1470 4607 1521 4680 sed,
1539 4597 1567 4655 uli

220 4709 291 4797 ρήσῃ
309 4714 440 4791 usqissai
459 4708 558 4794 φωτός.
599 4716 672 4785 Quae
697 4732 732 4772 aa
757 4714 790 4771 ab
811 4715 879 4771 invi·
926 4718 1014 4775 dicere
1035 4733 1093 4775 mos
1113 4725 1169 4793 est,
1189 4718 1307 4775 emoneo
1326 4720 1491 4805 usurpentur.

220 4843 278 4882 cen
307 4825 437 4885 dissidere
464 4825 620 4900 videantur,
652 4823 792 4881 monadum
822 4830 877 4880 est:
991 4823 1016 4900 ¹)
1037 4841 1063 4880 a.
1086 4818 1133 4880 14.

220 4932 240 4988 l.
261 4948 328 5005 quae
346 4931 455 5004 propria
475 4938 537 4988 suat
554 4931 661 5008 chrum,
682 4946 713 4987 ea
734 4945 793 4986 cunr
814 4945 879 5002 apo·

219 5038 298 5096 stolis
317 5038 520 5110 panicipatione
539 5037 744 5094 mundicam:
773 5034 822 5092 aed
843 5037 879 5090 ita
990 5032 1000 5063 ³

221 5143 253 5203 il.
267 5144 463 5221 communicari,
478 5150 507 5204 ut
518 5142 805 5231 tumultualiter
816 5154 881 5196 oon·
992 5137 1001 5166 ⁴
