3324 5382
212 328 273 389 566
698 324 829 389 ntnntt
870 324 1103 392 SEOENDUS
1647 418 1648 479 1

210 495 242 557 in
262 493 433 557 beatissimo
453 492 541 555 Petro
561 492 761 575 apostolomm
781 510 896 557 summo
913 495 942 528 ⁸·
971 492 1184 574 praeaetpnltter
1211 492 1377 574 collocarit,
1404 500 1436 557 et
1456 489 1498 556 ab
1518 497 1597 572 ipae,
1647 548 1648 567 ,

211 603 294 685 quasi
315 601 442 684 quodam
463 603 574 685 eapite,
597 602 674 666 dona
694 603 838 666 mavelit
858 604 1014 686 ineos-pus
1036 621 1124 668 ornae
1146 604 1297 667 manare.“

316 712 364 775 Ad
385 730 473 793 quarn
494 711 601 775 Christi
621 712 842 794 dispositionem
864 713 1030 776 certissime
1051 713 1134 776 Felix
1152 713 1199 776 111.
1220 714 1378 795 spectarit,
1399 713 1535 793 quum⁰
1558 710 1597 773 de

210 821 346 885 omnibns
366 822 573 903 generatim'·
597 821 780 903 praesulibus
809 823 941 903 scripsit:
983 822 1060 901 „Cui
1081 824 1112 886 in
1131 822 1290 886 sacerdotii
1310 821 1504 903 perhibentur
1528 838 1598 903 pro-

209 930 288 994 reoti
308 928 445 1011 officium
468 937 567 1011 optant
586 930 659 994 hade
680 934 713 1005 (e
735 929 874 994 cathedra
892 931 1028 994 nimirmn
1048 930 1138 1007 Petri)
1157 930 1285 1015 suiad,
1306 931 1384 995 unde
1403 931 1525 996 Christo
1544 948 1595 993 eu·

209 1042 325 1123 pionte,
351 1036 482 1123 profluit
502 1047 684 1103 martorum
706 1046 814 1123 qratia
829 1039 921 1119 plerm
939 1039 1149 1122 porrttfienrrn“
1191 1042 1285 1121 Sane,
1313 1044 1355 1105 nti
1374 1047 1481 1105 auotor
1500 1047 1552 1103 est
1564 1043 1592 1073 ²¹

209 1150 360 1214 Gelasins:
403 1146 489 1227 „Per
512 1155 645 1228 prinam
674 1148 835 1213 beatissimi
857 1150 936 1214 Petri
962 1151 1065 1214 sedem
1092 1152 1221 1213 omnium
1249 1151 1437 1215 sacerdotum
1467 1149 1596 1232 dgntns

209 1276 329 1340 semper
350 1264 396 1321 est
412 1259 550 1323 roborata
571 1266 659 1340 atque
679 1258 821 1322 lirmata.“
864 1260 938 1323 lline
958 1260 1108 1340 „maiores
1130 1262 1232 1342 nostri,
1251 1261 1411 1324 reverendi
1432 1258 1475 1322 illi
1496 1258 1598 1322 eoele-

210 1369 318 1432 siarum
340 1368 482 1450 magistri,
504 1367 665 1431 adsedem
688 1386 776 1450 mam
795 1370 932 1452 princeps
954 1369 1153 1451 apostolorum
1167 1369 1286 1433 sederat
1299 1369 1411 1450 Petrus,
1432 1370 1481 1431 sui
1495 1386 1599 1432 sanm-

210 1477 281 1541 dotii
308 1484 422 1559 sumpta
447 1478 608 1559 principia,
638 1477 743 1558 repleti
770 1478 876 1543 Christi
904 1480 1023 1543 narinte
1049 1479 1216 1559 mittebant,
1245 1497 1318 1543 snae
1343 1478 1414 1542 tn&
1440 1477 1599 1543 soliditatis

210 1588 385 1671 gravissima
405 1586 547 1650 firmitatis
565 1586 774 1651 roboramenta
794 1596 961 1670 posoentes.
1005 1588 1042 1651 Ut
1060 1606 1115 1670 per
1135 1589 1212 1652 hane
1233 1590 1359 1671 gratiam
1383 1587 1526 1651 omnibus
1546 1603 1597 1667 ap·

208 1705 325 1781 pareat,
353 1715 425 1760 rere
446 1716 540 1760 onaan
561 1714 631 1760 esse
651 1715 706 1779 per
732 1699 830 1761 omnia
856 1706 887 1761 et
911 1697 1141 1762 indissolubilem
1171 1697 1277 1761 Christi
1305 1698 1464 1761 ecclesiam

209 1815 241 1872 ut
260 1828 326 1871 nnn
346 1813 558 1870 monstraretur
577 1823 724 1889 compago
746 1809 878 1889 corporis
896 1808 1018 1885 Christi,
1047 1826 1123 1890 qrrae
1144 1808 1187 1872 ad
1205 1829 1303 1871 namna
1322 1815 1415 1887 capnt
1436 1806 1598 1889 gloriosis-

210 1919 285 1983 sima
306 1917 470 1982 dilemionis
494 1916 636 1979 mdetate
657 1920 878 1982 oononrreret.“

316 2026 398 2090 blitto
423 2025 552 2107 reliqua,
581 2044 616 2089 ao
637 2028 807 2090 nominatim
827 2028 909 2090 mitto
931 2026 1068 2109 Gregorii
1087 2027 1135 2091 Ν.
1150 2032 1178 2062 '²
1203 2035 1234 2091 et
1254 2026 1446 2110 Stephanilt.
1458 2028 1488 2059 ⁷⁸
1512 2026 1597 2088 msti-
1650 2030 1651 2083 t

210 2138 317 2218 monia,
340 2136 448 2200 diserta
462 2135 642 2220 synodorum
655 2137 793 2217 pistensis
805 2139 832 2171 ²·
856 2155 892 2199 ao
904 2135 1070 2201 rhemensis
1084 2142 1113 2172 ²⁸
1131 2138 1261 2216 decreta,
1284 2136 1598 2219 praecunsstmasque

210 2246 365 2310 Gaudenti
378 2246 419 2325 '⁶,
441 2245 581 2328 Stephani
600 2244 770 2308 larissensis
784 2249 824 2325 ⁷⁷,
852 2243 995 2309 lobannis
1016 2249 1238 2311 ravennatensis
1250 2250 1290 2327 2⁸,
1319 2246 1425 2309 isidori
1443 2244 1597 2326 hispalen-

210 2356 304 2434 sis²⁹,
326 2354 493 2435 Alouini”,
515 2354 647 2419 Thomas
662 2357 702 2431 ⁸¹,
725 2354 866 2418 Cersonis
881 2358 908 2388 ⁸²
932 2374 968 2418 ao
981 2354 1059 2420 Petri
1072 2357 1238 2420 alliaoensis
1253 2357 1280 2389 ⁸¹
1304 2355 1475 2433 sententias,
1496 2355 1597 2435 merae

210 2464 330 2528 modurn
357 2464 478 2528 ditandis
506 2462 627 2528 testibus
647 2480 740 2544 pono,
770 2482 845 2544 qnae
867 2464 1027 2528 Cardinalis
1048 2465 1151 2530 Petrus
1172 2465 1350 2530 Bertrandns
1367 2467 1394 2499 ⁸⁴
1419 2463 1456 2527 de
1477 2463 1596 2531 ratione

211 2574 430 2639 ecclesiasticae
450 2574 602 2657 potestatis
623 2572 782 2653 allirmavit,
806 2574 956 2654 inquiens:
995 2575 1109 2658 „Origo
1131 2575 1216 2639 huius
1236 2576 1389 2657 potestatis
1417 2571 1470 2634 luit
1490 2590 1507 2633 a
1528 2569 1596 2633 Deo

210 2683 391 2763 immediate,
414 2685 550 2749 videlieet
569 2702 588 2747 a
606 2682 721 2747 Christo
742 2681 877 2746 tradente
898 2703 964 2748 eam
989 2694 1089 2749 certae
1110 2702 1266 2768 personae,
1288 2684 1401 2748 seilicet
1418 2681 1514 2759 leno,
1537 2697 1595 2762 pro
1651 2698 1652 2767 t

209 2812 244 2858 so
266 2801 296 2858 et
316 2795 377 2857 stris
398 2792 635 2871 successoribus,
656 2814 677 2852 n
698 2788 808 2870 onibus
830 2792 990 2858 meatur
1010 2801 1044 2857 in
1064 2794 1174 2859 οἱίοιιέί

318 2908 386 2966 157.
428 2903 538 2965 Vemm
560 2921 636 2983 qnae
657 2900 704 2964 his
725 2902 860 2966 omnihus
881 2904 983 2966 subest
1011 2921 1153 2986 germana
1180 2902 1369 2985 signilioatio,
1400 2899 1507 2981 quidve
1535 2899 1593 2963 sibi

209 3014 310 3078 volunt
330 3013 477 3077 christiani
499 3011 637 3075 doctores
659 3010 862 3091 Tertullianus,
884 3011 1014 3095 Optatus,
1041 3013 1205 3097 Nyssenns,
1234 3013 1364 3091 siricius,
1392 3011 1590 3087 lnnoeentius,

208 3125 385 3205 Enniiaoins,
406 3123 477 3202 Leo,
499 3122 654 3184 Caesarius
674 3129 724 3184 aut
744 3140 811 3184 enm
830 3121 943 3185 lsidoro
956 3126 984 3157 ⁸⁵
1007 3123 1156 3187 tradentes
1177 3128 1210 3186 tn
1228 3143 1307 3185 noro
1326 3128 1508 3183 testamento
1519 3127 1595 3199 pert

210 3231 368 3297 Christum
387 3229 606 3295 :moderates
627 3230 762 3294 ornnem
783 3253 804 3293 n
828 3227 924 3293 Petro
942 3230 1081 3312 apostolo
1101 3240 1253 3313 remisse,
1277 3251 1370 3311 psum
1392 3236 1453 3310 ipsi
1469 3236 1592 3309 prinus

273 3469 319 3543 ⁸⁸)
346 3468 468 3525 Totidem
489 3466 579 3524 verbis
600 3467 652 3523 ista
672 3469 785 3543 repetit,
810 3482 874 3524 suo·
984 3468 1030 3543 Η)
1051 3469 1127 3542 Apud
1148 3468 1248 3542 labbe,
1270 3468 1301 3525 T.
1316 3465 1385 3525 vm.
1405 3481 1468 3539 pag.
1492 3463 1578 3522 1536.

212 3593 263 3651 qne
282 3574 412 3646 androgio
433 3575 572 3631 ooallrnrat
591 3573 727 3647 hionium,
747 3573 790 3631 vel
805 3574 873 3629 alins
985 3574 1030 3648 ⁷⁶)
1052 3574 1120 3630 lbid.
1142 3574 1171 3632 T.
1187 3574 1232 3630 lll.
1253 3589 1317 3646 pag.
1331 3572 1399 3630 tat.

210 3683 367 3756 quinamque
391 3681 429 3737 sit
454 3686 547 3737 anotor
572 3679 634 3737 libri
655 3678 688 3736 ds
708 3679 807 3737 divinis
833 3679 875 3735 ol·
985 3678 1030 3754 Η)
1051 3679 1137 3736 Serm.
1158 3682 1186 3737 in
1206 3681 1291 3753 prisia
1311 3680 1356 3737 die
1370 3678 1493 3735 Ormeni.
1512 3693 1589 3734 sarae.

210 3786 463 3860 haiis,oap.ll1ll.
985 3785 1031 3860 Η)
1058 3785 1085 3841 ln
1106 3786 1197 3842 libello
1218 3786 1252 3842 ad
1271 3785 1438 3843 Bonifatium
1457 3783 1491 3840 lh
1519 3784 1591 3858 apud

272 3892 318 3968 ⁸⁰)
347 3892 434 3966 Epist
454 3892 512 3948 Xll.
540 3891 574 3948 ad
600 3891 733 3948 Zenonem
760 3890 874 3966 impera·
923 3889 1027 3965 labbe,
1050 3891 1079 3947 T.
1097 3892 1142 3948 Ν.
1163 3909 1227 3964 pag.
1244 3890 1329 3948 1692.

213 4006 308 4057 torem.
984 3995 1029 4070 ⁷⁸)
1050 3995 1122 4053 lnter
1133 3997 1223 4070 epdstt
1234 4013 1257 4053 s.
1269 3996 1401 4069 Gregorii,
1418 3995 1500 4069 epist.
1511 3994 1590 4053 thl

273 4103 318 4179 Ν)
338 4103 428 4161 Paullo
445 4109 506 4161 anta
523 4104 677 4160 laudaverat
691 4103 875 4160 constantino·
923 4101 970 4158 lib.
990 4101 1035 4158 111.

210 4210 357 4285 politanum
378 4213 539 4286 antistitem,
559 4211 631 4283 qnod
651 4210 691 4266 od
708 4208 781 4267 denti
800 4207 875 4267 Petri
985 4207 1030 4283 ⁷⁹)
1058 4207 1144 4282 Epist.
1172 4207 1205 4265 ad
1231 4207 1378 4279 Eugenium
1404 4207 1526 4280 episcop.
1549 4213 1591 4264 to-

211 4318 328 4394 apostoli
359 4317 452 4375 sedent
483 4334 552 4375 anne
583 4318 703 4390 referret
732 4316 875 4391 diprntndr
923 4313 1003 4370 letan.

210 4425 364 4482 scordium·
986 4419 1031 4493 ⁸⁰)
1050 4419 1090 4476 ne
1110 4418 1166 4475 dir.
1187 4417 1299 4492 oilloils,
1321 4433 1380 4491 nep.
1401 4416 1471 4473 xix.

272 4531 318 4605 Η)
345 4528 431 4602 Epist.
451 4528 521 4587 ΧΝ.
548 4526 618 4603 apud
643 4527 749 4600 bobbo,
777 4528 807 4585 T.
828 4528 874 4585 Ν.
986 4525 1031 4599 ⁸¹)
1051 4524 1118 4580 Con.
1139 4523 1215 4581 Cant
1234 4522 1284 4580 lib.
1298 4522 1344 4579 Ν.
1364 4539 1424 4596 esp.
1437 4520 1556 4579 lxm

211 4652 274 4712 pag.
297 4633 383 4693 lars.
985 4631 1030 4706 ⁸²)
1049 4630 1089 4687 lta
1099 4629 1215 4687 statibus
1224 4628 1370 4703 Ecclesiae,
1385 4625 1586 4699 Consideratl,

273 4742 319 4819 Η)
346 4740 431 4815 Epist
451 4739 472 4797 l.
499 4740 534 4796 nd
560 4739 702 4797 miserm
721 4738 873 4812 episcopos,
923 4744 951 4796 ot
969 4738 1003 4795 de
1023 4736 1222 4794 Anieribilitata
1240 4735 1343 4809 Tapae,
1365 4734 1476 4792 Consid.
1489 4732 1562 4789 vlit.

213 4848 281 4921 apud
299 4845 403 4920 tants,
423 4846 500 4903 Tom.
512 4845 571 4902 vn.
591 4860 655 4918 pag.
671 4842 757 4901 ihil.
985 4842 1030 4918 ⁸⁸)
1049 4842 1090 4899 bo
1104 4842 1230 4899 auctorit
1242 4840 1346 4897 Erotes.
1366 4840 1436 4896 Part
1450 4838 1472 4895 l.
1491 4837 1585 4912 erpi.

275 4952 321 5026 ⁷³)
347 4950 435 5022 Epist.
462 4952 497 5009 ad
522 4950 648 5007 Basibnm
677 4949 873 5024 inperatorem,
985 4949 1030 5023 ⁸⁴)
1049 4948 1089 5005 be
1108 4949 1214 5020 origine
1234 4954 1261 5004 et
1280 4962 1330 5003 mu
1350 4944 1572 5003 insatiatam.

214 5054 284 5130 apud
303 5053 408 5132 bobbo,
429 5056 459 5113 T.
473 5056 519 5114 tx.
539 5072 602 5132 pag.
617 5054 685 5113 366.
985 5054 1030 5132 ⁸⁵)
1049 5053 1089 5115 lta
1102 5055 1200 5113 officiis
1214 5053 1362 5111 anderlert.
1376 5052 1424 5111 lib.
1433 5051 1467 5111 li
1481 5068 1540 5125 sap.
1550 5050 1584 5108 T.
