3358 5400
206 317 268 380 m
728 312 1068 380 nummulus
1670 252 1673 333 l

313 481 444 547 cbristus
476 499 565 564 quum
594 479 690 545 adbuc
714 482 792 546 inter
812 483 963 564 apostolos
984 481 1115 546 modalis
1136 482 1277 565 degeret,
1307 483 1350 545 uti
1370 481 1431 546 dux
1448 482 1587 565 praeibat,
1672 494 1673 501 ’

205 593 287 656 sotus
321 591 499 671 docebat⁶⁰,
526 591 563 654 ad
583 591 700 671 turm,
728 592 765 655 ad
786 592 975 669 sacerdotes,
1003 591 1042 654 ad
1060 592 1209 672 principes
1230 591 1473 668 concionabatur,
1502 591 1590 655 disci-

206 699 292 782 pulos
313 699 507 777 defendebat,
531 701 600 783 quid
621 700 700 763 lacto
721 700 830 781 quidve
850 700 927 763 dicto
949 719 1024 782 opus
1047 708 1129 764 esset
1148 700 1412 782 praemonstrabat,
1442 700 1590 764 miramlis

207 810 262 875 sibi
286 809 485 891 apostolisque
512 809 600 872 iidem
621 811 883 892 auctoritatemque
904 809 1095 887 conciliabat,
1125 809 1241 890 sibique
1261 828 1327 873 rem
1352 827 1539 874 communem
1560 812 1591 874 in

206 921 309 1002 primis
330 920 471 983 creditam
493 918 588 982 modis
610 919 746 982 omnibus
768 917 959 1001 significabat
1001 917 1099 1001 Atqui,
1122 917 1236 982 Christo
1257 919 1400 999 redivivo,
1421 922 1540 1002 iamque
1561 923 1592 984 in

207 1030 299 1094 caelis
321 1030 462 1112 glorioso,
485 1028 620 1093 eamdem
640 1027 743 1093 Petrus
764 1029 933 1107 viam'iniit,
957 1046 1087 1110 eumque
1109 1029 1218 1111 agendi
1240 1029 1358 1092 modum
1379 1032 1520 1112 suscepit,
1543 1031 1594 1112 qui

207 1139 246 1203 ad
274 1140 379 1204 Christi
408 1138 560 1219 exemplar
588 1141 708 1202 omnino
735 1156 897 1220 expressus
925 1145 1091 1220 appareret
1133 1137 1276 1202 Omnibus
1314 1140 1393 1202 enim
1424 1146 1595 1204 mustanter

208 1250 346 1333 praeivit,
377 1248 459 1312 solus
483 1248 521 1311 ad
546 1247 700 1330 poprdum,
728 1248 765 1311 ad
794 1249 960 1329 principes,
988 1247 1025 1310 ad
1052 1255 1159 1329 pentes
1180 1266 1350 1311 samonem
1369 1247 1483 1326 babuit,
1509 1248 1594 1314 solua

208 1358 356 1422 communi
377 1375 502 1421 caussae
522 1359 720 1439 patrocinatus
741 1366 802 1438 est,
832 1357 915 1421 solus
937 1358 1146 1438 circumspexit
1166 1376 1204 1421 ne
1225 1358 1360 1421 inchoata
1381 1358 1591 1439 dilaberentur,

171 1449 172 1452 ¹
208 1467 290 1532 solus
318 1468 475 1531 severitate
502 1468 676 1532 indiciorum
701 1468 827 1550 providit
853 1485 893 1530 nc
914 1465 1065 1548 disciplina
1086 1465 1311 1547 infirmaretur,
1340 1465 1421 1530 solus
1442 1484 1520 1549 quae
1545 1477 1593 1532 te·

208 1577 304 1641 nenda
331 1594 446 1659 quaeve
467 1578 627 1641 reiicienda
654 1586 759 1642 essent
778 1576 958 1659 praefinivit,
985 1594 1021 1639 ac
1043 1574 1124 1639 solus
1146 1576 1346 1657 apostolorum
1367 1576 1509 1660 collegio,
1539 1597 1594 1643 ex·

208 1687 385 1769 suuousqre
412 1686 509 1751 ubivis
537 1687 673 1752 ecclesiis
702 1687 741 1751 ita
768 1685 927 1763 consuluit,
954 1692 985 1747 ut
1011 1685 1067 1748 sibi
1094 1701 1238 1747 simmam
1263 1702 1364 1748 rerum
1384 1684 1511 1750 delatam
1531 1705 1595 1752 non

209 1797 338 1860 obscure
359 1795 561 1860 declaraverit.

315 1905 419 1970 llirum
440 1913 596 1988 propterea
619 1925 688 1970 esse
709 1925 768 1970 non
791 1907 889 1985 debet,
913 1905 940 1969 si
961 1906 1123 1985 scriptores
1145 1902 1353 1969 θεόπνευστοι
1372 1908 1508 1988 geminas
1529 1925 1596 1970 om·

207 2016 278 2079 nino
299 2015 416 2079 dicendi
437 2014 546 2079 lormas
566 2016 604 2078 de
619 2015 743 2096 Obruta,
765 2018 863 2098 deque
875 2015 963 2079 Petro
984 2022 1152 2096 comparate
1172 2016 1209 2079 ad
1230 2015 1380 2096 apostolos
1399 2015 1595 2081 adhibuerint

207 2124 252 2189 De
271 2123 387 2211 Christo
407 2132 576 2207 comparate
600 2126 637 2189 ad
658 2126 808 2207 apostolos
823 2128 850 2159 ‘¹
875 2124 1022 2189 scribunt:
1065 2121 1166 2188 Jeaua
1187 2133 1218 2188 et
1236 2122 1380 2205 napata
1400 2131 1486 2202 etun
1505 2123 1595 2189 thoart

208 2255 277 2297 wau
301 2255 337 2297 co
363 2232 507 2312 disemuli
533 2240 618 2312 etua3
645 2232 687 2298 att
707 2232 888 2299 morabatur
909 2255 980 2297 cum
1000 2232 1161 2315 discipulis
1181 2242 1260 2298 arab.
1303 2234 1348 2299 De
1368 2236 1455 2298 Petro
1475 2253 1549 2299 vero
1564 2237 1595 2271 ‘²

208 2345 252 2408 sic
270 2343 394 2407 babent:
427 2352 517 2406 atam
539 2340 656 2408 Petrus
681 2353 712 2408 et
738 2345 897 2421 undecim
925 2344 1076 2409 danunt
1096 2344 1139 2408 ad
1160 2341 1293 2409 Petrum
1314 2353 1345 2408 et
1365 2343 1500 2424 reliquos
1521 2367 1596 2425 apo-

207 2451 319 2528 stolia,-
346 2449 465 2515 Petram
491 2462 520 2517 et
541 2453 671 2535 apostola·
691 2456 849 2519 ducam
892 2454 969 2518 Nihil
998 2463 1097 2519 autem
1126 2455 1211 2519 bisce
1233 2457 1368 2519 omnibus
1389 2456 1596 2539 opportunius,

207 2561 280 2626 nibil
301 2562 566 2643 accommodatius,
592 2572 624 2627 ut
644 2565 758 2629 Christo
785 2584 820 2628 ac
839 2563 925 2628 Petro
946 2563 1057 2629 atmdta
1084 2584 1157 2647 prae
1178 2566 1320 2647 apostolis
1341 2566 1449 2629 ceteris
1472 2563 1595 2642 relatio

209 2674 371 2756 capitisque
393 2674 550 2739 auctoritas
571 2674 720 2738 tribuatur.

556 3206 569 3225 ,
670 3114 1127 3211 attollunt.

532 3304 721 3375 Testimonia
744 3308 841 3374 Pauli
865 3333 883 3374 c
908 3309 935 3375 1.
959 3309 1029 3376 Cor.
1052 3309 1079 3375 1.
1103 3312 1161 3389 12,
1187 3307 1255 3374 ΙΧ.
1276 3314 1312 3388 5,
1334 3318 1365 3377 et
1388 3307 1467 3375 XV.
1488 3315 1529 3374 5:
1550 3349 1593 3361 -

422 3439 502 3499 quae
528 3440 597 3483 cum
619 3418 668 3483 lata
688 3428 751 3486 sint
771 3443 856 3486 neco
884 3429 915 3484 et
940 3441 1000 3501 quo
1018 3430 1111 3502 pacto
1132 3422 1177 3486 od
1195 3420 1396 3485 statuendum
1418 3417 1510 3485 Petra·
1528 3427 1594 3502 ρή-

420 3536 536 3591 matum
556 3529 737 3613 conferant.-
756 3569 797 3580 —
818 3531 856 3595 de
876 3537 915 3594 iia
938 3551 1017 3612 quae
1038 3529 1147 3595 totta
1169 3532 1211 3596 ad
1231 3529 1299 3594 dat.
1321 3527 1348 3593 l.
1371 3534 1422 3608 18,
1445 3538 1475 3593 et
1497 3527 1548 3595 ll.
1570 3534 1593 3592 7

423 3642 610 3700 -8-11:
634 3677 675 3688 -
694 3640 789 3720 deque
807 3638 969 3720 multiplici
991 3641 1060 3704 inde
1081 3641 1170 3704 ducto
1184 3647 1375 3725 orpumentq
1396 3660 1456 3720 quo
1475 3648 1506 3703 et
1526 3662 1594 3703 ma-

422 3753 470 3809 tur
483 3745 574 3811 Petri
589 3755 759 3812 auctoritas
776 3756 807 3812 et
823 3757 993 3814 necessitas
1013 3751 1148 3815 mandem
1157 3749 1235 3833 fidei
1255 3771 1326 3813 wan
1346 3770 1381 3812 eo
1399 3748 1595 3830 profitendae

422 3855 653 3937 comprobatur:
679 3897 719 3908 -
746 3880 764 3921 e
793 3880 855 3939 qua
882 3868 1068 3924 necessitate
1097 3868 1127 3925 et
1158 3858 1237 3924 tuna
1264 3858 1434 3944 cadmum,
1464 3866 1595 3922 auctum

419 3973 581 4046 propterea
608 3988 728 4032 summo
754 3975 822 4032 iure
836 3967 945 4051 fuisse
970 3967 1112 4046 Petrum,
1139 3978 1174 4033 ut
1199 3977 1309 4033 auctor
1329 3977 1395 4050 ipse
1411 3967 1501 4052 foret
1520 3967 1596 4052 effi·

422 4083 565 4158 eumque
584 4084 767 4157 conapime
787 4085 917 4143 cadatis
936 4085 1130 4160 melpum.

318 4333 388 4390 uda.
425 4275 470 4390 Si
489 4328 538 4409 qui
559 4326 715 4409 plurimum
736 4330 876 4411 impendit
899 4348 1025 4411 operae,
1053 4338 1084 4393 at
1105 4328 1283 4411 apostolatus
1305 4330 1490 4413 dignitatem,
1513 4328 1596 4394 ordi·

211 4439 449 4520 nemque-inter
475 4437 580 4502 Cbristi
606 4438 723 4522 legatos
750 4439 885 4502 divinitus
910 4443 1111 4521 praestitutum
1140 4447 1240 4503 sancte
1273 4447 1421 4522 tueretm3
1454 4440 1479 4503 is
1508 4447 1594 4503 certe

211 4547 284 4612 luit¹
311 4546 424 4628 Paulus,
447 4547 477 4609 in
498 4548 583 4610 cuius
604 4547 736 4630 epistolis
756 4556 787 4612 et
807 4549 845 4612 de
864 4557 992 4630 auoque
1009 4550 1103 4631 capite
1125 4549 1222 4632 agitur
1242 4548 1422 4630 frequenter,
1445 4556 1474 4612 et
1495 4550 1595 4612 minus

273 4739 319 4816 ⁶⁸)
337 4739 428 4813 Neque
447 4745 477 4797 at
492 4739 589 4796 acribia
609 4747 637 4797 et
649 4740 796 4816 pharisaeis
817 4757 875 4798 mos
986 4739 1032 4815 ⁸¹)
1053 4741 1114 4798 lob.
1135 4739 1168 4797 11.
1189 4740 1218 4797 2.
1238 4741 1300 4799 coll.
1330 4741 1394 4799 bac.
1413 4740 1472 4799 vlt
1496 4738 1597 4798 1l.·t

210 4853 280 4923 crat,
306 4846 356 4903 scd
375 4851 405 4902 ut
426 4847 486 4921 qul,
512 4846 591 4903 llaec
612 4847 634 4904 l.
655 4847 703 4905 22.
724 4848 785 4905 ooli.
812 4848 874 4906 Lac.
923 4844 986 4903 iola.
1005 4845 1052 4902 xt.
1073 4845 1121 4903 54.

209 4953 255 5013 tv.
277 4953 329 5031 32,
350 4970 385 5011 ex
403 4958 538 5029 potestate
557 4950 719 5028 loqueretur.
989 4949 1538 5026 ⁸²)nca11.1d-ut.eonv.aa.
1673 4958 1675 4977 ¹

986 5059 1012 5136 ¹)
1039 5058 1083 5116 Uti
1116 5057 1246 5129 colligare
1278 5059 1438 5132 praecordia
1464 5057 1530 5116 licet
1555 5073 1593 5116 cx
