3358 5400
668 245 813 313 CAPUT
853 248 977 314 XXVI·
1447 252 1508 314 285

141 411 257 495 gloriam
279 414 405 477 collucet
425 432 485 478 non
508 415 538 477 in
558 413 661 494 Paulo,
688 414 861 496 Apollonio,
891 414 1003 498 Cepha,
1026 415 1081 480 sed
1105 416 1134 478 in
1155 433 1216 480 uno
1236 415 1351 480 Christo
1370 416 1458 497 Jesa,
1489 437 1507 481 a

139 539 191 603 quo
210 522 286 586 bona
309 526 407 588 omnia
428 533 527 589 nostra
552 524 782 607 proficiscuntur.

234 637 304 695 362.
346 632 458 706 Quibus
483 655 519 698 ea
538 653 655 698 mrsum
675 634 882 699 confirmantur
901 653 978 717 quae
999 634 1180 716 monuimus,
1213 652 1251 698 eo
1280 642 1415 717 spectare
1430 635 1508 700 Pau·

135 738 204 819 lum,
233 747 264 803 ut
284 744 401 806 inanem
422 743 556 808 fidelibus
577 745 731 809 interdicat
750 745 954 828 gloriationem
982 762 1068 825 quam
1091 763 1130 806 ax
1149 743 1316 807 hominihus
1337 744 1507 807 nuutuaban·

132 854 190 929 tarr,
220 849 287 913 illos
309 850 347 914 ad
368 851 511 915 Christum
532 872 699 935 supremum
720 853 888 935 Dominum
917 853 1160 935 Redemptorem,
1188 853 1349 916 Auctorem
1377 853 1508 917 christia*

130 975 183 1020 nae
204 962 405 1040 oeconomiae,
428 960 599 1046 fontemque
615 966 703 1028 totius
723 965 892 1047 sapientiae,
915 964 1132 1045 sanctitatisque
1153 969 1292 1045 revocet;
1313 980 1506 1043 caussamque

129 1069 237 1149 aperiat
259 1070 374 1133 conllati
397 1072 560 1136 schismatis
586 1093 658 1137 sane
680 1074 883 1153 deterrimam,
912 1091 1010 1155 neque
1030 1073 1146 1137 abunde
1167 1072 1390 1153 arcessendam,
1421 1090 1508 1153 quam

128 1195 145 1239 e
164 1187 354 1261 praepostera
375 1198 477 1245 eorum
499 1182 682 1264 conhmione,
705 1201 781 1264 quae
803 1182 931 1264 domino,
954 1200 1089 1264 quaeque
1110 1183 1215 1267 servis,
1237 1183 1435 1265 ministrisque
1456 1184 1507 1245 tri·

127 1286 175 1351 bui
196 1288 315 1352 debent
682 1310 684 1315 ’

233 1398 326 1472 Quam
353 1400 556 1466 confusionem
582 1409 614 1465 ut
639 1421 656 1465 e
685 1404 746 1466 suis
772 1403 917 1467 radicibus
944 1401 1106 1481 convellat,
1137 1401 1347 1484 interrogando
1361 1402 1390 1435 ‘⁹
1419 1402 1505 1482 petit:

128 1503 189 1583 Τίς
203 1500 263 1572 οὖν
274 1514 336 1573 ἐστι
351 1508 482 1586 Παῦλος
484 1556 498 1588 ,
519 1511 564 1587 τίς
579 1516 607 1545 ⁷⁰
623 1507 785 1591 Ἀπολλώ
806 1519 874 1592 quis
886 1519 983 1596 lqitor
996 1521 1043 1576 eat
1056 1507 1190 1588 Paulus,
1212 1517 1281 1591 quia
1298 1509 1506 1591 Apollonius?

126 1637 160 1681 ac
182 1637 199 1681 e
224 1621 349 1703 vestigio
362 1624 388 1654 ⁷¹
414 1623 543 1703 reponit,
566 1618 636 1686 ἀλλ’
656 1614 715 1699 ἢ”
741 1620 896 1700 διάκονοι,
918 1621 960 1686 δι’
982 1614 1257 1701 dedecorationem
1280 1627 1341 1684 nisi
1361 1628 1506 1697 mamert,

123 1748 179 1808 per
206 1749 284 1808 qaas
311 1730 500 1808 credidistis,
531 1740 561 1795 et
581 1750 706 1813 quorum
727 1732 830 1797 studiis
852 1733 1038 1797 christianam
1059 1733 1236 1815 religionem
1264 1730 1391 1813 amplexi
1411 1727 1507 1794 estisi

123 1837 231 1921 Neque
251 1840 308 1902 sint
327 1840 375 1920 qui
401 1848 564 1923 opponant,
592 1843 667 1905 inter
688 1845 767 1924 ipsos
789 1842 937 1925 evangelii
957 1842 1112 1922 doctores,
1141 1841 1329 1922 veritatisque
1350 1842 1506 1923 magistros

125 1947 199 2011 ahos
226 1948 289 2012 aliis
317 1951 474 2031 sapientia,
504 1950 688 2033 eloquentia,
719 1972 753 2016 ac
784 1971 886 2016 eorum
915 1970 991 2035 quac
1012 1951 1128 2015 tradunt
1149 1951 1324 2015 sublimitate
1345 1957 1505 2032 praestare.

124 2056 242 2121 Etenim
266 2076 363 2139 neque
386 2058 495 2123 idcirco
517 2083 534 2123 e
554 2068 763 2124 morannum
778 2060 882 2126 clusae
902 2063 1076 2141 eximuntur,
1099 2078 1196 2142 neque
1217 2067 1276 2123 iam
1298 2060 1354 2124 illis
1375 2060 1505 2124 tribuen-

125 2166 193 2230 dum
217 2166 327 2247 idest,
358 2187 444 2250 quam
465 2169 589 2233 Domino
610 2172 658 2234 cui
678 2171 865 2250 famulantur,
898 2189 988 2253 quum
1008 2169 1116 2255 singrdi
1137 2189 1203 2233 eam
1224 2168 1333 2233 obeant
1352 2171 1506 2234 ministerii

124 2284 255 2358 partem,
277 2294 363 2358 quarn
386 2274 507 2363 ἑκάστῳ
528 2281 546 2343 d
567 2277 677 2363 κύριος
699 2280 826 2359 ἔδωκεν,
848 2288 1011 2361 unamque
1031 2278 1182 2344 Dominus
1204 2280 1295 2359 dedit,
1317 2280 1506 2363 explendam·

19 2424 23 2435 ·
125 2405 183 2468 que
204 2388 359 2450 commisit.
400 2388 445 2451 En
458 2392 498 2471 ⁷³,
519 2385 582 2473 tyni
604 2388 770 2476 imitanda,
790 2388 952 2467 Ἀπολλώς
966 2394 1114 2468 ἐπότισεν,
1136 2390 1206 2456 dti’
1227 2390 1341 2467 ddabe
1361 2387 1505 2471 ηὔξανεν,

125 2518 179 2582 eqo
203 2496 360 2578 plantant,
395 2488 508 2562 semina
538 2500 611 2587 ieci,
643 2518 757 2582 vosque
785 2500 960 2566 christianae
994 2502 1178 2566 hrsdtutionis
1215 2501 1368 2566 elementis
1399 2501 1505 2583 imbui,

12 2610 14 2627 ¹
127 2605 308 2689 Apollonios
336 2613 491 2692 ντίᾳαννι,
519 2611 683 2692 iustumque
712 2631 729 2674 a
756 2628 935 2675 me¹semen
965 2610 1107 2691 excoluit,
1139 2612 1344 2695 elementaque
1375 2611 1506 2674 uberiori

129 2719 323 2801 explicatione
345 2719 516 2800 cumulavit,
539 2720 599 2784 aed
617 2717 705 2783 Deua
727 2727 943 2784 incrementum
963 2719 1099 2805 lorqttvs
1120 2728 1176 2798 est,
1199 2719 1355 2805 effecitque
1376 2740 1415 2783 ne
1436 2722 1506 2783 utri·

124 2847 221 2910 usque
251 2847 340 2891 curae
368 2829 398 2890 in
426 2829 537 2893 irritum
565 2830 715 2894 cederent.
757 2831 893 2906 Quare⁷⁴
923 2825 994 2894 οὔτε
1022 2828 1212 2915 cimmerius
1238 2830 1365 2908 ἐστίν,
1394 2823 1505 2893 adteri

126 2937 281 3015 ποτίζων,
303 2934 375 3002 ἀλλ’
394 2938 412 3000 ὁ
433 2934 582 3016 αὐξάνων
602 2939 695 3014 θεός,
717 2962 814 3020 neque
828 2944 856 2975 ¹⁹
881 2942 980 3023 magni
1002 2939 1110 3021 aliquid
1131 2946 1177 3002 est
1199 2945 1252 3019 qvi
1270 2939 1404 3019 plumat,
1425 2941 1506 3003 insti·

126 3051 326 3129 tutionemque
353 3048 477 3127 orditur,
510 3070 608 3129 neque
634 3055 687 3129 qvi
712 3057 808 3134 siqui,
841 3050 1064 3132 inchoatumque
1095 3050 1305 3112 institutionem
1334 3057 1503 3132 promovet,

21 3226 26 3237 ,
123 3159 183 3222 aad
203 3176 328 3240 magnus
351 3166 396 3220 est
412 3157 500 3222 Deus
521 3166 573 3239 qai
592 3166 813 3222 incrernentum
833 3158 985 3242 lcrqitur3
1003 3158 1082 3222 unde
1104 3177 1201 3240 neque
1223 3159 1252 3221 in
1267 3176 1304 3221 eo
1320 3158 1503 3241 gloriandum

124 3276 172 3332 est
193 3270 243 3350 qui
265 3286 337 3350 opus
359 3270 531 3350 auspicatur,
554 3288 652 3352 neque
672 3270 702 3332 in
725 3288 761 3333 eo
783 3271 832 3351 qui
853 3272 1020 3352 incoeptum
1042 3271 1127 3352 iuvat,
1154 3268 1208 3333 sed
1229 3269 1258 3331 in
1278 3267 1342 3331 Deo
1364 3270 1413 3352 qui
1435 3270 1505 3330 utri·

125 3397 225 3461 usquc
247 3396 332 3440 curas
354 3378 487 3443 lomunat.
789 3384 798 3395 '

130 3497 131 3501 ’
234 3495 303 3551 363.
346 3488 530 3571 Quantopere
546 3484 647 3551 'autern
669 3491 880 3571 apraescripto
894 3490 1015 3553 rationis
1036 3508 1071 3552 ea
1086 3488 1221 3571 gloriatio
1243 3487 1407 3567 abhorreat,
1429 3506 1504 3569 quac

191 3695 237 3772 ⁶⁹)
258 3697 278 3753 Ι.
296 3698 357 3755 Cor.
379 3698 422 3755 111.
444 3704 472 3757 5.
492 3700 526 3755 al.
542 3699 570 3754 4.
842 3685 917 3753 Ἀλλ’
935 3687 951 3753 ὁ
972 3688 1041 3763 dade
1064 3689 1177 3771 ηὔξανε.
1204 3692 1254 3770 ιῆς
1272 3689 1326 3773 7⁰²0
1346 3688 1434 3754 adm]
1453 3688 1505 3774 id·

190 3829 236 3902 ”l
256 3830 375 3903 Utroque
389 3835 415 3888 in
429 3831 491 3887 loco
512 3830 600 3904 plures
621 3831 731 3887 codices
745 3830 793 3886 ba·
842 3820 915 3877 (³¹²⁰⁹
934 3794 967 3860 “3
987 3794 1171 3879 '‘“W'i’ff‘l’lm-
1204 3805 1263 3878 39⁰
1280 3805 1417 3877 levt‘·
1449 3804 1505 3860 Pii·

12 3926 14 3977 :
124 3936 192 3992 bem
210 3934 238 3993 τί
257 3951 307 4009 pm
327 3935 376 4001 τίς,
842 3924 899 3964 mus
913 3910 983 3966 enim
997 3908 1076 3966 vobis
1089 3910 1254 3982 praedicavi,
1278 3910 1378 3985 Apollo
1390 3912 1503 3985 liquuit.

840 4013 904 4069 Post
922 4032 964 4071 me
984 4016 1132 4072 doctrinam
1153 4016 1329 4073 confirmavit.
1359 4017 1504 4075 Sedlieus

192 4068 425 4142 ⁷¹)1'00r'ffl'
448 4071 475 4124 5'
840 4122 1038 4178 incremenmm
1057 4122 1142 4178 dedit.
1182 4122 1386 4180 Estenimeius
1399 4125 1503 4195 gratiae

191 4200 237 4275 ⁷²)
258 4200 314 4256 llae
330 4200 474 4274 particulae
487 4199 610 4255 videntur
623 4199 792 4274 subditiciae,
842 4227 913 4299 quod
933 4244 977 4284 ,es
998 4228 1111 4285 sepiem,
1130 4229 1268 4285 ,amit

126 4325 162 4364 ac
182 4324 275 4363 revera
297 4307 391 4363 desunt
410 4308 436 4361 in
457 4305 574 4379 pluribus
596 4305 745 4376 codicibus,
766 4311 794 4360 at
904 4333 1068 4408 2⁴)1·00„
1089 4335 1133 4391 m
1156 4336 1183 4391 7,

125 4414 313 4488 versionibus,
340 4414 451 4486 ipsaque
478 4411 607 4485 Vulgata,
639 4427 707 4483 quae
731 4417 795 4482 post
905 4438 950 4513 as)
970 4439 1045 4507 (ΜΘ
1064 4440 1124 4496 heic
1144 4440 1285 4498 ,dmm
1301 4438 1422 4514 formula,
1442 4431 1505 4499 οὔτ’

125 4535 234 4591 vocem,
254 4508 384 4586 διάκονοι,
405 4518 539 4574 interserit
551 4520 620 4592 nus,
641 4516 720 4592 idest,
733 4516 792 4575 Dei.
841 4537 910 4601 Μ
928 4562 969 4614 π,
994 4541 1139 4619 &spondet
1157 4545 1327 4619 ,moedau
1354 4562 1380 4600 γ,
1402 4548 1435 4620 5,
1463 4546 1505 4613 ,54

190 4650 236 4726 ⁷³)
256 4651 277 4706 l.
295 4650 357 4707 Cor.
374 4649 418 4707 lll.
438 4651 473 4725 ⁶5
492 4650 526 4706 ad
546 4666 623 4722 quom
644 4649 731 4706 locam
751 4649 793 4705 sic
841 4649 915 4719 ὅστις
940 4657 968 4707 et
986 4666 1041 4707 non
1065 4651 1143 4708 aliter
1163 4653 1249 4725 accipi
1269 4651 1350 4710 debet
1370 4666 1401 4707 ac
1421 4654 1445 4707 si
1465 4653 1504 4709 di·

124 4756 208 4813 habet
219 4755 411 4813 Theodoritns:
432 4746 501 4831 'Equi
512 4747 662 4832 ἐφύτευσα.
682 4749 793 4833 πρῶτος
841 4763 952 4833 seretur,
973 4747 1116 4815 ovisaalvm
1128 4755 1244 4833 maes.
1265 4756 1375 4814 Cibus
1384 4757 1501 4830 vlint,
1610 4773 1612 4777 ’

124 4852 183 4938 reip
211 4851 277 4936 ripis
305 4854 433 4941 ἐκήρυξαν,
480 4852 625 4928 uacuus
654 4853 791 4921 ἐπότισεν.
841 4862 1007 4938 enredo,
1028 4870 1057 4920 et
1076 4863 1205 4936 Viqerum
1224 4863 1259 4919 de
1279 4862 1426 4931 idiotismis
1441 4861 1504 4923 bia·

125 4963 186 5047 μετ’
206 4965 255 5047 api
274 4959 324 5043 spe
342 4959 411 5047 ἐμήν
436 4966 615 5028 διδασκαλίαν
640 4959 791 5048 dvpdwrav.
840 4986 909 5045 quac
929 4969 1061 5045 omme,
1084 4986 1147 5046 paq.
1167 4968 1233 5027 144.
1254 4967 1319 5024 edit
1336 4967 1432 5024 Zoana.
