3374 5388
202 281 265 341 tto
690 276 823 343 lubun
863 273 1098 345 succubus

311 445 460 510 mnumeri
485 446 697 529 propemodum
726 456 806 527 sunt,
838 448 888 530 qui
917 446 997 510 hunc
1025 445 1081 510 sibi
1103 446 1347 511 commentarium
1375 446 1590 531 expoliendum,

205 555 406 638 tuendumque
427 574 600 639 suscepere,
623 556 771 639 equibus,
793 576 832 620 ne
847 558 904 621 sim
924 557 1075 639 prolixior,
1098 556 1209 638 uliquot
1226 556 1322 620 solum
1344 555 1590 635 commemorabo,

206 666 333 748 illosque
349 665 395 728 vel
411 665 596 745 eruditiores,
619 666 668 728 vel
682 668 731 748 qui
746 668 940 731 communiori
961 685 1017 730 usu
1031 686 1103 749 prnc
1118 667 1226 729 ceteris
1241 667 1427 730 innotuerint
1469 664 1590 728 Primum
1657 704 1658 749 3

205 782 305 839 nutem
318 775 417 838 locum
432 774 632 839 linmmondo¹
655 775 785 839 delerem
802 784 832 839 et
847 776 1011 856 Cemeroni,
1035 777 1085 858 qui
1097 778 1240 858 principio
1256 796 1273 839 e
1289 777 1446 857 Scripttuis
1459 775 1590 857 probent,

205 886 337 950 smerdis
359 894 447 967 utque
462 885 538 949 odeo
554 884 764 968 fundamenta
782 887 934 968 utriusque
957 885 1124 949 ecclesiue²
1152 885 1294 949 iudaicae
1315 892 1344 948 et
1364 882 1489 969 pensito
1511 884 1591 948 mini·

205 997 298 1060 sterio
319 995 397 1059 Petri
416 996 569 1059 tribuenda
592 1014 679 1078 esse3
701 1003 762 1058 tum
784 995 927 1076 inierunt,
950 995 1058 1076 verbis,
1082 1002 1112 1058 ct
1132 1016 1226 1075 suuper
1243 993 1323 1059 dunc
1340 1002 1463 1075 petrum
1485 992 1591 1075 nodfi-

206 1104 282 1170 cndu
302 1102 464 1169 ecclesiam
485 1125 600 1186 meum,
629 1105 708 1169 bunc
726 1122 848 1187 prorsus
869 1106 970 1169 inesse
991 1123 1128 1169 sensum:
1164 1105 1310 1187 „Tueris
1339 1104 1487 1169 ecclesiae
1509 1123 1592 1167 mese
1658 1188 1659 1191 Ἴ

207 1216 441 1295 lirndnmentum,
470 1215 575 1279 endem
597 1223 696 1279 mente
716 1216 796 1297 qun³
823 1222 853 1277 et
872 1213 979 1295 reliqui
1000 1213 1125 1296 apostoli
1144 1222 1228 1279 erunt
1248 1214 1450 1294 fundamento,
1472 1218 1525 1278 et*
1545 1230 1593 1277 co

207 1326 340 1407 lumme;
375 1343 501 1407 quorum
522 1325 636 1389 sufficet
656 1343 748 1407 opere
769 1323 916 1388 ecclesiae
939 1322 1033 1387 moles
1054 1324 1172 1387 fulcitur
1192 1333 1282 1408 utque
1303 1331 1495 1404 sustentetur,
1529 1331 1595 1387 ets

210 1436 316 1517 quibus
338 1435 485 1499 ecclcsiae
507 1436 643 1499 conditae
665 1442 752 1516 sunt,
780 1443 945 1515 postquam
973 1433 1088 1498 scilicet
1107 1432 1211 1497 Petnrs
1233 1452 1306 1516 opus
1328 1430 1515 1514 inehwset,
1548 1436 1597 1514 qui

206 1551 328 1626 priscus
348 1544 435 1609 huius
455 1547 553 1628 operis
574 1553 677 1610 auctor
698 1544 781 1608 unu*

315 1653 383 1718 Non
405 1654 514 1718 abludit
535 1653 738 1738 Benqelius⁸,
771 1656 921 1737 inquiens:
945 1654 1053 1736 „Certe
1074 1671 1164 1736 super
1184 1653 1333 1736 apostolos
1353 1652 1505 1716 seditem
1526 1656 1593 1716 est‘

209 1766 336 1829 ecclesis
361 1764 483 1845 Christi,
513 1773 656 1849 quotenus
682 1764 723 1829 illi
746 1772 776 1829 et
796 1769 888 1845 primi
906 1761 1035 1827 bdelium
1057 1762 1153 1843 luere,
1182 1771 1212 1827 et
1238 1765 1332 1828 ceteri
1349 1763 1454 1827 lideles
1476 1761 1598 1826 illorum
1660 1774 1661 1789 ¹

209 1895 304 1956 opero
327 1891 496 1939 accessere.
540 1874 603 1949 Qun
629 1876 659 1938 in
684 1895 718 1938 re
739 1876 895 1958 prnecipun
924 1873 1068 1957 quaedum
1096 1892 1170 1938 sune
1191 1875 1285 1956 Petri,
1315 1873 1397 1938 selva
1419 1874 1597 1956 spostolicae
1660 1910 1661 1913 =

210 1986 361 2068 potestatis
376 1983 561 2066 aequalitate,
581 1993 800 2069 praeropattno
821 1986 934 2067 extitit3
953 2003 1021 2048 num
1042 1985 1089 2047 is'
1117 1991 1148 2047 et
1161 1990 1282 2063 primm
1303 1983 1426 2048 iudaeos
1447 1982 1600 2048 lucreierit

210 2095 362 2177 plurimos,
386 2093 536 2158 elidem·
561 2101 683 2173 primur
704 2104 811 2178 gentes
833 2095 871 2158 nd
891 2093 1103 2177 evangelium⁹
1129 2093 1277 2156 admisit“
1661 2148 1662 2155 ,

318 2203 468 2266 Consonat
480 2203 722 2269 Rosenmullerus
738 2209 764 2238 ¹⁶
780 2205 827 2268 his
843 2205 959 2269 uerbis:
982 2204 1078 2286 „Quid
1092 2210 1191 2267 nutem
1204 2202 1263 2265 hoc
1277 2202 1344 2266 loco
1356 2203 1393 2266 sit
1405 2199 1597 2284 οἰκοδομεῖν,

210 2314 238 2379 id
260 2321 357 2396 potest
376 2312 513 2378 illustrari
535 2334 574 2378 er
595 2314 669 2378 locis
689 2310 807 2380 ll.'Cor.
830 2315 877 2378 vt.
904 2319 951 2395 ts,
973 2314 994 2376 Ι.
1016 2313 1094 2377 Petr.
1117 2312 1151 2375 ll
1173 2321 1208 2393 5,
1228 2313 1249 2376 l.
1274 2313 1341 2376 Cor.
1366 2310 1411 2374 lll
1434 2317 1471 2391 o,
1493 2310 1600 2394 Ephes
1662 2318 1663 2349 1

211 2424 245 2487 ΙΙ.
266 2429 316 2485 20.
358 2421 491 2485 Ecclesia
514 2442 620 2505 nempe
643 2431 828 2506 comparetur
844 2426 866 2456 '¹
893 2422 1013 2506 templo,
1036 2424 1084 2486 cui
1097 2421 1276 2485 fundamenti
1297 2420 1364 2485 loco
1379 2429 1447 2484 sunt
1467 2420 1601 2503 apostoli.

213 2532 296 2596 licud
310 2550 383 2596 uero
404 2532 489 2596 aliter
503 2540 605 2614 petrae
626 2539 676 2596 sut
688 2533 868 2596 brndsmenti
882 2549 992 2595 nomen
1012 2531 1147 2594 tribuitur
1159 2530 1308 2612 apostolis,
1331 2547 1419 2612 quum
1440 2526 1477 2593 td
1491 2528 1604 2608 σώζω

213 2644 297 2709 Rern.
313 2642 362 2707 Xl.
386 2647 433 2704 14.
478 2642 572 2716 Quum
588 2660 663 2724 erqo
678 2642 747 2706 dicit
758 2642 888 2706 Christus
903 2638 1116 2722 οἰκοδομήσω,
1139 2648 1254 2723 tempus
1266 2639 1335 2704 illud
1349 2640 1477 2722 respicit,
1499 2658 1558 2722 quo
1574 2644 1600 2673 '²
1662 2626 1663 2639 ¹

214 2754 316 2818 Petnrs
347 2759 466 2833 pnmus
495 2752 624 2814 omnium
656 2752 785 2831 iudaeis,
819 2750 925 2815 deinde
943 2752 968 2784 ¹⁸
994 2758 1024 2813 et
1054 2749 1230 2831 alienigenis
1257 2757 1325 2813 erat
1351 2756 1603 2814 annunciatum

213 2864 349 2946 idipsum
372 2862 451 2944 quod
473 2861 523 2923 hic
543 2860 750 2944 profitebatur,
783 2879 890 2941 nempe
912 2858 1015 2923 lesum
1042 2877 1112 2922 esse
1133 2857 1278 2922 Christum
1306 2866 1336 2923 et
1367 2861 1528 2941 unigenum
1548 2859 1605 2924 Dei

213 2973 324 3036 Filium.
367 2971 627 3036 Resurrectionem
649 2973 785 3035 nimirum
804 2970 891 3051 Jesu,
914 2969 961 3031 cui
983 2986 1170 3050 consequens
1193 2975 1254 3047 est,
1277 2986 1345 3031 eum
1367 2988 1437 3033 esse
1459 2969 1604 3035 Christum

214 3091 244 3146 et
264 3080 320 3144 Dei
341 3080 458 3162 Filium,
481 3080 669 3144 crediderumt
694 3088 725 3143 et
745 3080 842 3144 iudaei
863 3086 893 3143 et
919 3085 1026 3162 gentes
1052 3085 1114 3141 tum
1136 3078 1284 3141 communi
1306 3077 1522 3160 apostolorum,
1543 3086 1603 3142 turn

212 3190 365 3271 peculiari
384 3191 473 3253 etiarn
487 3186 579 3252 Petri
600 3197 779 3254 testimonio.
812 3189 869 3253 Per
889 3188 968 3253 hunc
987 3187 1105 3251 modum
1126 3185 1228 3249 Petrus
1249 3185 1342 3249 luctus
1365 3195 1411 3251 est
1427 3195 1519 3269 petra
1540 3189 1604 3253 sire

147 3383 152 3389 .
209 3299 453 3385 fundumentum
473 3299 573 3381 populi
595 3299 776 3364 christiani.“

323 3409 429 3491 Neque
444 3426 533 3472 seem
549 3407 738 3490 schleusner,
761 3410 843 3472 cuins
863 3407 939 3471 boec
961 3413 1007 3472 est
1022 3409 1047 3439 ¹⁴
1071 3405 1230 3470 verborum
1245 3404 1351 3470 Christi
1372 3403 1603 3495 παράφρασιςε

217 3518 303 3598 „Tibi
324 3518 405 3581 velut
424 3517 623 3599 fundamento,
645 3537 717 3582 sexo
738 3517 834 3582 solido
855 3516 998 3581 construi
1013 3522 1213 3597 supersumm
1228 3514 1385 3580 ecclesium
1400 3516 1605 3597 christianum

217 3628 276 3692 boc
297 3634 351 3707 est,
373 3634 405 3689 tu
425 3627 486 3690 eris
507 3648 646 3691 summus
668 3637 698 3693 et
711 3634 848 3692 mecine
867 3632 999 3710 wionis
1019 3625 1124 3690 doctor
1138 3624 1292 3707 religionis
1313 3624 1522 3691 christiunce“

280 3854 306 3928 ¹)
334 3852 414 3926 Apud
441 3852 603 3910 llnuhneum
631 3856 687 3913 l’oli
714 3855 742 3913 in
769 3854 887 3927 synopsi
936 3852 1100 3926 „unomen
1134 3851 1178 3909 hic
1210 3852 1381 3925 potissimum
1408 3853 1506 3911 naum
1542 3869 1607 3911 sens

220 3961 279 4017 mit
301 3960 336 4017 nd
354 3959 447 4017 llnttln
463 3958 534 4016 llvl.
557 3959 603 4017 ts.
936 3959 1108 4031 confirmare,
1136 3967 1254 4029 ovesque
1275 3964 1408 4031 elegum
1427 3959 1539 4018 unnim
1559 3977 1607 4035 ps-

279 4066 307 4140 2)
327 4063 389 4121 Act
410 4064 547 4123 u-xv.
936 4080 1013 4122 scere
1033 4066 1123 4122 iussus
1143 4061 1215 4121 est.“

280 4170 309 4245 ³)
331 4170 418 4244 Apoc.
439 4170 510 4227 xxc
533 4169 580 4227 ld.
1003 4170 1045 4247 ¹⁰)
1065 4169 1096 4227 ln
1116 4170 1227 4229 scholiis
1248 4170 1283 4227 nd
1302 4169 1394 4228 uteru.
1413 4169 1485 4229 xvt
1509 4171 1559 4230 ld

282 4277 309 4350 ⁴)
331 4276 416 4334 Gslst
437 4276 469 4333 ll.
491 4276 519 4331 9.
1002 4277 1045 4353 ¹¹)
1079 4277 1169 4335 luciso
1203 4282 1381 4350 consequente
1415 4294 1546 4353 moveor,
1579 4286 1610 4336 nt

281 4382 309 4457 ³)
329 4381 358 4438 ln
380 4380 474 4439 Gnom.
496 4382 530 4438 sd
550 4382 639 4439 llntth.
660 4381 731 4439 xvt.
755 4382 800 4439 18.
937 4402 996 4442 cunr
1017 4386 1131 4442 munte
1151 4386 1242 4459 potius
1256 4400 1335 4459 quem
1350 4400 1408 4441 nrm
1429 4387 1530 4461 turpio
1552 4388 1608 4445 dc·

281 4487 309 4563 6)
329 4488 416 4563 Apoc.
436 4488 508 4546 xxi.
531 4486 576 4545 ll.
937 4509 1015 4550 mone
1037 4491 1186 4565 comperuri
1207 4489 1349 4547 ecclesium
1371 4490 1495 4549 arbitrer.

280 4594 308 4668 ²)
328 4594 390 4651 llct
411 4593 444 4649 ll.
926 4606 930 4615 '
1002 4598 1047 4674 ¹²)
1067 4597 1129 4654 Act
1152 4596 1185 4654 ll
1208 4595 1254 4654 14.
1275 4611 1351 4669 seqq.

282 4701 310 4775 ¹⁴)
331 4700 399 4758 lbid.
420 4699 454 4756 lb
1005 4705 1047 4780 ¹³)
1068 4704 1137 4762 lbid.
1159 4701 1191 4759 x.
1213 4708 1241 4758 et
1260 4701 1318 4759 XV.
1341 4702 1368 4757 ¹1.

281 4807 309 4881 ⁹)
329 4808 442 4864 Videtur
461 4805 581 4862 sensisse
601 4803 743 4876 beugelius
764 4805 888 4861 tenuiore
1004 4812 1046 4885 11)
1067 4811 1096 4867 ln
1116 4810 1208 4867 lexic.
1230 4808 1260 4864 N.
1283 4807 1312 4864 T.
1334 4807 1367 4864 nd
1389 4824 1416 4864 v.
1436 4806 1535 4885 erispa.

222 4912 287 4967 haec
307 4927 384 4982 esse,
411 4928 490 4984 quum
511 4918 542 4967 ut
561 4912 615 4966 vim
636 4910 748 4966 reddent
772 4910 889 4966 domini·
1004 4917 1046 4991 Ι1)
1074 4917 1184 4974 Probnri
1211 4918 1262 4971 lstn
1287 4921 1416 4991 possent,
1443 4915 1467 4971 si
1489 4916 1525 4974 ds
1541 4919 1609 4992 pri-

223 5033 271 5075 cse
296 5017 501 5094 promissionis3
533 5015 603 5075 unde
630 5017 756 5075 continuo
783 5014 889 5074 subdit:
937 5030 1014 5083 mate
1030 5024 1101 5096 ptdsn'
1120 5041 1155 5082 cc
1174 5023 1333 5096 doctrinae,
1353 5036 1407 5096 quo
1427 5021 1521 5079 Petrus
1542 5038 1608 5099 pree
