3358 5400
187 294 249 355 aas
555 268 557 271 ’
661 256 841 353 fmsnn
881 286 1049 355 munros

185 477 272 542 qoam
300 457 416 531 κοινῶς
444 457 545 538 statui,
576 475 612 520 ac
641 457 764 540 idipsum
791 475 888 540 aequo
913 458 978 522 iure
1007 456 1044 520 ab
1072 456 1207 521 ommbm
1239 455 1362 520 dednim
1411 454 1573 521 Decretum

186 570 280 650 enim,
312 567 392 650 quod
418 566 548 648 pluribus
575 587 732 630 manusc
760 566 863 647 suerit,
893 584 954 631 non
983 567 1089 630 iurium
1115 566 1333 649 aequalitatem,
1365 566 1423 630 sed
1451 565 1576 649 ongis

186 685 402 761 competentem
424 675 605 741 decernendi
632 678 833 740 auctoritatem
856 677 1045 743 demonstrat
1086 677 1161 740 llino
1182 678 1348 740 communis
1369 675 1495 739 decreta
1515 692 1575 737 non

186 809 225 853 ex
246 787 417 870 aequalibus
439 785 544 867 sotum,
566 804 667 849 verum
690 788 778 850 etiam
800 805 839 850 ex
860 787 1060 870 inaequalibus
1079 786 1460 871 coetibusproficiscuntur.
1491 782 1576 857 Quod

185 917 260 983 ergo
288 906 318 962 et
339 897 473 979 quaestio
494 897 641 959 communi
661 896 768 960 iudicio
791 896 931 978 coemo,
961 896 1106 980 legesque
1134 897 1281 961 communi
1303 893 1447 977 suffragio
1468 893 1576 957 diesim

185 1011 377 1090 constitutae,
406 1006 534 1071 ostendit
556 1006 673 1088 quidem
695 1005 894 1087 deliberandi,
923 1007 1161 1090 decernendique
1182 1013 1356 1089 potestatem
1378 1006 1416 1069 iis
1438 1003 1575 1068 omnibns

185 1118 277 1182 lltisse
298 1136 493 1199 communem,
512 1118 563 1199 qui
581 1118 612 1178 in
633 1115 778 1199 synodum
792 1133 979 1200 convenere3
1001 1117 1164 1182 nullatenus
1179 1133 1252 1181 vero
1266 1116 1394 1180 ostendit
1410 1123 1462 1178 aut
1475 1124 1575 1179 osten·

185 1228 257 1293 dere
278 1235 391 1309 potest,
420 1226 468 1290 vel
489 1227 595 1291 eodem
616 1226 680 1289 iuro
694 1228 720 1261 ⁰¹
747 1244 850 1290 omnes
872 1233 903 1291 et
920 1227 1055 1309 singulos
1074 1226 1236 1308 iudicasse,
1267 1225 1317 1291 vel
1337 1225 1443 1310 legum
1464 1226 1574 1290 latores

184 1337 262 1402 nulla
283 1338 375 1401 luisse
396 1338 467 1400 iuris
488 1335 694 1419 inaequalitate
714 1343 857 1400 secretos.

291 1448 373 1511 llaec
395 1446 511 1511 aliunde
533 1445 633 1529 colligi
646 1446 687 1528 ⁸²,
715 1465 750 1510 ac
777 1466 796 1510 e
821 1446 890 1510 lacti
916 1448 1005 1510 totius
1025 1448 1105 1511 serie
1131 1447 1236 1512 deduci
1257 1449 1430 1513 nominatim
1453 1446 1571 1512 debent

184 1558 248 1633 Qua
269 1557 444 1621 deductione
466 1558 608 1639 instituta,
629 1557 815 1639 perspicuum
836 1559 907 1638 erit,
932 1574 1088 1620 commune
1110 1557 1262 1621 decretum
1282 1558 1321 1621 ad
1340 1558 1462 1622 Petrum
1484 1557 1573 1640 inpri-

184 1671 240 1733 mis
261 1669 449 1734 referendum
471 1685 557 1748 esse,
578 1666 711 1748 latasque
732 1670 926 1731 communiter
945 1667 1030 1751 leges
1051 1667 1089 1730 sd
1110 1686 1194 1750 eum,
1222 1675 1371 1751 umquam
1393 1675 1498 1750 caput,
1519 1683 1571 1749 po·

183 1782 327 1845 timimum
347 1781 506 1862 pertinere.

291 1896 362 1955 251.
404 1886 490 1963 Quod
511 1885 621 1966 antiqui
643 1886 789 1951 ccclesiae
811 1887 948 1952 doctores
969 1895 999 1950 et
1019 1886 1154 1951 viderunt
1174 1887 1243 1968 ipsi,
1275 1893 1306 1949 et
1333 1888 1499 1951 memoriae
1519 1903 1572 1969 po·

185 2001 322 2065 stedtatis
343 1996 593 2063 commendarunt.
635 1994 660 2057 E
680 1995 785 2077 quibos
803 1998 896 2062 altero
916 1995 1037 2061 saeculo
1052 1996 1245 2061 Tertullianus
1259 1998 1287 2030 ‘⁸
1313 1995 1350 2059 de
1371 1995 1572 2080 singularibus

183 2110 262 2174 Petri
287 2108 402 2172 dotibus
432 2106 670 2188 tabefaciens,
696 2107 801 2189 inqt'ait:
845 2106 898 2188 „ln
919 2108 982 2189 ipso
1005 2107 1131 2171 ecclesia
1153 2114 1286 2171 extructa
1308 2112 1369 2187 est,
1396 2106 1492 2186 idest,
1519 2122 1573 2188 per

185 2219 296 2301 ipsum,
329 2219 392 2300 ipse
420 2215 534 2280 clavem
548 2217 575 2250 ⁰⁴
606 2214 723 2299 imbuit3
755 2216 823 2280 vide
850 2235 952 2298 quam:
1000 2217 1061 2281 Viri
1085 2217 1248 2297 israelitae,
1282 2216 1399 2280 auribus
1434 2215 1570 2280 mandate

185 2345 261 2409 quma
289 2327 372 2407 dico,
398 2326 499 2390 lesum
521 2325 705 2390 Nazarenum
726 2327 819 2388 vimm
841 2345 859 2388 a
880 2324 945 2389 Deo
966 2325 1050 2389 vobis
1072 2326 1260 2408 destinatum,
1287 2326 1463 2408 etreliqua.
1506 2325 1570 2407 lpse

184 2435 311 2516 deniquo
332 2438 442 2518 primus
462 2437 493 2499 in
509 2436 615 2499 Christi
635 2436 778 2517 baptismo
798 2438 944 2500 reseravit
963 2436 1071 2500 aditum
1093 2435 1229 2500 caelestis
1249 2436 1346 2517 regni,
1369 2452 1430 2516 quo
1451 2434 1571 2499 solum·

186 2553 234 2608 tur
253 2545 369 2627 alligata
391 2552 471 2608 retro
494 2544 609 2627 delicta,
633 2552 663 2608 ct
683 2544 838 2629 alligantm
858 2563 934 2627 quac
955 2563 1015 2609 non
1036 2544 1264 2627 manutentum,
1286 2545 1450 2611 secondum
1472 2562 1572 2608 veram

185 2655 326 2737 salutem3
350 2662 381 2718 et
399 2654 544 2718 Ananiam
564 2655 656 2718 vinxit
670 2654 785 2718 vinculo
808 2657 919 2737 mortis,
941 2663 971 2719 et
992 2654 1118 2718 debilem
1135 2655 1259 2738 pedibus
1280 2655 1405 2720 absolvit
1427 2656 1499 2718 vitio
1521 2673 1570 2717 va·

185 2765 330 2829 lotudlnis.
375 2763 435 2829 Sed
456 2771 486 2827 ot
506 2766 536 2828 in
558 2764 606 2827 illa
628 2763 838 2847 disceptatione
860 2764 1070 2829 custodiendae
1096 2783 1153 2829 nec
1173 2785 1212 2830 uc
1233 2766 1340 2849 legis,
1365 2772 1488 2847 pstssus
1510 2783 1567 2827 oss

185 2882 269 2939 amm
291 2871 410 2938 Petrus
424 2872 546 2955 Spiritu
566 2880 740 2953 matuatus,
763 2883 792 2939 et
814 2874 851 2939 de
872 2876 1021 2938 nationum
1041 2877 1202 2940 vocatione
1218 2876 1380 2959 praefatus:
1423 2876 1462 2939 Et
1482 2892 1568 2953 nunc,

185 2983 291 3068 inquit,
320 3004 373 3048 cur
399 2985 530 3048 tentastis
551 2982 707 3047 Dominum
735 2984 772 3047 dc
800 2984 977 3066 imponendo
1006 2986 1076 3068 iugo
1103 2985 1254 3066 tratribus,
1283 2985 1361 3068 quod
1388 3004 1488 3069 neque
1515 3000 1568 3046 nos

186 3114 284 3179 nequo
305 3104 403 3178 patres
419 3096 512 3158 nostri
532 3093 657 3157 sullerre
678 3091 852 3157 valuerunt?
874 3093 929 3157 sed
949 3096 1025 3158 enim
1047 3096 1239 3179 pergratiam
1253 3095 1325 3159 lesu
1345 3095 1494 3159 credimus
1514 3108 1568 3156 nos

186 3205 308 3269 salutem
331 3212 541 3269 consecuturos
562 3209 638 3269 sicut
665 3212 696 3267 et
715 3204 765 3267 itt
807 3201 897 3267 Haec
918 3213 1073 3270 sententia
1094 3213 1124 3269 et
1145 3204 1235 3269 solvit
1254 3227 1334 3286 quae
1356 3210 1475 3269 csstsss
1495 3207 1567 3266 suat

186 3312 293 3401 Iaspis,
315 3323 345 3379 el
366 3313 506 3400 cutqastt
526 3335 606 3395 quse
625 3322 789 3378 resecato
809 3319 913 3377 sunt.“

291 3426 402 3490 Eadem
424 3425 628 3507 perspicuitate
649 3424 769 3488 saeculo
789 3430 892 3506 quarto
913 3423 1108 3508 Hieronymus
1120 3427 1160 3507 ⁸⁸,
1192 3425 1242 3507 qui
1260 3425 1378 3488 Pctmm
1398 3423 1500 3489 scribit
1520 3442 1566 3484 ss·

186 3532 243 3598 lsta
263 3532 404 3599 libertate
426 3555 534 3610 usum,
564 3543 656 3614 atque
680 3540 713 3596 tn
739 3539 807 3597 etus
828 3541 1013 3597 sententiam
1033 3531 1190 3598 Jacoduas
1208 3540 1304 3597 icisse
1323 3532 1511 3613 apostolum,
1538 3535 1567 3591 et

187 3665 288 3708 omnes
308 3644 403 3708 swsul
412 3642 607 3726 presbyteros
628 3651 818 3720 transivisse,
841 3651 871 3706 et
882 3651 1048 3724 pstneipem
1067 3642 1161 3707 lutus
1174 3632 1285 3727 fotsse
1303 3644 1426 3707 decretl.
1470 3641 1564 3716 Quare

186 3754 305 3819 saeculo
332 3758 431 3838 quainto
452 3755 647 3818 Theodoritus
661 3755 689 3788 ⁸⁶
713 3751 824 3816 litteras
844 3754 881 3817 ad
902 3754 1033 3818 Leonem
1057 3761 1256 3838 cognomento
1278 3751 1484 3844 magnumbis
1504 3757 1566 3811 om·'

186 3865 256 3927 uino
278 3865 376 3928 verbis
395 3874 518 3929 exorsus
540 3871 600 3928 est:
644 3860 713 3940 „lul
733 3860 880 3938 Παῦλος,
905 3864 959 3939 τῆς
985 3863 1142 3940 ἀληθείας
1170 3861 1323 3947 ὁκήρυξ,
1350 3858 1369 3940 ἡ
1396 3863 1454 3924 τοῦ
1472 3857 1564 3941 c‘ylov

186 3973 362 4057 πνεύματος
381 3972 532 4058 σάλπιγξ,
555 3977 634 4054 πρὸς
656 3971 710 4036 τὸν
729 3977 829 4055 μέγαν
850 3970 968 4056 ἔδραμε
988 3971 1128 4058 Πέτρον,
1152 3972 1228 4050 ὥςτε
1247 3976 1314 4049 τοῖς
1334 3976 1368 4037 ἐν
1388 3966 1562 4047 Ἀντιοχείᾳ

187 4086 259 4169 περὶ
282 4088 334 4162 τῆς
354 4084 435 4149 sorel
457 4088 554 4168 νόμον
574 4081 981 4167 πολετελας·άμᾳεσβηεοῦσι
1008 4082 1085 4163 παρ’
1110 4082 1210 4149 αὐτοῦ
1234 4084 1363 4165 κομίσαι
1383 4078 1438 4160 τήν
1463 4076 1561 4149 λύσιν,

187 4194 297 4279 πολλῷ
314 4194 441 4285 μᾶλλον
461 4192 548 4276 ἡμεῖς
570 4195 599 4257 οἱ
619 4193 751 4269 εὐτελεῖς
773 4193 826 4257 καὶ
841 4194 977 4277 σμικροί,
999 4192 1078 4275 πρὸς
1099 4192 1154 4258 τὸν
1167 4189 1374 4258 άποστολικὸν
1393 4189 1482 4273 ὑμῶν
1502 4187 1564 4266 sod·

251 4392 297 4467 Η)
322 4392 379 4448 Nisi
409 4397 437 4449 et
467 4392 531 4448 illud
561 4391 721 4464 contendas,
756 4389 853 4446 eodem
965 4389 1010 4464 ¹⁴)
1030 4390 1116 4464 Idaei,
1145 4390 1290 4448 adnotsnte
1309 4390 1442 4465 lligaltio,
1469 4386 1562 4460 ponus

188 4498 246 4554 iore
265 4498 403 4571 apostolos
424 4503 451 4554 et
464 4497 638 4570 presbyteros
652 4497 854 4561 luisseinstm-
901 4511 978 4553 serso
998 4496 1101 4553 clasem
1129 4496 1254 4554 inseruit:
1285 4496 1362 4553 clauc
1389 4494 1482 4554 alteo
1502 4502 1563 4546 con·

80 4664 84 4670 .
187 4609 256 4659 02⁰⁸·
901 4617 977 4657 cessa
1001 4602 1040 4658 uti
1065 4604 1162 4675 coepit
1203 4603 1251 4660 Sic
1280 4602 1350 4659 libro
1377 4601 1411 4659 ds
1435 4595 1561 4659 letaniis:

251 4707 295 4783 ⁰²)
317 4708 406 4781 Neque
432 4709 503 4764 enim
523 4708 587 4765 licet
612 4708 640 4765 in
659 4723 713 4765 uno
732 4710 854 4766 tadmo-
900 4705 949 4764 sbs‘
967 4708 1025 4763 icas
1044 4710 1180 4766 causatio
1199 4709 1318 4766 λοειλεέε
1337 4707 1422 4765 imbus·
1435 4704 1532 4783 pouit
1660 4768 1661 4785 q

187 4814 234 4871 nio
258 4816 299 4871 sic
325 4814 439 4871 animun
465 4814 600 4909 deligere,
633 4820 662 4870 ut
687 4814 739 4873 slis
765 4815 853 4888 negli-
962 4812 1007 4889 ⁶⁵)
1028 4813 1113 4887 Epist
1133 4814 1237 4873 LXXV.
1264 4815 1299 4873 sl.
1319 4814 1365 4873 itt
1384 4813 1453 4873 inter
1472 4811 1558 4881 λαμ·

189 4927 292 4992 gantas.
902 4921 1039 4978 admissos.

251 5025 296 5101 ω)
315 5024 355 5085 Dc
377 5025 489 5084 Pudicit.
510 5043 569 5102 csp.
589 5022 659 5085 xxi.
963 5026 1009 5103 ⁸⁸)
1028 5026 1116 5102 Epist.
1135 5026 1227 5087 xcut
1247 5027 1313 5085 edit.
1332 5023 1456 5087 smnus
