3300 5402
66 4788 72 4805 .
190 4721 329 4779 accersitis
349 4719 454 4777 aliunde
473 4715 678 4792 probationibus
698 4718 768 4774 baud
788 4735 852 4791 qua·

189 338 250 399 tit
677 331 808 397 LIBER
848 330 1082 445 SileDUS

186 512 220 567 tn
239 504 433 587 caprimum,
460 499 613 580 obsolute,
640 500 877 582 simpliciterque
898 502 1139 584 expenderimus,
1169 506 1229 563 tum
1258 517 1330 564 vero
1359 499 1397 564 sd
1418 519 1454 566 ea
1476 517 1561 583 argu·

186 622 285 678 menta
310 622 501 692 comparate,
528 613 633 695 quibus
662 613 859 677 nobilissimae
879 615 1098 693 protestantium
1120 619 1220 675 sectae
1245 609 1369 690 menam
1389 610 1563 674 maecen-

188 745 246 804 que
274 722 502 786 demonstrandi
531 728 673 785 cuiatem
700 722 874 786 adscribunt.
917 721 997 795 Quae
1026 722 1114 804 igitur
1142 728 1174 783 tn
1194 742 1229 782 sc
1249 728 1337 801 atque
1357 717 1500 783 Marte
1521 722 1563 783 ais

187 833 228 897 illi
251 834 360 912 subest,
384 840 622 912 momentumque
639 829 803 911 probandil
824 830 948 894 obscum
970 848 1030 893 non
1050 833 1106 892 erit
1125 831 1290 911 responsio,
1314 831 1339 893 si
1361 838 1459 894 mente
1478 847 1563 912 repu-
1629 892 1630 901 ,

187 950 279 1022 tetur,
301 941 416 1005 ductam
438 928 476 1005 err
496 942 695 1003 instrumentis
715 940 915 1021 probationem
935 947 997 1002 tum
1017 940 1078 1002 suis
1100 937 1261 1003 absolutum
1280 939 1417 1005 numeris
1439 938 1563 1017 censeri,

188 1070 277 1136 quum
305 1051 326 1114 l
350 1058 379 1113 et
406 1052 627 1114 instrumentum
659 1049 737 1129 quod
759 1048 926 1130 adhibetur,
955 1046 1163 1111 authenticum
1178 1051 1203 1083 ¹⁴
1228 1056 1289 1111 est:
1320 1056 1350 1111 et
1375 1047 1409 1111 ll.
1431 1065 1509 1130 quae
1529 1065 1564 1110 er

188 1160 238 1225 illo
262 1167 433 1243 promuntur
458 1158 623 1221 testimonia
652 1158 700 1220 vel
721 1157 866 1220 evidentia
883 1154 1008 1238 άμέσως
1029 1165 1097 1220 sumt
1116 1165 1148 1220 et
1166 1159 1239 1220 eitra
1260 1159 1494 1220 controuersiam
1513 1173 1563 1239 po
1629 1188 1630 1215 r

189 1271 253 1349 sita,
276 1268 324 1332 vel
345 1286 417 1332 sane
439 1267 591 1347 eiusmodi,
614 1283 738 1349 quorum
759 1265 933 1348 significatio
954 1267 1043 1329 certis
1061 1268 1243 1349 argumentis
1264 1264 1406 1329 delinitur.
1452 1264 1563 1329 Utrum·

190 1396 249 1460 que
270 1377 349 1439 enim
370 1377 395 1439 si
417 1377 578 1457 conspiret,
600 1374 671 1438 nibil
692 1376 748 1438 iam
769 1394 837 1439 esse
857 1375 1001 1458 reliquum
1021 1383 1118 1458 potest
1139 1376 1218 1457 quod
1238 1377 1275 1439 ad
1296 1373 1461 1440 faciendam
1481 1375 1565 1438 iidem

189 1488 391 1551 necessarium
411 1485 554 1549 ndenmr.
597 1484 735 1547 lamvero
763 1503 781 1546 e
805 1500 864 1566 qno
884 1502 941 1548 nos
962 1486 1154 1549 instrumento
1180 1486 1382 1567 probationem
1405 1485 1565 1568 desumpsi·

188 1593 274 1660 musi
294 1614 334 1658 ex
353 1596 390 1658 iis
411 1594 624 1675 scripturarum
641 1589 731 1671 libris,
752 1594 847 1674 iisque
861 1592 1000 1675 partibus,
1023 1611 1147 1689 quorum
1166 1592 1323 1659 eidemin
1343 1595 1565 1659 cincinnorum

187 1706 297 1771 nemini
318 1722 427 1786 anceps
449 1702 594 1783 dubiaque
616 1708 671 1765 est.
713 1701 906 1764 instrumento
932 1703 1021 1785 igitur
1047 1705 1092 1766 nsi
1122 1723 1223 1767 sumus
1250 1704 1428 1769 authentico.
1472 1705 1565 1779 Quae

188 1834 256 1878 nam
282 1832 354 1877 vero
379 1814 544 1877 tesdmoms
568 1832 607 1875 ex
635 1828 672 1874 eo
699 1807 890 1893 protulimusi
921 1829 996 1892 quoe
1021 1812 1057 1875 ud
1084 1811 1192 1896 duplex
1213 1832 1309 1897 genos
1330 1814 1563 1879 manifestissime

188 1926 346 2007 pertinent,
376 1940 499 2005 quorum
522 1921 645 1985 alterum
660 1923 685 1953 ¹⁷
709 1921 746 1982 iis
767 1926 881 1983 constat
900 1921 1005 2001 quibus
1025 1928 1103 1984 tanta
1125 1923 1202 1985 inest
1220 1923 1382 2003 evidentia,
1406 1930 1441 1987 ut
1460 1923 1491 1985 in
1511 1922 1566 1985 dis·

189 2034 384 2116 ceptatiouem
407 2031 511 2095 adduci
525 2031 688 2094 nullatenus
709 2031 871 2112 potuerint3
892 2029 1013 2093 alterum
1028 2049 1101 2095 vero
1121 2033 1157 2094 iis
1173 2034 1199 2066 ¹⁸
1224 2030 1384 2095 absolvitur
1404 2050 1484 2113 qme
1503 2031 1567 2094 ieet

187 2161 248 2206 non
275 2143 369 2205 minus
397 2161 440 2202 ec
467 2160 537 2202 sese
563 2140 719 2220 conspicua
739 2139 919 2221 illustriaque
937 2141 1010 2221 sint,
1036 2140 1155 2205 delendi
1172 2149 1271 2205 tamen
1293 2141 1496 2223 vindicarique
1516 2140 1565 2203 de·

189 2253 329 2330 buerunt,
351 2258 382 2313 ot
402 2249 439 2313 ab
460 2248 593 2313 absurdis
614 2249 882 2330 interpretationum
903 2250 1076 2332 corruptelis
1096 2252 1304 2314 enumerentur.
1345 2249 1490 2313 Nouu'um
1513 2251 1566 2332 igi-

188 2369 236 2423 tur
256 2358 400 2422 adhibitae
424 2358 588 2440 probationi
614 2356 713 2439 deest,
742 2367 772 2420 ut
799 2376 859 2421 non
882 2359 969 2422 modo
991 2361 1106 2442 mais,
1136 2377 1239 2423 nerum
1263 2360 1351 2422 etiam
1371 2358 1566 2440 peremptorio

188 2467 339 2531 iudicetur.

294 2583 323 2638 6.
363 2575 519 2640 Praeterea
540 2593 628 2638 unum
648 2594 687 2639 ne
707 2575 878 2657 alterumve,
900 2596 938 2640 an
951 2595 1075 2642 nomem
1090 2577 1209 2641 omnino
1224 2577 1349 2660 plurima
1370 2596 1388 2641 e
1407 2576 1562 2642 biblionmr

189 2690 380 2751 instrumento
400 2686 560 2765 retulimus,
584 2703 660 2767 quae
681 2703 815 2749 caussam
837 2687 978 2765 iuvarent,
1000 2694 1179 2767 assererent,
1200 2684 1393 2750 evtrroerenti
1414 2686 1567 2751 rettulimus

189 2815 228 2860 ne
250 2813 327 2877 quae
349 2795 466 2858 modum
490 2800 643 2873 primatus
669 2801 904 2872 wolbodonem,
928 2814 966 2858 an
991 2814 1067 2878 quae
1087 2795 1268 2876 multiplices
1290 2814 1408 2878 quoquo
1430 2796 1566 2861 maden

189 2901 466 2980 ademarum,
485 2910 716 2984 promissiones,
747 2924 854 2980 osum,
881 2902 1183 2989 outqattasimsmque
1203 2905 1331 2990 sunum
1357 2901 1565 2971 ostenderenti

188 3014 326 3079 videlicet
357 3032 393 3087 ea
424 3013 510 3076 nobis
537 3019 654 3094 praesto
686 3012 817 3092 inerunt,
857 3031 932 3095 quae
960 3022 1019 3078 tam
1048 3014 1124 3078 iilius
1147 3018 1173 3051 ¹·
1206 3020 1442 3092 institutionum,
1481 3032 1565 3097 quiam

186 3130 288 3205 petens
301 3126 330 3156 ²⁰
353 3128 491 3206 neatiqth
512 3143 610 3201 eaque
623 3129 655 3184 in
669 3122 733 3185 diss
748 3125 774 3156 ²¹
800 3121 987 3187 locutusne
1001 3145 1162 3206 amessa,
1181 3132 1400 3206 promissiones
1415 3127 1456 3201 ²²,
1477 3142 1565 3188 seor·

188 3241 293 3298 mnam
307 3232 346 3307 ²¹,
374 3237 572 3310 amnemque
604 3239 636 3293 m
659 3237 815 3311 mensem
839 3231 969 3297 metente
993 3228 1106 3314 eosque
1119 3237 1147 3269 ²⁴
1174 3231 1326 3320 msam
1351 3234 1565 3316 pemraoerenr,
1629 3242 1630 3247 ¹

189 3342 341 3424 oculisque
362 3339 548 3405 subiicerent
590 3338 641 3403 Est
661 3360 700 3404 ne
720 3360 792 3404 vero
813 3343 892 3423 quod
912 3343 1033 3407 ulterius
1055 3345 1280 3426 experimento
1301 3345 1410 3427 possit,
1431 3351 1464 3408 ut
1484 3343 1566 3406 dubi·
1629 3372 1630 3387 κ

190 3454 261 3517 tatio
290 3451 385 3514 omnis
413 3450 451 3513 de
478 3450 683 3531 praerogativa
705 3452 845 3533 primatus
865 3451 950 3516 Petro
976 3452 1080 3517 coliata
1101 3451 1305 3537 praecideiuri
1334 3454 1360 3517 si
1381 3453 1449 3535 quid
1471 3452 1567 3530 video,

254 3662 297 3737 ¹⁴)
317 3659 485 3716 Auctoritate
505 3659 627 3715 nimirum
648 3660 682 3716 ad
699 3661 854 3733 puniendam
903 3663 981 3736 lacit,
1007 3678 1060 3719 nou
1081 3664 1115 3720 ab
1136 3665 1190 3721 alio
1216 3664 1327 3738 ancipit,
1354 3671 1383 3721 st
1402 3666 1430 3722 in
1450 3682 1504 3739 quo
1524 3666 1564 3720 ius

190 3771 269 3827 tidem
290 3769 455 3838 instructum,
478 3780 531 3838 qno
551 3781 630 3822 seusu
650 3766 707 3821 lieri
728 3755 854 3822 nieme
903 3774 963 3841 ast,
993 3775 1115 3843 potestas
1145 3786 1177 3824 ae
1207 3771 1341 3843 dignitas,
1371 3787 1423 3826 use
1449 3771 1483 3828 ab
1511 3769 1562 3826 alio

190 3870 246 3941 κοῖς
272 3873 371 3931 dieitur
396 3871 468 3945 quod
494 3887 532 3926 sa
557 3872 724 3929 auctoritate
750 3871 794 3943 dt,
827 3878 855 3928 et
901 3874 1030 3948 pendet“

191 3972 342 4038 uideatur
367 3983 472 4050 patres,
504 3976 700 4049 scriptoresque
727 3978 854 4034 eeclesia·
966 3980 1008 4054 ¹⁷)
1029 3980 1120 4037 l.ib.l.
1137 3978 1563 4039 nmis-2o-22-1ts—

190 4086 253 4143 stiei
283 4084 476 4142 auctoritorem
504 4083 716 4156 interpretantur.
768 4082 852 4139 lmmo
904 4083 1078 4143 too-269.

191 4191 243 4266 ipsi
264 4205 369 4263 qnoque
388 4190 454 4245 iuris
474 4188 612 4261 magistri,
637 4203 785 4259 equorum
805 4205 853 4245 nu·
965 4190 1008 4265 ¹⁸)
1029 4190 1086 4246 bib.
1101 4189 1121 4246 i.
1145 4207 1189 4248 un.
1210 4189 1561 4249 42-62—72-81-

190 4312 265 4354 mero
291 4295 413 4353 Andreas
438 4294 560 4351 Aleiatus
583 4291 629 4348 lib.
644 4293 676 4349 ll.
701 4292 853 4369 maplpyms,
904 4294 1194 4355 100-259-272.

190 4421 249 4477 cap.
269 4401 358 4461 xtvr.
384 4402 492 4459 scribit:
532 4389 728 4469 ,Antemnis
747 4417 852 4473 mauce,
967 4416 1374 4497 ¹⁹)11ffi·¹·¹¹¹¹·¹⁰⁰·⁸⁰i⁰r
1463 4422 1469 4433 ·

187 4510 269 4567 iatine
293 4515 451 4565 semrom
475 4507 565 4580 possis
592 4506 774 4578 interpretari,
801 4507 854 4563 hoc
964 4545 1009 4620 ῃ)
1029 4543 1088 4601 md
1117 4559 1152 4598 Μ
1185 4541 1220 4598 ¹3
1251 4558 1265 4597 s

189 4620 244 4687 est,
266 4614 308 4689 id,
330 4615 372 4671 eui
392 4613 436 4670 vel
456 4613 509 4686 ipsi
530 4611 596 4668 tides
615 4609 756 4685 habeatur,
776 4614 851 4684 quasi
913 4614 915 4618 “
963 4667 1009 4743 er)
1028 4582 1098 4723 md·
1115 4581 1162 4722 Μ’
1181 4580 1230 4720 62⁸
1249 4558 1325 4738 ΒΞ

145 4796 164 4891 ,⁸
189 4844 267 4902 quarn
293 4826 430 4901 indigeam
455 4825 497 4882 vel
524 4825 595 4896 quod
622 4841 637 4879 a
664 4824 772 4896 seipso,
798 4838 851 4880 non
963 4787 1323 4865 ²²)1bid·¹¹²⁴2'”¹¹q'

191 4933 225 4990 ab
246 4933 300 4990 alio
320 4932 481 5006 dependeat,
507 4931 582 5002 quasi
603 4930 677 4986 dieas
698 4929 852 5003 eripiente:
963 4911 1009 4986 ²⁸)
1031 4911 1099 4968 ΠΜ·
1119 4927 1162 4967 ¹¹¹¹·
1186 4910 1251 4967 ¹⁶3·
1272 4926 1346 4983 seqq.

192 5038 411 5111 quemadmodum
430 5044 457 5094 et
476 5045 557 5095 ustor
570 5037 594 5091 is
608 5035 713 5108 dieitur,
734 5035 778 5107 qai
792 5034 851 5107 ipse
961 5034 1007 5109 Ν)
1026 5033 1094 5090 ibid.
1109 5050 1154 5091 un.
1167 5033 1235 5092 259.
1246 5049 1330 5108 seqq,
1351 5049 1394 5090 uu.
1408 5032 1475 5092 tot.
1486 5045 1557 5107 asta
