3358 5400
655 266 800 338 CAPUT
841 269 966 336 xxiv.
1437 269 1498 331 238

123 439 276 509 nemeen
295 439 341 505 ltt.
364 439 389 504 si
410 457 487 523 quae
507 439 538 504 in
558 439 637 504 raab
655 441 822 505 narratione
842 446 1046 521 ocem-rerem,
1067 455 1144 521 quae
1163 437 1257 521 prima
1277 436 1380 503 saltem
1401 436 1497 501 fronte

125 551 162 614 ab
184 552 287 615 eximia
306 551 383 615 Petri
406 550 545 633 dignitate
567 549 710 614 dissidere
731 549 917 631 viderentur,
938 570 974 614 ea
996 558 1026 614 et
1045 549 1159 614 amobri
1179 548 1317 629 sollicite,
1345 555 1375 610 et
1394 547 1497 611 maiori

14 730 19 739 ,
124 679 179 744 qua
199 669 320 743 possent
339 661 479 725 industria
500 659 685 742 complanare
707 661 807 743 praeci
835 667 933 741 patres
955 659 1177 723 contenderunt.
1218 658 1309 740 Atqui
1334 664 1498 740 protestan-

122 778 167 833 tes
186 770 244 834 boc
265 770 322 835 sibi
342 772 468 835 maxime
490 769 572 834 cordi
592 786 660 833 esse
681 768 890 853 significarunt,
910 777 1049 851 utquam
1069 769 1192 852 plurima
1213 766 1412 847 corraderent,
1434 767 1497 848 qui·

120 880 175 944 bns
200 879 278 945 Petri
305 874 448 961 ὑπεροχή
474 881 504 942 in
533 878 690 942 discrimen
717 887 879 942 vocaretur.
923 877 1053 942 Tandem
1080 878 1126 941 tv.
1155 879 1256 961 praeci
1283 884 1381 959 patres
1407 876 1497 959 longe

119 990 209 1054 sadus
236 998 415 1054 censuerunt
442 989 544 1055 obvias
570 1005 735 1072 pronasque
756 988 914 1052 verbonrm
935 988 1163 1071 significationes
1183 986 1314 1050 nonnihil
1337 986 1497 1066 inflectere,

119 1106 150 1163 et
171 1120 188 1163 a
213 1101 425 1164 commentario
448 1101 497 1183 qui
520 1102 630 1182 primns
650 1106 779 1162 mentem
801 1104 968 1178 occuparet,
990 1098 1130 1179 tantisper
1151 1096 1318 1178 discedere,
1341 1084 1427 1179 quam
1449 1095 1498 1158 vel

116 1208 268 1292 apostotos
290 1210 462 1292 seonmipsis
483 1210 676 1289 committere,
698 1208 746 1272 vel
768 1207 884 1271 Petrum
903 1206 1101 1288 apostolorum
1122 1214 1207 1289 eaput
1226 1224 1286 1269 non
1307 1222 1344 1270 ec
1367 1223 1425 1287 quo
1445 1222 1498 1286 par

114 1325 179 1381 erat
200 1318 346 1400 obsequie
367 1318 495 1382 habitum
516 1317 657 1383 confiteri.
700 1318 789 1401 Atqui
809 1324 1005 1401 protestantes
1025 1318 1122 1381 omnia
1144 1319 1174 1381 in
1190 1297 1364 1380 immensum
1378 1322 1497 1398 augent,

113 1429 143 1490 in
169 1428 351 1491 deteriorem
379 1436 491 1509 partem
520 1428 647 1510 rapiunt,
686 1444 782 1508 eoque
810 1426 989 1509 praeclarius
1015 1445 1070 1491 suo
1094 1446 1128 1491 se
1160 1428 1348 1510 interpretum
1375 1443 1496 1489 munere

113 1537 235 1603 functos
256 1545 421 1617 autumant,
444 1556 502 1620 que
523 1538 553 1600 in
574 1536 690 1599 Petrum
711 1537 846 1601 acerbius
867 1537 1051 1601 invehuntur.

224 1644 295 1711 eos.
338 1648 413 1723 Ouid
435 1648 567 1710 iamvero
594 1644 650 1709 bac
677 1648 885 1710 sententiarum
913 1648 1095 1730 oppositione
1122 1643 1324 1711 manifestius?
1353 1653 1401 1709 aut
1427 1644 1497 1729 quid

111 1756 197 1822 bisce
219 1758 323 1822 studiis
344 1753 531 1821 dissimilius?
554 1754 609 1819 sed
629 1754 762 1838 frugibus
782 1775 836 1820 sua
857 1764 924 1820 sunt
937 1758 1059 1839 semina,
1080 1776 1191 1839 amque
1213 1755 1325 1820 etteotts
1347 1757 1496 1839 principia,
1589 1802 1602 1821 .

112 1885 171 1930 nec
194 1886 353 1950 erumpere
375 1867 422 1929 illa
442 1885 478 1929 ac
501 1866 619 1949 prodire
643 1874 780 1948 possunt,
808 1868 878 1948 quin
903 1866 979 1930 baec
1005 1868 1224 1931 antecesserint
1266 1866 1394 1930 Caussae
1422 1883 1502 1949 ergo,

6 1966 14 2035 ι’
111 1985 340 2044 antecesserunt
359 1976 515 2041 dissimiles
533 1983 563 2039 et
583 1977 757 2057 oenuariae,
779 1995 797 2038 e
819 1976 924 2058 quibus
946 1983 1024 2040 tanta
1044 1976 1240 2040 doctrinarum
1259 1978 1412 2059 oppositio,
1433 1984 1496 2040 tan-

112 2096 201 2172 taque
217 2089 487 2171 interpretationum
500 2086 654 2150 diversitas
670 2085 772 2151 oborta
788 2094 842 2150 est.
879 2087 1028 2160 Quaenam
1045 2104 1117 2150 vero
1132 2083 1219 2150 itaet
1240 2106 1327 2148 anser
1342 2095 1372 2150 et
1386 2086 1495 2162 adtum,

114 2199 217 2275 πίστις
246 2206 275 2262 et
306 2195 444 2261 cintoria.
487 2194 652 2260 Credebant
678 2197 779 2278 praem
805 2203 903 2278 patres
930 2195 1006 2260 Petri
1036 2198 1205 2279 primatum,
1237 2214 1333 2279 eoque
1359 2197 1389 2259 in
1415 2196 1496 2259 illum

112 2327 217 2373 amore
240 2307 421 2387 ferebantur,
449 2306 499 2387 qui
520 2306 624 2369 divinis
645 2305 870 2369 institutionibus
892 2304 1023 2369 debetur.
1065 2305 1220 2389 Negabant
1240 2314 1270 2370 et
1291 2314 1401 2388 negant
1422 2305 1497 2369 Petri

113 2419 270 2500 primatum
290 2422 495 2499 protestantes,
517 2415 656 2497 coqueio
678 2414 759 2477 illum
781 2415 849 2480 odio
871 2423 901 2479 et
921 2415 1088 2481 ferebantur
1103 2416 1173 2480 obm
1196 2425 1226 2480 et
1247 2416 1334 2481 modo
1357 2416 1496 2496 feruntur,

6 2576 8 2605 ,
114 2547 174 2610 quo
202 2527 404 2612 tyrannidem,
434 2525 616 2606 invisamque
642 2527 772 2608 supremi
801 2528 871 2590 iuris
893 2528 1111 2610 usurpationem
1137 2533 1167 2590 et
1188 2526 1286 2589 verbis
1307 2525 1497 2608 proscindere

6 2670 15 2723 ,-
116 2643 147 2700 et
168 2637 320 2702 exsecrari
344 2635 440 2699 animo
462 2634 601 2697 solemus.

223 2746 256 2809 ln
277 2746 335 2810 boc
354 2752 450 2819 autem
473 2743 592 2808 dissidio
615 2762 702 2826 quam
722 2753 836 2825 partem
857 2746 1068 2828 praeferemus,
1091 2746 1138 2808 oui
1159 2744 1290 2808 dabimus
1311 2742 1447 2809 moment
1469 2753 1499 2807 et

117 2875 194 2938 quae
216 2856 369 2938 bucusque
391 2855 617 2936 disputavimus,
647 2861 677 2916 et
697 2872 823 2918 examen
845 2853 923 2938 quod
945 2853 982 2918 de
1002 2853 1081 2917 Pauli
1102 2854 1233 2918 doctrina
1255 2855 1423 2918 nominatim
1446 2854 1498 2917 ba-

6 3024 8 3059 ,
114 2964 241 3042 buimus,
262 2967 383 3048 ipsaque
404 2964 560 3028 christiana
581 2964 673 3045 pietas
694 2982 808 3028 summo
830 2984 847 3027 a
867 2964 952 3028 nobis
973 2966 1037 3028 iure
1058 2964 1211 3045 postulant,
1233 2972 1264 3027 ut
1282 2964 1407 3027 factione
1429 2981 1497 3045 pro-

115 3077 283 3140 testantium
304 3074 430 3153 deserta,
455 3073 547 3137 choro
562 3090 810 3154 nespraeeorum
824 3081 937 3156 patrum
960 3074 1181 3156 coniungamus.
1213 3073 1387 3137 Pmesertim
1410 3091 1498 3155 quum
1607 3160 1609 3169 A

116 3182 153 3246 ab
182 3183 298 3247 illorum
325 3190 423 3247 mente
450 3183 654 3264 sententiaque
678 3201 717 3245 ne
743 3189 912 3247 transverso
934 3183 1051 3265 quidem
1073 3183 1165 3265 digito
1187 3182 1277 3246 latini
1298 3182 1496 3246 discesserint.

116 3293 247 3367 Onerum
275 3294 492 3375 antiquissimus
513 3290 707 3355 Tertullianus
731 3310 791 3356 non
817 3292 992 3357 simillimam
1014 3292 1103 3357 modo
1124 3294 1391 3375 interpretationem
1416 3291 1498 3357 adbi-

116 3401 191 3484 buit,
213 3402 269 3467 sed
289 3401 366 3466 Petri
387 3404 587 3465 anctoritatem
609 3400 781 3464 luculentius
802 3401 956 3483 adstruxit,
978 3422 1015 3466 ac
1034 3402 1155 3466 ulterius
1177 3420 1263 3484 quam
1287 3402 1412 3466 decebat
1431 3420 1498 3484 pro·

117 3531 256 3595 gressus,
279 3514 323 3575 sic
343 3511 422 3575 illum
443 3510 591 3591 defendit,
612 3518 644 3573 ut
665 3510 702 3572 ab
724 3511 888 3576 accusando
910 3511 997 3576 Paulo
1019 3531 1079 3576 non
1100 3514 1215 3595 penitus
1236 3511 1414 3576 abstinuerit.

225 3629 295 3686 304.
337 3621 374 3684 Et
394 3621 431 3684 ad
451 3622 719 3705 interpretationem
741 3622 820 3704 quod
841 3626 958 3705 attinet,
986 3631 1053 3687 sunt
1072 3624 1127 3686 ista
1142 3622 1185 3655 ¹⁰⁶
1208 3622 1378 3704 praeclara:
1422 3623 1499 3703 „Ge-

117 3741 212 3797 tarum
241 3733 265 3796 si
292 3730 490 3812 reprehensus
516 3742 563 3796 est
581 3732 695 3813 Petrus,
725 3734 803 3816 quod
833 3753 900 3798 cum
926 3733 1106 3795 convixisset
1133 3731 1269 3811 ethnicis,
1298 3740 1454 3813 postesse
1482 3752 1499 3795 a

118 3843 254 3905 convictu
282 3857 386 3904 eorum
415 3842 570 3924 separabat
597 3860 789 3925 personarum
810 3849 963 3924 respectu:
992 3843 1092 3923 utique
1114 3848 1354 3906 cmoeraettonia
1372 3844 1413 3875 ¹⁰⁷
1429 3839 1499 3924 fnit

181 4050 241 4126 ¹⁰⁸)
260 4051 301 4111 lle
320 4050 491 4125 Praescriptt
513 4068 571 4127 cap.
592 4052 687 4109 XXIV.
833 4068 867 4107 ex
887 4051 1034 4123 fragilitate
1054 4053 1176 4126 bumana,
1198 4052 1218 4108 l.
1234 4052 1296 4109 lob.
1314 4052 1346 4108 1:
1366 4054 1393 4109 ai
1413 4053 1498 4109 diee-
1528 4018 1534 4039 Β

182 4157 244 4232 ¹⁰⁷)
270 4157 329 4225 Quo
356 4157 384 4212 id
411 4173 489 4213 unum
517 4158 587 4214 etdci
613 4164 718 4233 potest,
749 4174 783 4215 ae
832 4160 936 4231 mnam,
956 4160 1023 4232 qaia
1039 4166 1262 4232 peecammece
1280 4159 1427 4230 babentes,
1448 4161 1500 4216 sci·

117 4265 193 4339 ipsos
220 4263 328 4335 quidem
355 4263 494 4336 apostolos
515 4281 529 4319 a
551 4267 645 4337 quavis
670 4264 713 4322 vei
733 4266 783 4321 mi·
831 4265 896 4321 licet
926 4266 1046 4339 veniale,
1080 4267 1137 4339 ipsi
1161 4281 1213 4323 noc
1241 4266 1405 4324 seducimus.
1455 4264 1497 4322 nx

118 4371 189 4427 nima
223 4368 342 4426 labecnla
375 4371 480 4442 penitus
513 4371 598 4427 fnisse
632 4377 781 4443 exemptos.
831 4370 977 4445 praedietis
997 4387 1064 4444 ergo
1085 4371 1213 4428 babemus
1234 4373 1399 4446 exemplum:
1420 4389 1499 4445 prae·

119 4478 194 4535 Unde
208 4476 323 4533 Thomas
344 4454 370 4533 id
387 4479 595 4533 commentario:
616 4477 782 4554 „Dicendum
830 4476 878 4535 lati
898 4479 1005 4549 quidem
1024 4477 1190 4550 humilitatis,
1214 4484 1308 4539 utacn
1321 4477 1498 4551 dedignentur

119 4584 191 4657 qnod
219 4589 283 4656 post
313 4584 426 4654 qratiam
454 4583 680 4656 spirinse-saneti
710 4584 781 4641 nullo
832 4601 846 4639 a
875 4584 1022 4640 minoribus
1049 4590 1076 4641 et
1102 4584 1218 4640 subditis
1246 4585 1364 4657 corrigi:
1398 4584 1498 4643 subditi

119 4690 203 4748 modo
228 4695 372 4763 peccarunt
400 4689 554 4747 mortaliter
585 4691 720 4763 apostoli,
755 4697 783 4747 et
830 4705 897 4746 vero
924 4690 1071 4763 exemplum
1099 4690 1150 4747 neti
1170 4697 1198 4748 et
1216 4691 1365 4758 libertatis,
1394 4697 1496 4749 utnon

116 4799 172 4854 boc
196 4795 294 4853 donam
314 4796 461 4852 babuerunt
480 4813 527 4869 per
546 4797 691 4869 potentiam
712 4797 782 4855 divi·
830 4804 971 4854 vereantur
993 4797 1130 4871 praelatos
1157 4798 1311 4871 corrigere,
1338 4798 1495 4871 praesertim

119 4920 181 4961 nam
200 4920 270 4976 quae
289 4917 337 4959 ees
357 4903 568 4959 confirmaverat
686 4902 782 4960 faeca-
830 4902 855 4958 si
882 4903 983 4960 crimen
1009 4906 1052 4959 est
1077 4903 1225 4976 publicam,
1253 4905 1327 4961 etin
1347 4901 1492 4975 periculum

121 5016 215 5067 veram
242 5010 337 5067 autem
354 5010 515 5083 emioliter,
541 5016 570 5069 et
587 5010 641 5066 boo
667 5010 727 5083 init,
742 5011 782 5069 eie
832 5007 1009 5066 multitudinis
1028 5005 1153 5079 πτειν(
