3324 5382
616 256 862 338 oswin.
1313 277 1426 337 ἰιι
1555 258 1642 280 ’Ὺ

159 435 265 500 Verum
290 438 462 502 musmo
485 443 609 519 proprie
635 439 754 502 censeri
778 440 873 503 unitas
900 438 990 503 debet
1014 458 1055 504 ex
1078 441 1188 504 unitate
1213 443 1426 522 communicati,

63 542 260 629 didpentisqne
280 547 401 630 Spiritus
423 547 571 630 prolecta,
604 567 641 612 uc
668 548 750 613 unde
775 566 811 613 ea
836 546 962 632 άμέσως
988 547 1158 631 dependeti
1194 548 1357 615 edctidus
1379 548 1429 634 os·

57 650 201 734 mque,
236 673 313 737 quae
335 656 467 738 Spiritui,
500 657 657 739 eidemque
677 655 827 722 Paracleto
847 658 1025 739 tribuuntur,
1055 659 1094 723 de
1114 661 1225 723 unitate
1245 660 1430 724 statuendum

61 768 109 842 est,
129 781 201 845 quse
223 764 298 829 iilius
319 783 386 848 ope,
407 766 614 850 praesidioque
635 767 795 831 coniicitur.
837 767 886 830 llis
906 775 1004 832 autem
1022 787 1058 832 ac
1078 770 1165 832 tertio
1186 769 1343 834 mittendus
1365 771 1429 852 Spi-

59 872 122 935 ritus
141 873 242 939 dicitur
261 874 296 940 sd
316 877 439 958 aucupa
459 878 511 953 τῆς
532 875 700 954 ἀληθείας,
720 896 756 942 uc
777 877 874 942 eidem
897 876 985 941 ueluti
1004 885 1162 958 proprium
1180 878 1327 960 tribuitur,
1349 878 1428 961 quod

58 992 199 1066 supperat,
227 985 305 1068 quod
325 992 498 1064 asmuncict,
521 986 601 1069 quod
622 987 737 1063 dacem,
763 994 794 1050 et
814 985 893 1069 quod
912 990 958 1062 ιις
979 989 1086 1051 πᾶσαν
1105 986 1161 1064 τήν
1180 985 1340 1065 ἀλήθειαν
1357 1009 1427 1068 per-

58 1089 150 1155 ducat.
183 1093 282 1172 Unitps
303 1096 392 1179 igituir
413 1096 554 1160 missione
575 1104 662 1179 sique
677 1096 800 1178 Spiritus
814 1096 976 1160 directione
996 1096 1151 1162 efficienda
1172 1099 1314 1163 dioaioni
1336 1116 1428 1182 oppo-

58 1200 105 1263 site
124 1208 181 1283 est,
203 1222 289 1286 quum
307 1212 482 1286 perniciosa
504 1213 695 1291 dynamin,
715 1226 861 1285 mespres
882 1207 1005 1287 pariunt
1048 1207 1130 1271 linea
1150 1217 1248 1271 autem
1268 1209 1362 1272 unius
1383 1216 1429 1272 est

53 1306 132 1391 fidel
151 1312 313 1397 scipionis,
333 1314 597 1400 professionisque
617 1314 811 1380 christianae.
847 1314 987 1379 Promisit
996 1317 1085 1399 igitur
1098 1316 1225 1381 inimum
1241 1317 1381 1399 Christus,
1396 1327 1429 1382 ut

56 1419 258 1488 adunitates»
285 1432 428 1490 cantatis
457 1432 562 1489 unitas
584 1423 663 1508 fidei
689 1424 861 1505 accederet,
899 1431 989 1488 cuius
1016 1447 1162 1506 eupresna
1189 1449 1306 1492 caussa
1334 1436 1427 1508 atquc

54 1534 181 1612 princeps
202 1541 287 1620 oripo
308 1537 581 1615 communicatione,
603 1535 713 1599 influxu
735 1554 771 1599 ac
792 1535 912 1597 numine
926 1533 1066 1600 Paracleti
1081 1538 1204 1619 Spiritus
1219 1539 1426 1601 commeretur.

154 1648 220 1706 1⁷³.
264 1644 351 1719 Quod
371 1653 468 1708 autem
493 1653 540 1709 est
562 1647 592 1707 in
612 1653 749 1709 naturae
762 1646 870 1710 ordine
891 1647 1088 1728 perspicuum,
1110 1654 1142 1709 ιιι
1161 1655 1314 1727 principes
1335 1668 1428 1711 caus·

56 1767 105 1810 tite
118 1771 171 1829 per
190 1759 369 1818 iiiimcctas
391 1775 525 1819 caussas
544 1755 697 1818 secundas
717 1754 841 1820 effectus
865 1772 936 1819 suos
957 1755 1127 1837 perficiamu
1149 1756 1273 1838 idipsum
1295 1756 1427 1820 decreuit

56 1855 172 1924 Christus
201 1871 232 1926 ut
259 1869 294 1926 in
324 1862 559 1944 supernaturali
585 1885 705 1945 quoquc
731 1862 952 1929 charismatum
974 1865 1080 1928 ardiae
1105 1864 1260 1928 obtineret.
1303 1865 1426 1939 Quoties

54 1967 124 2029 enim
136 1971 265 2036 veritatis
282 1971 420 2054 Spiritum
433 1973 597 2056 pollicetur,
618 1974 698 2038 illum
714 1976 800 2039 toties
819 1975 974 2057 pollicetur
990 1978 1016 2010 ¹⁸
1038 1972 1194 2055 apostolis,
1218 1974 1322 2056 quibua
1342 1993 1426 2057 spem

53 2071 114 2138 lacit
132 2081 323 2145 certissimam
344 2082 409 2147 iore
424 2091 455 2147 ιιι
469 2103 535 2148 curn
559 2087 613 2167 eis,
636 2102 799 2166 eorumque
820 2087 850 2148 in
872 2084 1033 2167 apostolico
1056 2103 1180 2148 munere
1201 2084 1425 2149 successoribus

52 2184 149 2268 iugiter
174 2178 307 2255 maneat:
339 2190 392 2256 ἵνα
412 2200 487 2279 μένῃ
508 2192 589 2275 μεθ’
609 2190 701 2276 ὑμῶν
720 2197 766 2268 εις
787 2194 841 2258 τὸν
857 2195 883 2229 ¹⁸
907 2195 1028 2258 uioiuu:
1054 2193 1131 2274 παρ’
1153 2191 1229 2275 ὑμῖν
1249 2199 1349 2275 μένει,
1371 2193 1425 2258 καὶ

50 2296 82 2356 ir
100 2293 171 2378 ὑμῖν
191 2301 298 2365 iasar.-
327 2304 447 2378 ἐκεῖνος
475 2301 557 2385 ὑμᾶς
583 2300 703 2381 διδάξει
730 2304 849 2381 πάντα,
876 2303 930 2367 καὶ
946 2292 1130 2385 ’ὑπομνήσει
1162 2297 1247 2382 ὑμᾶς
1272 2299 1376 2367 πάντα
1401 2296 1427 2365 a‘s'

50 2398 132 2469 einos
149 2404 240 2490 ipsiu.-
265 2403 305 2474 iia
323 2410 388 2493 ἐγώ
410 2418 528 2493 πέμψω
549 2410 625 2495 ὑμῖν
645 2409 733 2492 nupsi
753 2414 810 2475 τοῦ
830 2414 965 2494 naspdp:
985 2417 1103 2494 πέμψω
1117 2409 1215 2475 αὐτὸν
1228 2407 1307 2493 πρὸς
1321 2408 1425 2491 ripuar.-
1542 2432 1552 2455 ι

50 2509 183 2597 ὁδηγήσει
203 2516 290 2603 ὑμᾶς
311 2523 357 2594 alc
377 2522 482 2586 πᾶσαν
502 2519 558 2599 rn'u
578 2518 754 2598 disiderans
774 2519 813 2585 sal
834 2523 993 2601 ἐρχόμενα
1014 2518 1183 2603 aluuyyelci
1201 2518 1285 2603 sipia.
1325 2520 1424 2584 Unitas

49 2622 136 2705 itaque
156 2627 222 2693 ddei
247 2651 269 2692 a
289 2650 433 2709 suprema
453 2651 577 2709 caussa,
599 2632 763 2697 cuiusmodi
784 2638 831 2695 est
851 2629 1017 2694 Paracletus
1039 2631 1171 2713 Spiritus,
1194 2631 1359 2711 exspectari
1380 2631 1424 2692 sic

49 2729 142 2813 debet,
168 2746 199 2801 ut
218 2756 278 2821 per
302 2738 468 2821 apostolos,
497 2741 673 2824 illorumque
695 2742 843 2826 legitimos
864 2758 1057 2805 successores
1070 2744 1108 2821 ι’,
1138 2738 1234 2803 ueluti
1252 2760 1311 2820 per
1331 2747 1424 2804 inta-

49 2845 123 2905 iecta
139 2848 250 2926 media,
270 2854 413 2927 praeisse
427 2850 604 2915 conficiatur.
648 2850 746 2925 Quare
760 2850 878 2932 dupice
892 2856 1073 2929 secernatur,
1095 2848 1292 2932 probettuque
1308 2856 1423 2931 oportet

46 2957 166 3018 unitatis
190 2956 273 3038 fidei
299 2956 457 3042 efficiens,
486 2958 780 3042 subordinatumpue
797 2967 997 3042 principium:
1025 2958 1148 3023 alterum
1172 2977 1341 3035 summm,
1367 2976 1426 3037 W

48 3079 80 3121 ιι
97 3062 215 3146 efficaa
237 3087 275 3131 uc
295 3064 445 3146 ιιιιιιιιιιιι,
476 3069 563 3151 quale
585 3077 631 3134 est
653 3072 775 3154 Spiritus
796 3070 980 3136 Paracletus:
1012 3077 1042 3133 et
1062 3069 1186 3133 alterum
1212 3067 1358 3144 medium,
1387 3085 1423 3130 ac

48 3181 159 3237 namin
175 3183 413 3258 participatione
431 3178 584 3257 ιαιιιιιιιιι,
614 3179 716 3262 quales
739 3186 807 3243 sunt
827 3179 968 3262 apostoli,
992 3179 1102 3260 quique
1123 3177 1179 3240 illis
1200 3179 1229 3240 in
1252 3177 1350 3240 otlicio
1371 3195 1423 3240 en·

47 3283 208 3368 mundandi,
236 3286 423 3370 docendique
440 3288 478 3351 ad
497 3287 586 3352 tinem
605 3308 702 3372 usque
721 3289 832 3353 saeculi
853 3287 1024 3353 mecedem

141 3394 292 3479 Equitius
314 3397 438 3480 quisque
460 3397 546 3462 facile
566 3399 716 3482 intelligit,
739 3399 808 3481 quid
830 3399 963 3463 arbitrari
986 3396 1023 3460 de
1045 3398 1080 3459 iis
1098 3400 1124 3430 ¹⁸
1148 3397 1269 3478 deceat,
1291 3398 1340 3479 qui
1362 3394 1420 3459 ltac

41 3505 257 3584 prmupiorum
277 3503 528 3571 subordinatione
547 3515 674 3587 insuper
699 3506 822 3586 Ιιιώιια,
852 3526 912 3572 non
939 3507 1026 3571 alium
1052 3508 1168 3570 unitatis
1195 3507 1263 3571 fidei
1288 3525 1422 3571 caussam

41 3608 187 3678 admunt
214 3634 301 3698 quam
326 3614 510 3681 ιιιιιιιιὺιιιιιι
530 3625 561 3681 et
579 3638 773 3697 cuprenses,
801 3636 902 3699 neque
923 3616 960 3681 ad
984 3616 1071 3681 aliam
1092 3635 1242 3698 normam,
1272 3635 1360 3699 quam
1381 3617 1425 3680 ad

41 3721 151 3786 islani
172 3722 315 3805 Spiritus
336 3724 496 3810 afflatum,
518 3728 778 3808 diremionemque,
799 3727 888 3790 fidem
909 3745 993 3792 suam
1015 3727 1213 3790 moderantur.
1256 3725 1421 3791 Existimuri

40 3828 171 3896 amnon
195 3833 294 3916 debet,
316 3853 386 3899 reos
410 3837 475 3900 illos
499 3856 568 3901 esse
589 3836 696 3901 amiati
714 3838 830 3901 mama
851 3855 941 3919 quem
962 3836 1093 3900 Christus
1112 3834 1290 3918 praefinivit,
1313 3854 1349 3898 ac
1366 3855 1421 3915 spc

41 3934 133 4021 illudi,
166 3961 244 4025 quae
272 3944 379 4009 Christi
406 3947 647 4029 promissionibus
677 3948 858 4011 adversatur.
909 3947 1014 4028 Utique
1042 3964 1140 4028 neque
1166 3943 1267 4028 fides,
1299 3962 1356 4025 qua
1384 3943 1421 4005 ad

41 4045 159 4113 nuum
181 4054 339 4133 credimus,
362 4075 461 4138 neque
477 4055 556 4138 fidei
575 4063 688 4134 unitas,
710 4075 787 4140 quae
808 4057 942 4121 eiusdem
964 4073 1018 4118 nos
1040 4054 1240 4136 praeceptoris
1262 4052 1419 4134 discipulos

40 4161 179 4243 asendit,
206 4163 324 4227 aliunde
347 4183 433 4246 quarn
455 4188 476 4228 a
497 4166 598 4229 dicim
617 4162 739 4245 Spiritu
760 4166 925 4249 dimanan13
954 4165 1008 4229 sed
1029 4171 1132 4228 neutra
1154 4182 1171 4227 a
1191 4162 1289 4225 diuino
1311 4163 1419 4245 Spiritu

40 4274 85 4330 esi
105 4271 162 4334 nisi
181 4293 238 4351 per
259 4272 428 4354 apostolos,
454 4296 570 4356 perque
591 4296 642 4339 eos
664 4277 714 4358 qui
735 4293 801 4338 cum
822 4275 962 4358 apostolis
986 4272 1239 4354 praeordinatam
1263 4272 1420 4337 doctorum

36 4385 148 4444 seriem
177 4385 363 4448 constituunt.
414 4385 598 4467 Quapropter
626 4385 743 4450 divinae
769 4385 874 4450 Christi
903 4385 1072 4449 institutioni
1098 4382 1299 4467 refragantur,
1332 4400 1369 4445 ac
1389 4383 1419 4446 in

99 4576 143 4653 ¹⁸)
170 4579 221 4647 Qui
247 4580 330 4653 igitur
356 4580 459 4637 reiecto
479 4580 632 4656 apostolico
653 4582 703 4639 mi·
817 4581 860 4656 Η)
886 4580 961 4638 Unde
981 4581 1097 4638 murima
1117 4581 1204 4637 rideri
1224 4580 1305 4637 debet
1325 4596 1419 4636 necao

34 4680 162 4760 muno,
189 4685 314 4761 spiritum
335 4687 472 4763 uacuum,
491 4688 520 4744 m
539 4662 703 4773 russinis
751 4688 820 4744 sins
840 4688 992 4764 mussan,
1013 4688 1084 4762 quoa
1103 4688 1138 4744 a
1158 4686 1289 4761 aarum
1310 4686 1419 4742 unoc-

34 4793 95 4844 csut
108 4788 183 4861 quod
195 4807 336 4864 numquam
351 4793 404 4852 illis
416 4795 536 4852 Christus
550 4796 682 4869 promisit
751 4802 807 4853 tum
820 4793 940 4867 legitima
955 4794 1125 4851 ordinatione
1139 4793 1239 4867 iupiter
1252 4796 1416 4865 perseveret

100 4894 144 4971 ¹⁶)
173 4897 240 4956 Sunt
260 4901 320 4957 istis
339 4902 464 4974 puellula
485 4918 554 4974 quae
573 4901 703 4960 habentur
816 4902 858 4977 ¹⁸)
886 4901 919 4958 lli
946 4908 1034 4959 autem
1061 4907 1122 4957 sunt
1146 4899 1266 4974 plerique
1285 4913 1415 4956 omuess

32 4997 126 5061 sunu
148 5001 269 5065 xxviii„
289 5006 339 5067 20.
751 5008 882 5068 mliolim
902 5010 1003 5069 ιιιιιιιιο
1022 5006 1146 5066 seiuncti.
