3258 5400
597 338 743 408 CAPUT
784 341 876 408 XXI.
1202 341 1208 359 ’
1366 346 1427 409 189

49 512 76 567 ul
98 512 217 569 satanas
242 507 377 591 impleret
392 525 450 571 cor
469 514 568 589 tuum,
589 507 720 589 illudque
741 509 797 572 sibi
817 508 992 590 subiiceret,
1013 515 1046 572 ut
1066 509 1254 573 ιιιοιιιίτιιίεὅ
1273 509 1425 593 'Spiritui-
1496 583 1497 586 ,

49 622 142 677 uncto
170 634 207 678 ac
237 616 274 681 de
297 618 392 700 pretio
418 618 483 700 agri
510 615 743 682 interverteresl
775 637 874 682 nonne
895 619 964 683 dum
985 621 1140 683 maneret⁰
1172 637 1231 683 non
1253 618 1426 697 divenditus,

48 721 91 785 lilri
112 723 265 807 manebat,
295 743 390 789 aceo
412 726 577 808 divendito,
604 727 681 791 illius
701 730 827 810 pretium
856 730 885 793 in
906 737 954 793 tua
976 736 1039 792 erat
1059 726 1225 810 potestatel
1250 731 1299 810 qui
1320 728 1427 793 lactum

51 835 108 894 est'
142 840 174 895 ut
202 833 281 897 hano
301 833 444 898 fallaciam
470 837 647 900 inanimum
671 837 827 901 induceres
848 836 953 902 luuml
984 856 1044 902 non
1065 839 1232 903 horninibus
1254 837 1424 902 διιιιιιονιοι8

49 942 94 1004 sed
117 941 182 1019 Deo
214 944 347 1026 inprimis
374 946 511 1009 mentitus
538 964 581 1009 es.
624 945 684 1009 δι’
717 966 799 1011 mox:
830 946 860 1010 sl
881 945 928 1011 d‘ss
947 946 1160 1031 συνεφωνήθη
1182 946 1257 1029 ὑμῖν
1278 947 1426 1027 πειράσαι

47 1052 77 1114 τὸ
97 1054 222 1135 πνεῦμα
244 1054 372 1135 κυρίον,·
394 1056 443 1137 qui
465 1056 667 1138 conspirastis,
689 1063 720 1119 ut
741 1054 857 1119 Domini
877 1056 1013 1139 Spiritum
1029 1060 1056 1090 ¹⁰
1079 1055 1252 1121 tentaretis?
1296 1058 1425 1123 Tandem

47 1158 153 1224 Peuum
174 1162 265 1226 sudio
285 1165 325 1226 ita
347 1163 426 1227 ferro
449 1167 633 1243 sententiam,
655 1173 687 1228 ut
707 1185 773 1229 eam
789 1168 813 1199 ¹¹
838 1167 869 1229 in
890 1167 980 1231 caelis
1002 1166 1220 1249 comprobatam
1241 1169 1311 1250 ipsis
1332 1168 1426 1233 lerme

49 1271 132 1334 oculis
152 1290 313 1354 usurpem:
344 1270 417 1364 λδοιλ
438 1274 468 1337 ολ
488 1272 582 1350 πόδες
598 1276 663 1339 τοῖν
683 1272 868 1361 θαψάντων
892 1275 947 1339 τδν
965 1273 1070 1357 ἄνδρα
1090 1295 1166 1353 σου,
1196 1278 1245 1340 ἐπὶ
1266 1281 1303 1362 τῇ
1323 1278 1425 1363 θάρηι,

48 1380 93 1443 καὶ
111 1376 271 1458 ἐξοίσουσι
293 1402 344 1453 σε,
366 1384 455 1447 ἔπεσε
476 1380 513 1447 δὲ
527 1386 727 1466 παραχρῆμα
741 1378 830 1465 παρά
845 1383 919 1461 τούς
934 1384 1034 1461 πόδας
1053 1384 1162 1462 αὑτοῦ,
1183 1389 1237 1452 καὶ
1257 1386 1423 1468 ἐξέψυξεν.

48 1508 111 1554 ecce
130 1492 227 1573 pedes
245 1494 270 1526 ¹²
295 1510 398 1555 eorum
426 1495 474 1575 qui
494 1494 674 1576 sepelierunt
701 1496 836 1557 moritum
858 1503 954 1577 tuum,
984 1513 1077 1578 prope
1103 1498 1223 1580 ostium3
1250 1500 1366 1580 ipsimet
1393 1507 1424 1563 te

48 1616 154 1682 qnoque
176 1599 313 1667 ederent.
355 1601 406 1666 llla
426 1611 523 1668 autem
545 1603 692 1686 extemplo
714 1604 821 1668 cecidit
841 1603 878 1668 ad
898 1605 991 1687 pedes
1013 1607 1093 1688 eius,
1115 1625 1151 1669 ac
1172 1609 1339 1689 exspiravit.

102 1736 107 1743 ·
143 1716 216 1774 240.
262 1711 372 1786 Quibus
398 1720 428 1776 et
453 1713 565 1777 iudicis·
588 1732 710 1777 munere
738 1711 867 1777 iunctum
894 1714 1026 1796 Petrum,
1068 1724 1098 1779 et
1124 1718 1282 1780 severitate
1308 1735 1423 1799 poenae

48 1815 153 1901 flagitiis
181 1820 292 1884 aditum
312 1822 522 1905 praeclusisse,
550 1823 755 1905 ecclesiaeque
783 1822 963 1905 disciplinam
991 1825 1166 1909 roborasse,
1196 1825 1423 1889 luculentissime

48 1924 267 1995 demonstratur.
311 1930 394 1995 Unde
411 1934 436 1966 ¹³
461 1932 699 2015 chrysostomus:
742 1929 837 2008 „Kal
861 1926 966 2014 γάρὸ
993 1918 1115 2015 Πέτροη
1136 1927 1175 2013 ἦν
1195 1935 1305 2000 λοιπὸν
1325 1933 1424 2020 ροβε-

49 2037 110 2114 ρός,
136 2038 288 2117 κολάζων
308 2042 360 2106 καλ
387 2034 426 2106 τά
453 2045 499 2117 εὶς
520 2042 596 2106 νοῦν
615 2038 802 2122 ἐξελέγχων·
833 2033 860 2126 ᾦ
882 2042 1077 2125 καὶμᾶλλον
1098 2051 1293 2129 προςεκιιντο
1315 2043 1369 2110 διά
1390 2067 1423 2111 τι

47 2142 76 2208 τὸ
94 2154 240 2232 σημεῖον,
268 2152 321 2216 καὶ
342 2149 397 2228 τήν
418 2150 542 2234 πρώτην
562 2150 773 2234 δημηγορίαν,
802 2152 855 2216 καὶ
882 2149 937 2230 την
966 2151 1127 2239 δευτέραν,
1157 2158 1210 2221 καὶ
1229 2150 1284 2231 την
1303 2156 1422 2236 τρίτην.

50 2254 136 2335 αὐτὸς
157 2257 223 2345 γάρ
246 2262 298 2326 καὶ
319 2261 355 2325 τὸ
371 2269 501 2345 σημεῖον
517 2261 686 2344 εἰργάσατο
707 2261 893 2344 τὸπρῶτον,
916 2265 970 2329 καὶ
988 2263 1024 2327 τὸ
1047 2263 1202 2347 δεύτερον,
1225 2264 1330 2331 καὶτὸ
1352 2267 1424 2332 νῦν·

49 2359 115 2449 ὅπερ
135 2372 208 2452 ἐμοὶ
229 2371 283 2434 κοιλ
305 2369 445 2446 διπλοῦν,
467 2370 537 2436 ἀλλ’
559 2368 623 2450 οὐχ
645 2368 755 2448 dulcio
776 2377 811 2436 ἕν
827 2395 858 2436 τι
878 2375 933 2438 καὶ
953 2377 1052 2457 μόνον
1072 2371 1152 2441 εἶναι
1173 2375 1277 2441 δοκεῖ·
1299 2378 1335 2441 έν
1354 2399 1422 2460 μεν,

49 2469 127 2539 τδτά
141 2480 224 2544 κατά
239 2478 387 2545 διάνοιαν
400 2478 539 2564 ἐλέγξαι·
563 2478 954 2565 accedereaccedere
969 2482 1192 2568 προςτάγματι.
1235 2486 1350 2552 Etenim
1368 2487 1423 2551 Pe·

50 2587 103 2648 trus
122 2589 179 2651 mm
200 2589 339 2654 terribilis
360 2599 432 2672 eret,
454 2592 594 2674 puniens,
617 2599 647 2654 et
668 2609 745 2671 quae
766 2591 829 2655 sole
850 2600 949 2656 mente
970 2594 1206 2676 continebantur,
1227 2596 1420 2680 redarguens.

51 2690 96 2756 Cui
114 2707 214 2783 saepis
235 2699 397 2763 haerebant
412 2703 450 2782 ¹⁴,
472 2707 503 2763 et
523 2708 642 2782 propter
662 2701 797 2783 signum,
827 2710 856 2765 et
876 2710 995 2785 propter
1016 2705 1143 2784 priorem
1167 2708 1359 2786 concionem,
1388 2723 1423 2768 ao

52 2806 216 2890 secundam,
243 2811 426 2892 tertIamque.
469 2810 534 2893 lpse
556 2827 682 2891 namque
711 2810 885 2891 ciprinum
906 2814 1024 2893 signum
1045 2812 1172 2895 iecerat,
1202 2822 1231 2877 et
1260 2814 1422 2879 secundum

51 2917 76 2972 tl
92 2932 247 3000 praecem,
275 2919 354 3001 quod
375 2918 489 2983 videtur
510 2918 659 2982 milrinon
679 2936 767 2980 unum
790 2919 844 2983 sed
865 2920 972 3003 duplex
994 2940 1080 3004 esse;
1103 2922 1225 2986 alterum
1248 2924 1365 3005 quidem
1387 2942 1423 2986 ea

51 3036 116 3100 ηιιιο
140 3028 170 3090 in
199 3030 298 3092 animo
326 3029 468 3109 latebant,
495 3046 673 3110 coarguere:
706 3027 829 3091 alterum
851 3049 922 3094 vero
945 3040 1017 3096 nutu
1042 3032 1210 3097 occidere.“
1252 3033 1326 3096 Hinc
1354 3033 1421 3096 dum

1 3151 2 3178 ι
51 3136 166 3217 quaerit,
201 3156 254 3201 cur
287 3158 376 3203 nemo
404 3138 544 3221 Saphirae
579 3140 786 3203 annunciosset
821 3139 899 3220 quod
928 3144 1030 3206 merito
1067 3143 1229 3225 acciderat,
1262 3144 1362 3208 scribit
1377 3147 1421 3206 ¹⁵:

50 3241 130 3306 τοῦτο
149 3244 255 3333 φόβος
277 3246 488 3315 διδασκάλου·
516 3253 607 3314 τοῦτο
628 3242 699 3333 τιμὴ
722 3245 898 3330 μαθητῶν·
928 3252 1018 3316 τοῦτο
1039 3250 1179 3331 ὑπακοή.
1210 3253 1269 3317 hoc
1290 3254 1423 3337 magistri

101 3464 127 3541 ι)
151 3469 237 3543 sym
263 3470 329 3542 legit
353 3486 406 3528 lon
433 3472 492 3530 sine
511 3474 600 3541 ιιιιη
625 3474 708 3546 pnrti·
756 3472 789 3529 x.
810 3472 858 3547 το,
879 3474 975 3533 xvrn.
996 3473 1044 3550 aa,
1064 3446 1144 3532 nard.
1164 3476 1235 3535 xm.
1258 3477 1304 3554 n,
1324 3477 1422 3552 τρια.

52 3566 101 3625 llll·
123 3572 174 3645 sle,
202 3594 280 3651 quam
309 3583 337 3633 et
363 3577 464 3652 aliquot
484 3581 575 3651 graeci
596 3580 706 3637 codices
758 3577 804 3635 vt
827 3577 874 3635 12.

50 3676 198 3740 ruslcmnc
239 3683 362 3761 Ceterum
382 3676 523 3761 ψεύδομαι
547 3701 599 3744 non
620 3687 707 3760 minus
818 3683 846 3760 ⁹)
866 3684 927 3741 Act.
949 3685 983 3743 v.
1005 3685 1034 3743 9.

53 3789 103 3836 cun
120 3784 230 3865 dativo,
251 3806 330 3863 quam
350 3807 409 3847 cum
430 3791 544 3864 simplici
564 3792 707 3849 accusandi
823 3790 866 3865 ¹⁰)
887 3791 971 3863 Syrus
985 3792 1159 3864 estimando
1172 3794 1301 3870 reddidit,
1322 3798 1422 3854 emim

54 3895 109 3945 ⁰⁸⁵¹
127 3903 308 3954 constructum
328 3898 455 3970 reperies.
757 3896 869 3970 vocula,
890 3895 925 3954 sl.

103 3993 128 4070 ⁶)
147 4000 215 4060 Sunt
235 4004 278 4076 qui
299 4003 425 4077 phrasim,
446 4000 528 4077 μενον
546 3995 629 4077 taor,
651 4016 706 4059 non
822 4001 865 4076 ΙΙ)
885 4000 947 4057 Act.
969 4002 1002 4059 V.
1024 4002 1051 4057 9.

54 4091 119 4155 diter
137 4108 268 4180 accipiant
287 4124 319 4163 sc
339 4108 465 4181 alteram,
496 4108 557 4164 Act.
577 4107 634 4164 vll.
656 4107 704 4164 34.
821 4106 863 4180 ¹²)
884 4107 989 4163 lionuit
1001 4106 1139 4164 Ernestins
1160 4109 1186 4165 in
1201 4109 1301 4166 Proles.
1323 4112 1356 4168 de
1376 4128 1423 4169 ue·

57 4200 334 4289 tolumnius,
363 4204 428 4270 λδοδν
447 4207 533 4288 εἶδον,
562 4219 705 4288 putentque
754 4211 844 4283 sligiis
865 4211 974 4285 linguae
993 4214 1135 4270 hebraicae
1155 4216 1181 4271 in
1202 4215 1292 4287 lingua
1314 4233 1421 4290 macca,

55 4305 84 4361 sd
99 4313 318 4376 vehementiorem
333 4320 556 4391 significationem
572 4318 703 4376 adhiberi.
753 4317 878 4375 hebraeis
899 4321 926 4377 in
948 4335 1022 4377 mors
1042 4336 1104 4377 esse
1125 4322 1259 4394 positum,
1289 4329 1317 4378 ut
1336 4323 1423 4380 lromi-

55 4406 100 4469 Sed
116 4434 278 4498 consequens
303 4431 331 4481 ct
356 4427 509 4499 oppositum
536 4416 569 4482 sd
589 4422 703 4503 repudio
752 4441 811 4500 napi
841 4426 984 4498 designent
1008 4441 1056 4498 per
1082 4442 1140 4483 eam
1163 4429 1285 4500 corporis
1310 4436 1421 4503 partem,

56 4511 203 4589 Monstrat
221 4530 381 4587 antecedens
400 4522 432 4589 τδ
452 4532 533 4606 μενον
553 4533 587 4588 ad
606 4532 702 4591 nedis-
752 4549 820 4605 quac
840 4548 898 4588 com
919 4549 949 4588 ra
969 4531 1056 4588 eidem
1077 4531 1175 4588 tributa
1196 4534 1374 4605 coniungitur.

55 4627 116 4684 Μ
129 4637 322 4711 propositionis
344 4636 437 4694 relcrri
458 4645 591 4711 oportere.
817 4637 860 4713 ¹³)
879 4637 909 4694 ln
929 4638 997 4693 Acts
1018 4636 1115 4711 llpost
1136 4638 1210 4695 hom.
1231 4639 1288 4696 llll.
1309 4656 1336 4697 n.
1359 4639 1386 4697 1.

104 4732 129 4810 ⁷)
146 4741 282 4799 llsnilesta
309 4748 352 4800 est
376 4742 477 4817 ellipsis
503 4744 578 4801 verbi
598 4743 702 4819 γέγονεν
783 4790 790 4803 .
817 4742 860 4817 ¹⁴)
882 4742 957 4811 Quas
983 4745 1167 4816 comparativa
1198 4744 1323 4818 loquendi
1353 4748 1422 4803 sntio

54 4841 560 4924 lutet,quaeerpleturlol.x1v.
582 4849 629 4909 22.
753 4849 1031 4906 accommodatissime
1063 4849 1150 4907 videri
1181 4850 1263 4908 debet
1290 4853 1325 4909 ad
1351 4849 1422 4909 Petri

104 4944 129 5019 ⁶)
146 4950 249 5024 Negans
268 4955 395 5028 particula
416 4944 467 5013 οὔκ
486 4971 569 5028 sasps
589 4956 702 5014 adhibe·
750 4943 890 5029 ὑπεροχὴν
910 4953 1152 5011 demonstrandam.

55 5042 336 5136 ῑιινιυιιοκσηρεο
356 5060 540 5136 moron,
561 5061 699 5119 ιιιιιιιιι
815 5058 858 5132 ¹⁶)
879 5058 908 5114 n
928 5057 996 5114 ιειι
1017 5058 1115 5133 spon.
1136 5056 1211 5112 nom.
1232 5056 1288 5112 xu
1307 5057 1376 5114 ns.
