3266 5416
621 308 767 382 CAPUT
807 312 853 383 V·
1381 316 1420 380 ⁷1

68 483 165 549 otae
183 478 294 560 αίτοῦ,
323 487 384 561 ἕως
402 475 442 549 od
465 476 625 549 desiduis
642 482 863 567 προςεύξιομυι
882 484 963 560 ἐκεί,
991 498 1144 546 assumens
1156 485 1185 518 ²¹
1208 483 1347 548 continuo
1367 482 1422 548 τὸν

69 592 173 674 Πίερον
198 592 251 656 καὶ
280 589 356 669 τούς
385 590 444 656 δύο
472 590 560 668 victis
585 591 775 677 Ζεβεδαίου,
808 587 924 675 ἤρξατο
948 589 1123 654 λυπεῖσθαι
1151 591 1205 656 καί
1234 588 1420 675 ἀδημονεῖν,

67 703 147 784 coepit
170 703 333 766 conh'mtari
361 710 391 766 et
419 703 593 785 gravisdme
620 702 698 783 angi.
742 701 795 765 Ubi
825 701 908 783 pluma
935 701 1104 764 necessaria
1129 714 1286 764 essenon
1314 701 1419 782 credo,

63 811 151 893 quihus
163 811 265 876 christi
282 810 409 875 studium
423 810 608 894 adprobatur,
630 828 688 893 quo
709 811 850 894 singulari
863 810 940 874 Petri
961 810 1130 873 institutioni
1151 811 1304 893 consuluit,
1326 811 1420 875 illum·

63 939 110 1002 que
128 921 229 984 ueteris
248 920 405 1002 apostolis,
424 923 552 1005 ipsisque
573 920 719 985 Zebedaei
739 920 805 985 liliis
826 921 997 1002 anteposuit
1038 918 1153 982 Etenim
1182 924 1213 997 a)
1234 921 1259 983 is
1281 927 1341 1000 est,
1370 922 1420 1003 qui

58 1035 161 1109 prusa
180 1033 407 1110 mccmem⁸·,
437 1024 633 1116 παρολαβοίν
652 1027 708 1094 σὸν
728 1028 858 1111 Πέτρον
879 1029 931 1094 καὶ
951 1022 1025 1103 τούς
1045 1026 1105 1092 δύο
1126 1021 1214 1104 orode
1234 1027 1417 1114 Ζεβεδαίου.

58 1138 81 1200 ts
101 1137 132 1215 i)
151 1141 197 1220 qui
217 1140 332 1204 eximio
353 1138 429 1203 Petri
449 1140 569 1204 nomine
597 1140 756 1205 instructus
778 1139 877 1221 adest,
904 1136 1100 1221 reputasses
1120 1135 1175 1201 ada
1194 1134 1330 1221 Πίερον.
1373 1138 1419 1203 ho

58 1248 79 1309 is
102 1252 130 1326 e)
151 1248 197 1329 qui
219 1247 405 1331 reliquarum
430 1267 552 1333 praeses
580 1255 610 1312 et
637 1256 723 1331 capet
747 1249 901 1331 hahetur„
922 1248 1016 1323 Ouum
1038 1248 1115 1311 enim
1137 1246 1267 1311 Christus
1292 1248 1418 1330 primum

57 1362 170 1438 orasset,
200 1358 335 1438 ίοιισίΰ1
363 1357 542 1439 Μυσοῦ,
574 1359 699 1439 ίρχααι
724 1356 803 1440 πρὸς
832 1357 906 1431 τους
926 1356 1093 1439 μαθητάς,
1123 1357 1177 1420 καὶ
1203 1354 1337 1436 εὑρίσκει
1361 1354 1418 1420 αύ-

58 1460 120 1542 τοιίς
143 1465 382 1544 καθεύδοντας,
415 1467 470 1532 καί
497 1465 580 1549 λέγει
606 1469 653 1552 τῷ
678 1466 805 1551 Πέτρῳ·
835 1463 937 1542 οὕτως
966 1463 1025 1529 οὐκ
1055 1466 1203 1543 ἰσχύσατε
1229 1465 1307 1548 μίαν
1329 1460 1418 1550 οἳραν

56 1578 228 1659 γρηγορῆσαι
259 1576 331 1660 μετ’
362 1578 463 1659 ἐρεοῦς
500 1575 554 1640 sed
586 1590 725 1659 quorsum
757 1576 805 1639 illa
837 1576 951 1639 numeri
985 1571 1159 1657 ἑκαλλαγή,
1197 1574 1271 1638 dicit
1303 1570 1416 1653 Petro,

57 1694 94 1747 ata
115 1708 171 1750 ιιοιι
189 1689 369 1767 pusulis?
394 1686 474 1769 quod
494 1688 524 1750 in
544 1687 646 1768 Petro,
675 1690 821 1768 tamquam
843 1684 998 1768 designato
1021 1685 1131 1765 cupite,
1160 1700 1263 1747 omncs
1285 1686 1416 1747 contine-

58 1801 146 1857 rantur.
186 1795 338 1870 Quorsum
359 1795 552 1878 reprehensio
572 1796 658 1877 Petri,
680 1796 809 1859 omnium
829 1794 1022 1877 reprehensio
1041 1791 1244 1857 existimaturi
1267 1794 1345 1876 quod
1367 1813 1416 1858 ca-

61 1903 179 1983 stigentur
198 1904 336 1968 membra
350 1923 439 1987 quum
460 1906 490 1969 in
504 1912 591 1989 caput
608 1905 853 1968 animadvertitur.
896 1903 1000 1987 liquet
1020 1920 1095 1987 ergo
1109 1921 1170 1967 non
1189 1904 1309 1986 reliquls
1327 1905 1416 1968 modo

60 2012 184 2095 apostolis,
204 2013 262 2077 sed
283 2014 355 2097 ipsis
378 2032 495 2097 quoque
509 2013 656 2079 Zebedaei
676 2013 741 2077 liliis
763 2021 823 2077 tum
843 2013 959 2077 Petrum
981 2013 1071 2078 luisse
1093 2013 1303 2096 praehabitum,
1327 2034 1414 2097 quum

56 2139 84 2182 ca
101 2121 257 2187 evidentius
279 2123 427 2189 declarata
450 2124 580 2189 Christus
600 2123 699 2205 voluit,
723 2142 798 2211 quiae
820 2123 857 2188 ad
877 2121 1064 2205 θεολογίαν,
1086 2130 1310 2206 susceptamque
1330 2127 1415 2189 οὶκο-
1453 2116 1457 2127 ’

56 2233 152 2312 νομίυν
169 2234 362 2316 pertinerent

145 2349 191 2405 5tt.
234 2342 290 2406 Est
310 2349 407 2406 autem
429 2340 680 2426 praeceptoris-et
706 2340 840 2427 magistri
859 2361 919 2406 non
941 2360 977 2406 ea
997 2342 1093 2406 solum
1113 2343 1206 2425 probe
1227 2362 1316 2409 nosse
1338 2364 1413 2428 quae

54 2448 83 2509 sit
100 2449 267 2532 tradituros,
290 2424 502 2517 vemm‘etiam
522 2454 553 2516 in
575 2453 734 2518 numeratis
755 2459 928 2535 argumenta
947 2450 1075 2534 habere,
1103 2453 1207 2535 quihus
1225 2455 1273 2519 illa
1293 2474 1413 2538 persua·

54 2556 109 2620 dest
128 2578 161 2623 ac
180 2560 372 2626 demonstret
415 2562 494 2626 Inter
514 2568 685 2645 argumenta
705 2578 777 2624 vero
793 2560 967 2625 christianae
984 2562 1238 2627 demonstrationis
1258 2565 1344 2629 nullis
1365 2586 1413 2630 se·

54 2668 133 2731 canda
152 2678 227 2753 sunt,
251 2689 329 2754 quae
350 2691 389 2735 ex
410 2672 494 2736 editis
514 2671 664 2754 portentis,
685 2672 862 2752 patratisque
877 2671 1023 2735 miraculis
1045 2672 1242 2736 desumuntur.
1287 2674 1318 2740 Si
1338 2694 1412 2758 ergo

56 2775 144 2843 Christi
164 2781 320 2845 consilium
340 2780 401 2863 luit,
422 2789 453 2845 ut
468 2780 570 2843 Petrus
589 2776 772 2860 universalis,
793 2781 979 2862 supremique
993 2779 1120 2843 fidelium
1142 2780 1270 2847 doctoris
1290 2802 1412 2848 munere

54 2884 224 2971 iungeretur,
255 2907 293 2952 ac
313 2888 453 2972 dignitato
472 2894 651 2972 praestaret,
679 2890 797 2952 omnino
820 2888 932 2970 decuit,
960 2896 1100 2972 atquem
1121 2891 1235 2973 plenius
1257 2893 1411 2974 erudierat,

54 2996 173 3060 eumdem
200 2997 357 3080 singudari,
387 2999 552 3080 eximiaque
577 2998 690 3061 ratione
716 2996 832 3062 illorum
852 3006 957 3063 testem
971 3001 999 3032 ³²
1027 2999 1180 3081 redderet,
1211 3000 1314 3081 quihus
1336 3002 1412 3064 chri-

55 3103 151 3168 stianae
181 3105 334 3171 doctrinae
363 3108 471 3171 ueritas
507 3106 719 3190 comprobatur.
768 3108 853 3183 Quod
879 3104 1043 3171 nullatcnus
1070 3109 1272 3191 praetermisit
1318 3110 1412 3184 Quum

53 3213 118 3275 enim
142 3216 249 3299 insigni
270 3223 405 3298 portento
426 3216 512 3281 filiam
541 3212 768 3300 archisynagogi
790 3216 827 3280 ad
853 3217 940 3280 dmm
962 3224 1042 3280 esset
1055 3220 1083 3250 ²³
1113 3225 1319 3301 revocaturus,
1353 3218 1411 3284 οὐκ

53 3317 161 3406 ἀφῆκεν
180 3322 298 3389 οὐδένα
317 3322 403 3409 αὐτῷ
423 3324 711 3404 συνακολουθῆσαι,
732 3329 760 3389 εὶ
781 3320 824 3409 μή
838 3324 962 3406 Πέτρον
982 3326 1036 3390 καὶ
1056 3325 1210 3411 Ἰάκωβον
1230 3329 1285 3393 καὶ
1304 3327 1411 3395 Ἰωάν-

104 3544 145 3618 ”)
163 3546 254 3603 ttaattn
275 3544 371 3619 hllvh
391 3547 439 3605 et.
748 3545 904 3620 ιιαρουσίαι
920 3540 1050 3623 δυνατήν,
1070 3550 1256 3608 oeconomiam
1276 3530 1409 3613 miracutis

105 3649 148 3724 ²⁹)
166 3651 259 3708 haam.
279 3652 375 3710 xxvi.
396 3653 445 3710 tt,
748 3653 904 3730 hrslgnem),
924 3655 1171 3730 redapecalotorea
1191 3650 1326 3731 (mamm
1338 3661 1409 3719 idem

105 3755 147 3830 ³¹)
165 3756 232 3814 lhid.
251 3768 298 3814 vv.
313 3757 440 3815 39-40.
467 3757 545 3826 quod
565 3762 652 3815 anan
672 3758 699 3815 la
747 3760 808 3816 hate
827 3761 897 3835 qaod
917 3751 1069 3833 αὖτόιικαι,
1096 3764 1195 3821 oculati
1215 3768 1312 3842 ίεείεο)
1337 3769 1410 3839 faeti

55 3854 134 3930 Pado,
161 3869 296 3936 tamquam
323 3863 412 3920 inaura
442 3865 544 3938 eapite,
581 3864 698 3938 apostoli
747 3866 824 3923 ι’ίίίυι
857 3868 1060 3942 magnitudinis
1110 3867 1257 3944 Accipieaa
1287 3874 1361 3931 ειιίιιι
1390 3892 1410 3931 ο

54 3975 134 4020 oaaea
167 3970 381 4044 continerentur,
421 3969 541 4042 plurihaa
575 3970 700 4044 explanat
747 3972 809 4030 Dec
819 3971 902 4031 Patre
919 3974 1050 4032 ίιοιιοιεοι
1068 3976 1225 4050 etploriona
1244 3974 1333 4049 (caius
1346 3979 1408 4036 Joh.

56 4066 199 4129 huhmsiua
219 4075 247 4131 iu
266 4073 361 4131 Lucam
381 4073 488 4131 liltlv.
508 4092 534 4132 n.
550 4076 604 4151 70,
625 4082 652 4133 et
671 4077 699 4133 lu
747 4077 805 4135 xtt.
826 4078 873 4135 20.
903 4081 955 4136 ista
980 4086 1042 4138 sunt
1066 4081 1164 4155 rerha,
1197 4072 1332 4153 ίσόξοισα,
1362 4081 1410 4140 καὶ

57 4171 207 4237 demean
226 4180 273 4236 tlh.
289 4179 322 4238 v.
343 4195 402 4254 cap.
418 4180 464 4237 vl.
747 4174 832 4241 πάλιν
862 4175 1006 4261 δοξάσω),
1028 4202 1107 4252 μοοοε
1138 4186 1253 4262 delapso
1281 4189 1320 4246 ud
1348 4206 1409 4248 ειιιιι

106 4281 147 4359 ³²)
175 4283 219 4342 td
243 4285 312 4343 hauc
337 4286 414 4343 testis
437 4285 629 4361 proprietatem
653 4286 700 4344 dc-
747 4289 933 4349 haa'arrceaaodi
952 4309 972 4349 ο
989 4293 1139 4368 magnetes
1156 4293 1268 4369 plotio:
1299 4296 1345 4353 laa'e
1368 4304 1409 4354 eat

57 4383 189 4447 darandaur
202 4390 252 4449 ista
264 4391 709 4465 pernnenattt’endme-tas
746 4395 833 4453 Filias
857 4413 932 4454 ιιιειιι
958 4398 1089 4471 dilectus,
1116 4401 1147 4456 ιἰι
1166 4416 1219 4475 quo
1238 4401 1306 4458 milri
1330 4418 1408 4459 cona-

59 4488 108 4547 Ναι
128 4497 196 4554 eaiaa
221 4498 315 4555 doetm
342 4498 455 4570 [σουίοε
483 4496 700 4574 (σοοοφιομίνοις
743 4502 851 4576 placari,
870 4506 960 4578 ipaanr
978 4504 1080 4563 cadite.
1108 4505 1228 4564 salmo
1245 4522 1341 4566 uocem
1358 4526 1409 4566 nos

59 4585 146 4665 νόθοις
163 4601 263 4660 tabulas
282 4604 318 4662 ad
338 4605 521 4680 decipiendam
540 4603 636 4661 callide
651 4620 699 4661 ex·
747 4609 902 4666 cadim
929 4606 1040 4683 (quihus
1064 4611 1155 4669 uerbis
1182 4618 1277 4671 estem
1304 4628 1334 4670 ss
1360 4613 1408 4672 de·

61 4701 186 4780 optatu,
205 4725 271 4781 quae
285 4716 327 4766 est
340 4712 383 4767 vis
402 4705 453 4768 τοῦ
471 4705 600 4786 συρίζειν,
619 4726 699 4767 sena
747 4712 831 4771 durat
856 4705 996 4789 αὐτόπτην
1020 4714 1067 4773 καί
1092 4709 1241 4793 mmm)
1268 4719 1304 4776 de
1330 4720 1407 4777 coeto

62 4801 183 4887 doctiori)
202 4816 698 4888 ιεευιίοοισιιιίοοίοιιιιοοίιίιῦο-
747 4819 871 4893 altman,
891 4838 1090 4881 εκιιιειιειιιυι
1109 4840 1171 4882 caan
1190 4827 1251 4900 ipao
1270 4827 1408 4881 lemonta

64 4911 548 4981 flbiaorrideauclra'aticirtateaa
567 4930 698 4998 etprae-
746 4932 851 4984 ιαιιοίο.

64 5019 162 5080 m
188 5016 312 5105 (οίιεμιι
341 5027 389 5088 ιο
412 5026 584 5104 amm,
615 5029 698 5103 ιεειι,
809 5029 856 5105 ¹⁸)
875 5029 955 5088 uua
975 5029 1009 5087 v.
1030 5028 1170 5089 as-aa
