3358 5400
165 314 229 373 ulo
692 310 824 376 umuli
863 309 1030 376 rrimus

167 483 197 546 ei
216 479 324 559 restiti,
356 476 424 559 quia
451 476 692 560 repreliensiuilis
720 487 791 544 erat
841 478 879 544 Et
892 482 920 513 ⁷²
943 477 1033 543 inira:
1075 476 1160 543 'Ali'
1188 474 1241 541 ὅτε
1272 472 1378 555 εἶδον,
1413 475 1461 543 die
1491 473 1550 543 cdx

169 586 390 671 dpiioncdorics
404 584 483 671 πρὸς
499 582 553 664 τήν
571 585 729 665 ἀλήθειαν
742 592 770 623 ⁷⁸
786 589 842 653 τοῦ
857 587 1051 671 εὐαγγελίου,
1072 586 1161 652 εἶπον
1175 588 1219 671 τῷ
1232 587 1347 673 Πέτρῳ
1363 585 1550 671 ἔμπροσθεν

170 698 317 762 πάντων·
347 699 376 759 st
404 691 443 759 cd
473 696 617 772 loedorice
645 695 817 779 ὑιιάργιὲιν,
841 699 986 774 ἐθνικαῖς
1013 699 1071 782 ζῇς
1099 700 1153 764 καὶ
1173 695 1231 775 οὐκ
1259 695 1448 773 ἱονδαϊκνῖς,
1475 697 1506 760 τὶ
1519 701 1547 731 ⁷⁴

168 802 207 872 ed
230 805 311 882 iden
332 803 522 886 ἀναγκάζεις
544 806 733 887 ἰονδαΐζαν;
759 809 814 873 sed
839 827 928 893 quum
949 810 1089 875 vidissem
1111 808 1190 892 quod
1209 809 1355 871 rationem
1374 806 1483 891 agendi
1502 826 1551 871 se-

170 924 330 1000 querentur
357 915 394 978 ab
422 916 571 999 evangelii
597 920 719 981 veritate
744 917 909 1001 dissonam,
935 919 996 983 dixi
1014 918 1101 983 Petro
1114 922 1142 953 ⁷⁶
1166 936 1266 981 coram
1288 917 1438 981 omuibus:
1463 918 1491 981 si
1510 925 1551 996 tu,

168 1027 289 1091 iudaeus
318 1044 406 1108 quum
432 1027 489 1106 sis,
515 1025 649 1090 libertate
676 1029 807 1110 gentium
834 1030 908 1093 aivis
938 1036 969 1093 et
990 1047 1050 1093 non
1070 1031 1128 1091 ritu
1153 1026 1286 1108 ludaico,
1314 1026 1383 1107 qaid
1404 1032 1449 1090 est
1473 1024 1552 1107 quod

167 1142 274 1218 gentes
292 1136 377 1217 cogis
390 1136 418 1168 ⁷⁸
441 1132 613 1199 induceret

275 1243 330 1308 Ubi
351 1263 390 1307 ne
411 1246 509 1309 omnia
529 1263 700 1329 persequar,
722 1263 800 1308 neve
821 1246 937 1329 singula
957 1248 1085 1311 intimius
1106 1247 1268 1330 explorem,
1291 1246 1439 1310 dumtaxat
1461 1264 1553 1329 quae·

168 1371 247 1434 ram,
276 1354 325 1435 qui
351 1353 457 1419 factum
478 1356 581 1438 luerit,
611 1354 693 1419 utin
718 1373 808 1419 unum
826 1354 942 1419 Petrum
963 1354 1067 1420 Paulus
1088 1357 1343 1421 animadverteret
1385 1356 1452 1439 lpeo
1472 1357 1552 1419 enim

169 1462 318 1527 referente
332 1468 373 1545 ⁷²,
396 1483 455 1528 non
476 1484 553 1531 uuus
573 1466 694 1548 Petrus,
716 1465 771 1531 sed
791 1473 909 1530 etcum
930 1484 968 1530 eo
990 1467 1112 1549 reliqui,
1134 1484 1170 1529 ac
1192 1442 1316 1547 ipsemet
1336 1465 1484 1530 anabas
1505 1465 1550 1529 di·

168 1575 274 1637 vinitus
296 1583 473 1658 segregatus
495 1584 528 1639 ut
553 1575 692 1659 gentibus
717 1575 905 1658 evangelium
931 1577 1138 1657 annunciaret,
1165 1575 1243 1640 haud
1263 1579 1353 1640 rectis
1374 1575 1551 1639 incedebant

169 1685 331 1768 gressibus,
354 1703 452 1769 neque
473 1686 661 1750 christianam
681 1684 860 1767 libertatem,
881 1688 923 1751 uti
944 1706 996 1769 par
1017 1695 1089 1767 erat,
1110 1685 1273 1751 metantur.
1317 1687 1375 1749 Cur
1396 1702 1471 1768 ergo
1491 1705 1554 1748 caa-

169 1793 261 1858 nidue
282 1794 504 1872 deeiie,.uuum
525 1794 695 1879 adgreditur
713 1794 843 1875 Petrum,
866 1795 907 1860 illi
927 1798 958 1860 in
978 1794 1084 1860 faciem
1103 1796 1219 1878 publice
1239 1796 1364 1876 resistit,
1388 1812 1554 1878 omnesque

168 1906 199 1967 in
221 1923 259 1967 eo
280 1923 393 1968 summa
414 1904 572 1968 verborum
597 1906 739 1987 gravitate
758 1903 904 1989 castigati
930 1906 1025 1970 dicam
1047 1914 1164 1988 aperte,
1193 1906 1272 1988 quod
1292 1906 1370 1970 Petri
1390 1903 1556 1987 ὑποκρίσει

169 2015 310 2098 legalium
330 2016 437 2078 rituum
459 2021 624 2078 assertores
637 2015 829 2096 periculosius
849 2014 1053 2080 abuterentur:
1075 2015 1154 2096 quod
1174 2015 1212 2079 ad
1233 2015 1416 2080 conflandam
1435 2018 1466 2079 in
1478 2016 1555 2081 Pan·

170 2126 231 2189 lum
257 2125 394 2188 invidiam
418 2123 632 2187 dissensionem
660 2143 677 2187 a
703 2123 789 2188 Petro
816 2125 976 2218 animosius
1003 2133 1158 2207 urgerent:
1188 2126 1267 2207 quod
1288 2127 1318 2188 in
1339 2144 1462 2190 namium
1483 2144 1555 2189 eum

170 2237 335 2300 cucurrisse
357 2253 392 2298 ac
411 2250 501 2316 porro
521 2252 644 2297 currere
666 2253 705 2298 ex
727 2237 912 2315 oeconomia,
935 2236 983 2298 cui
995 2235 1097 2298 Petrus
1111 2233 1339 2317 obsequebatur,
1360 2236 1554 2300 fidentissime

171 2345 397 2408 concluderent:
425 2343 504 2426 quod
524 2351 603 2407 tanta
624 2344 700 2425 apud
721 2361 825 2408 omnes
845 2344 923 2408 Petri
942 2346 1097 2408 auctoritas
1118 2345 1210 2427 toret,
1237 2352 1269 2408 ut
1292 2362 1365 2409 oves
1388 2344 1483 2409 simul
1500 2363 1553 2426 pa·

170 2463 325 2536 storeaque
352 2456 382 2517 in
409 2453 577 2517 alterutram
604 2460 716 2535 partem
743 2472 798 2518 suo
819 2455 955 2537 exemplo
976 2455 1123 2520 flecteret:
1152 2455 1231 2537 quod
1257 2455 1384 2536 denique
1407 2456 1437 2517 in
1457 2454 1554 2537 capite

172 2541 298 2628 olinoxia
319 2564 452 2627 eiusdem
474 2562 606 2627 membra
618 2560 647 2595 ⁷⁸
670 2565 863 2646 corrigentia.
905 2564 1046 2629 Primatum
1061 2570 1089 2601 ⁷⁸
1114 2583 1189 2649 ergo
1208 2566 1303 2646 Petri,
1323 2584 1360 2629 ae
1380 2583 1420 2628 ex
1439 2581 1478 2628 ec
1498 2562 1555 2627 ob·

171 2682 234 2739 orta
262 2673 464 2738 consentiendi
492 2674 654 2738 necessitas
684 2672 863 2754 effecerunt,
892 2681 924 2736 ut
943 2672 1048 2738 Paulus
1075 2675 1115 2738 illi
1141 2675 1257 2757 publice
1283 2674 1457 2756 obsisteret,
1485 2693 1555 2738 eum

170 2803 261 2848 unum
292 2785 573 2865 commonefaceret,
607 2785 772 2866 ceterisque
800 2783 1011 2866 propemodum
1040 2785 1201 2866 neglectis,
1233 2784 1270 2848 de
1297 2802 1335 2848 eo
1365 2804 1400 2849 se
1425 2784 1554 2849 maxime

61 2974 65 2979 ¹
171 2896 326 2961 sollicitum
347 2895 526 2961 ostenderet

172 3133 316 3191 menteriua
335 3149 362 3186 n.
377 3134 411 3187 5:
438 3127 499 3186 Καὶ
518 3120 567 3197 τό,
594 3119 667 3186 uacci
687 3120 837 3204 πρόςωπον
886 3126 920 3183 ad
941 3127 1025 3184 Galat
1046 3127 1079 3184 ll.
1103 3127 1156 3185 tt:
1190 3129 1274 3204 „ldeo
1295 3130 1322 3184 iu
1342 3127 1429 3184 solum
1448 3128 1554 3184 Petrum

171 3237 201 3295 ta
220 3230 361 3310 enom,
381 3230 478 3312 σκῆμα
497 3223 539 3308 dv·
885 3234 1028 3308 levemur,
1048 3240 1079 3289 uc
1098 3235 1126 3291 u
1146 3251 1179 3291 ω
1200 3237 1247 3311 ραι·
1263 3237 1371 3308 prem
1390 3242 1444 3307 aa,
1464 3234 1554 3291 uuae

234 3344 279 3420 Η)
301 3341 386 3399 Galat.
406 3341 439 3397 ll.
463 3340 508 3398 14.
884 3346 946 3396 rent
964 3335 1078 3396 ceteri.“

235 3449 280 3523 ⁷³)
300 3449 373 3506 llaec
392 3448 573 3522 metaphorica
590 3445 710 3519 loquutio
725 3446 751 3501 iu
765 3444 838 3502 Scri·
948 3446 993 3521 Η)
1005 3514 1007 3517 ¹
1021 3445 1108 3502 Guius*
1130 3446 1186 3502 vim
1211 3445 1342 3518 primatus
1363 3447 1401 3502 ita
1421 3445 1554 3516 llieronp·

172 3554 257 3627 ptnris
271 3555 484 3626 frequentissima
503 3554 578 3610 reddi
594 3555 634 3609 sic
647 3552 742 3609 dehet:
763 3551 837 3625 qtsed
887 3568 945 3608 mus
958 3553 1075 3626 explicat
1088 3552 1203 3626 epistola
1216 3554 1285 3609 inter
1298 3548 1553 3623 Augunmmxxv.

172 3679 252 3721 suem
279 3660 382 3735 ependi
408 3662 542 3717 redonen
561 3677 617 3718 nen
637 3662 780 3734 ναὲρεναα
799 3657 838 3714 ad
885 3675 913 3714 n.
934 3658 970 3714 8:
1002 3658 1142 3733 „lienique
1161 3665 1251 3715 tantae
1270 3659 1364 3714 Petrus
1384 3657 1553 3713 aauoritatis

172 3772 316 3827 ceritatem
330 3748 682 3842 doctrinoe‘eemtpelicae,
704 3773 835 3840 tamquam
885 3765 950 3840 tuit,
986 3771 1017 3821 ut
1040 3763 1135 3821 Paulus
1166 3766 1193 3822 in
1225 3765 1339 3838 epistola
1374 3778 1422 3818 sua
1452 3760 1553 3834 (Galat.

173 3876 207 3932 ad
227 3876 423 3948 praelucentem
444 3887 571 3928 normam.
885 3870 906 3926 l.
923 3870 985 3945 18.)
1006 3872 1170 3944 scripserit:⁴
1181 3872 1291 3930 Deinde
1306 3877 1371 3946 poet
1389 3884 1478 3925 cunm
1497 3875 1555 3925 tm

234 3981 279 4057 Η)
301 3980 385 4049 Quum
406 3979 538 4051 vulgatus
559 3980 747 4052 interpretetur
766 3994 836 4053 que-
885 3978 952 4036 deni
969 3976 1168 4052 sumnonem
1188 3979 1284 4035 cidere
1296 3976 1406 4036 Petam
1419 3983 1448 4032 et
1463 3977 1555 4032 meai

171 4088 269 4160 modo,
289 4086 358 4157 legit
377 4085 477 4140 ideirco
499 4098 551 4140 non
571 4083 612 4152 al,
632 4084 681 4141 sed
700 4079 773 4153 πῶς,
794 4086 836 4141 cui
886 4084 963 4159 epod
982 4101 1044 4142 eom
1063 4085 1161 4143 diebus
1182 4085 1348 4160 quindecim
1388 4083 1553 4152 limumque

172 4193 282 4250 lectioni
303 4193 462 4248 auctoritate
489 4191 642 4248 criticorum
670 4191 836 4249 adiumento·
886 4189 960 4265 (cap.
981 4190 1013 4246 ll.
1037 4189 1079 4266 l.)
1099 4193 1126 4247 in
1147 4184 1387 4264 consequentibus}
1413 4186 1477 4244 Post
1495 4204 1553 4244 en·

172 4316 230 4356 mm
250 4300 347 4356 llillius
367 4299 557 4372 patrocinatm.
885 4313 935 4354 cna
955 4299 1164 4372 quatuordecim
1184 4299 1300 4357 mendi
1319 4300 1420 4355 iteruin
1434 4298 1553 4357 secce-

235 4405 280 4480 7ο)
301 4405 447 4478 valgius,
469 4404 532 4461 diet
553 4403 671 4478 Copiae.
886 4403 985 4478 ἔγνων
1011 4421 1074 4462 cam
1103 4405 1235 4462 Bernaba
1269 4412 1388 4463 meanto
1422 4412 1450 4462 el
1485 4404 1553 4460 ltu.

235 4511 280 4586 ⁷⁶)
300 4511 358 4566 Non
380 4510 460 4566 modo
480 4511 586 4582 graecis
606 4499 766 4585 ἀναγκάζω,
787 4510 836 4566 sed
885 4509 1006 4568 Ascende·
1025 4518 1117 4569 cutem
1131 4513 1283 4569 comodum
1302 4512 1506 4582 revelationem,
1526 4518 1555 4567 et

173 4624 201 4674 et
219 4618 309 4688 latinis
330 4634 409 4692 copo,
430 4632 511 4690 saepe
528 4619 619 4690 potius
633 4616 835 4673 estcelienten·
886 4620 1004 4691 empnam
1035 4620 1078 4675 eis
1106 4620 1281 4695 mespelium
1313 4619 1387 4692 quod
1415 4616 1553 4691 praedico

172 4732 214 4783 ter
229 4724 397 4799 persuadeo,
418 4740 450 4779 ac
469 4725 564 4794 incito,
585 4740 663 4795 quarn
682 4725 835 4780 musita-
885 4725 958 4780 inter
975 4732 1087 4799 pentes:
1116 4726 1262 4783 ostendens
1289 4741 1320 4781 se
1346 4739 1399 4781 uon
1426 4724 1555 4781 habuisse

173 4839 226 4891 um
247 4833 368 4906 pressius
388 4838 523 4906 acceptam
544 4833 651 4889 issiicim
886 4830 1056 4885 securitatem
1077 4833 1210 4905 euangelii
1231 4832 1413 4907 praedicandi,
1434 4832 1486 4887 nisi
1505 4831 1555 4886 Pe·

234 4939 279 5015 ⁷⁷)
300 4939 384 4995 Galat.
405 4938 438 4995 ll
461 4936 506 4994 1³.
884 4937 919 4991 tri
938 4938 1031 5007 etqui
1052 4953 1111 4994 eum
1131 4955 1165 4995 eo
1185 4945 1275 5012 eraut,
1301 4939 1399 4995 remeet
1417 4937 1552 4995 sentmtla

234 5046 279 5122 ²⁸)
306 5046 364 5103 lluc
383 5046 517 5120 pertinent
533 5043 728 5104 Ambrosiestri
752 5042 835 5100 verba
884 5041 1069 5101 roboratum·“
