3374 5388
643 250 792 318 aaran
833 250 921 318 vm.
1119 334 1124 342 ,
1416 252 1479 325 ser

86 442 184 505 nexu,
219 424 420 507 orationisque
452 421 687 505 consequutlone
710 420 924 505 perspicuitatis
957 417 1072 502 pondus
1101 417 1225 484 aoccdt
1280 418 1366 494 Ouod
1398 420 1477 484 enim

88 534 221 598 Christus
242 534 329 599 Petro
350 533 547 616 spoponderat
561 534 621 610 ¹¹⁸,
645 532 797 614 inquiens:
825 539 855 593 at
877 551 970 609 saper
990 528 1070 594 lanc
1096 537 1218 609 petram
1239 527 1410 610 aadficnbo
1431 550 1477 592 cc-

87 642 218 707 cleatam
231 664 346 720 κνοω
368 643 493 726 idipsum
512 641 569 705 alia
588 642 729 725 imagine,
752 641 871 723 alioque
892 638 1027 723 symbolo
1049 637 1196 726 inculcare
1213 641 1254 672 '¹⁷
1279 640 1385 721 pergit,
1407 639 1476 702 suo

87 753 179 817 dem:
201 761 231 816 et
252 750 309 816 nos
329 751 408 816 dodo
428 751 530 816 οὐοοοο
551 758 638 835 repant
657 749 821 814 ααοὶονααν.
866 750 933 813 Post
954 767 991 812 aa
1013 765 1084 811 varo
1106 751 1238 830 qune'¹⁸
1261 748 1475 830 praemisimus,

86 862 180 926 latere
210 863 358 926 nerninem
388 869 506 944 potest,
541 860 685 943 prioribus
714 859 815 923 verbis
843 858 1023 942 singularem
1051 858 1248 939 eximiamque
1273 859 1474 922 auctoritatem

86 971 179 1036 inisse
200 971 241 1035 illi
267 973 451 1053 promissam
493 970 557 1034 lloc
575 972 666 1053 igitur
683 977 730 1034 ost
750 968 911 1052 reliquum,
940 976 971 1031 ut
998 968 1217 1050 posterioribus
1231 985 1349 1050 quoque
1377 968 1476 1032 verbis

85 1081 246 1165 stagnans
268 1081 453 1163 summeque
474 1081 651 1145 auctoritatis
672 1079 829 1162 promissio
850 1078 936 1142 Petro
959 1077 1032 1142 tacta
1054 1078 1241 1161 intelligatur.

195 1190 370 1254 Praesertim
391 1207 479 1272 quum
498 1211 650 1271 parona.
682 1208 769 1272 quam
792 1187 924 1252 Christus
952 1188 1058 1269 induit,
1085 1187 1162 1252 hanc
1188 1205 1242 1251 sua
1258 1195 1363 1270 sponte
1385 1188 1476 1251 inter·

85 1301 280 1383 pretationem
306 1306 460 1382 suggerat
510 1299 670 1364 Personam
699 1315 828 1379 namque
856 1296 991 1361 referens
1016 1303 1154 1377 caprena·
1181 1297 1295 1361 domini
1321 1297 1477 1378 alloquitur

83 1410 217 1490 Petrum,
240 1408 342 1491 illique
362 1410 404 1473 nti
424 1429 588 1490 reprecans
609 1409 749 1473 donam
772 1408 872 1473 claves
900 1406 1037 1472 caelestis
1056 1409 1152 1489 regni,
1175 1425 1306 1489 suaeque
1328 1407 1474 1471 ecclesiae

82 1519 247 1603 pollicetur.
292 1518 454 1594 Quamnam
476 1537 549 1583 vero
573 1518 643 1607 huic
660 1519 781 1600 imagini
809 1537 991 1597 aanprenno
1011 1517 1131 1581 ὐοαιὶαο
1158 1516 1304 1580 adhibitae
1332 1518 1475 1598 interpre-

82 1632 225 1695 tationem
245 1627 401 1709 subiicias,
424 1647 500 1711 quae
522 1629 692 1710 loquentem
714 1628 836 1702 darem,
868 1644 1003 1709 quaeqae
1025 1627 1061 1690 ad
1086 1627 1188 1690 decors·
1212 1625 1313 1708 legem
1333 1627 1398 1689 iure
1422 1647 1474 1690 en-

82 1758 187 1823 pressa
208 1735 365 1802 videaur?
390 1756 450 1802 non
472 1737 558 1802 aiam
588 1738 690 1820 ntique
712 1756 798 1821 quam
818 1742 980 1817 protestata
1002 1737 1286 1818 interpretationem,
1316 1755 1393 1818 quac
1417 1755 1474 1800 una

77 1870 236 1931 perronae
255 1848 369 1911 donnini
382 1849 529 1927 convenit,
550 1848 711 1927 ὐαοονίααε
731 1847 792 1930 legi
810 1846 980 1929 respondet.
1023 1846 1126 1910 Fanum
1141 1847 1230 1928 igitur
1251 1864 1371 1909 manere
1387 1846 1475 1909 debet

79 1958 226 2043 singulari
247 1955 381 2021 dransae
400 1958 597 2040 promissione
618 1954 798 2040 singularem
818 1956 1226 2039 potentatis'promissionem
1248 1956 1401 2019 contineri.

206 2071 274 2129 114.
318 2065 378 2131 Sed
404 2074 487 2130 anati
511 2074 579 2131 sunt
602 2067 777 2146 ὐίοαοῑαοο
803 2073 966 2146 ρονοοναια
985 2066 1122 2149 μνααῖαι,
1150 2084 1286 2151 quaeqae
1314 2066 1426 2131 homini
1445 2066 1475 2129 iit

79 2182 214 2260 potestas
237 2193 327 2259 quum
355 2174 465 2257 infima
489 2184 539 2241 aut
560 2177 680 2252 merlin,
710 2184 770 2239 tum
797 2183 939 2240 manime
966 2185 1053 2259 atquc
1079 2184 1160 2240 inter
1187 2175 1324 2240 lonainea
1351 2198 1475 2239 arcannm

79 2305 153 2351 mse
175 2292 281 2367 potest
324 2285 493 2351 onmmoai
513 2287 602 2369 igitnu
621 2304 689 2350 eam
704 2285 892 2349 censebimus
907 2287 1118 2365 aucnritatem,
1140 2305 1226 2368 quanm
1241 2286 1327 2350 Petro
1349 2287 1473 2351 clavium

79 2394 220 2480 symbolo
252 2394 383 2458 Christus
409 2391 586 2477 spopondit?
618 2394 746 2459 intimam
781 2414 820 2458 ne
851 2394 1031 2475 mediumve,
1068 2403 1118 2460 aut
1143 2413 1287 2460 summanr
1317 2399 1412 2479 potius
1439 2417 1475 2460 ac

79 2506 163 2587 ipsos
199 2505 276 2567 inter
310 2504 460 2585 apostolos
493 2503 682 2586 principemi
716 2506 861 2569 sententia
898 2506 1008 2568 veteris
1042 2505 1190 2569 ecclesiae
1227 2508 1382 2588 perspicua
1412 2515 1473 2587 cst,

81 2631 221 2696 quaeqae
237 2616 280 2647 ¹¹⁹
299 2612 446 2677 anninus
468 2613 505 2677 ad
528 2631 595 2676 cam
622 2615 813 2697 aperiendam
835 2614 1107 2696 explanandamque
1133 2616 1299 2680 testimonia
1320 2616 1475 2681 evidenter

80 2723 249 2803 ostendunt,
270 2722 348 2786 hano
369 2724 527 2787 mmoribus
546 2724 655 2787 nostris
677 2725 824 2789 insedisse
843 2732 987 2800 menam,
1009 2742 1068 2787 non
1088 2724 1221 2788 medinm
1245 2725 1373 2807 aliquam
1394 2748 1474 2789 cann-

76 2833 479 2913 menmsncroriaten,
510 2833 565 2897 sed
586 2835 707 2899 omnino
724 2854 898 2914 rammam,
927 2838 1088 2911 enimam,
1117 2832 1366 2918 singularesque
1387 2835 1472 2899 Petro

78 2943 220 3027 promitti

189 3050 236 3114 Ao
256 3050 362 3114 merito
385 3068 468 3131 sane,
491 3050 582 3116 verba
604 3071 732 3134 namque
756 3052 844 3119 laci
868 3050 963 3123 δώσω
985 3053 1037 3116 σοὶ
1055 3045 1113 3128 ταὶς
1135 3052 1218 3128 κλεῖς
1238 3054 1293 3129 τῆς
1313 3051 1472 3134 βασιλείας

77 3164 144 3227 τοῖν
165 3157 324 3243 οὐρανῶν,
345 3158 467 3242 infinie
479 3169 587 3242 patent,
609 3161 756 3244 nullisque
777 3162 914 3225 adstricta
935 3160 1041 3226 linibus
1061 3161 1098 3226 ad
1113 3180 1202 3225 nnnrn
1217 3162 1332 3227 Petrum
1354 3171 1473 3243 specta·

75 3250 451 3351 litcr„priaeipalttarqne
471 3269 647 3335 referuntur.
691 3272 756 3353 lpsa
777 3290 867 3353 porro
888 3278 956 3335 sunt
978 3271 1085 3351 amba,
1109 3291 1127 3335 e
1151 3272 1256 3354 quibus
1282 3272 1320 3335 do
1342 3280 1472 3351 ratione,

76 3383 177 3462 deque
202 3380 305 3465 prada
333 3380 497 3461 promissae
528 3382 733 3464 institutaeque
764 3382 941 3444 auctoritatis
963 3380 1033 3444 lerri
1054 3381 1193 3445 iudicium
1220 3380 1317 3445 debet.
1361 3382 1468 3465 Singu-

75 3492 149 3556 laris
168 3492 269 3574 igitur,
291 3489 403 3553 ialinita
424 3509 460 3553 ac
474 3490 551 3555 inter
570 3482 722 3571 apostolos
743 3509 857 3555 samma
871 3490 1006 3557 habenda
1028 3500 1073 3554 est
1093 3493 1259 3571 auctoritas,
1282 3511 1369 3574 quarn
1385 3492 1470 3557 Petro

78 3601 214 3665 Christus
236 3598 399 3681 pollicetur.

189 3707 276 3783 Quod
297 3708 331 3771 ll.
354 3710 457 3773 nescio
484 3729 522 3774 an
544 3726 603 3773 non
625 3709 712 3773 etiam
745 3708 882 3792 liquidius
898 3732 926 3779 ,e
954 3717 1083 3772 tamine
1103 3717 1215 3791 pateat,
1244 3711 1294 3792 qui
1317 3712 1471 3793 promissis

75 3821 166 3885 Petro
195 3817 326 3882 mnibus
356 3817 500 3882 obnoxius
528 3818 736 3901 subiectasque
766 3819 939 3883 declaratur.
994 3820 1022 3883 ls
1050 3819 1131 3882 enirn
1159 3817 1280 3883 ellertur
1308 3819 1422 3900 verbis,
1452 3816 1471 3895 ni

78 3927 230 4012 βασιλεία
258 3930 321 3991 τῶν
342 3925 498 4011 οὐρανῶν.
540 3927 677 3990 Formuln
704 3935 801 3994 autem
827 3926 1099 4012 sipontinensis
1126 3924 1274 4007 οὐρανῶν
1293 3927 1371 3991 idom
1393 3928 1470 3991 valet

75 4059 113 4105 ao
130 4037 150 4116 ἡ
170 4034 327 4117 ἐκκλησία,
349 4037 583 4119 universalisque
604 4037 827 4102 christianorum
845 4046 962 4118 ‚coetus
985 4056 1044 4120 quo
1066 4044 1200 4118 pastores
1222 4056 1257 4100 ac
1279 4054 1362 4119 oves,
1385 4057 1470 4120 prae·

80 4148 170 4233 positi
185 4165 222 4210 ao
235 4145 352 4227 subditi,
373 4146 512 4211 doctores
527 4166 562 4211 ac
577 4147 710 4230 discipuli
725 4149 1021 4231 comprehenduntur.
1065 4143 1200 4211 Ecclesia
1214 4148 1303 4229 igitur
1317 4166 1373 4230 qua
1389 4147 1469 4214 latis·

76 4261 155 4323 sime
178 4255 359 4337 extenditur,
390 4275 486 4338 eaque
505 4265 653 4340 spectata,
682 4258 723 4320 uti
745 4257 866 4321 scholae
887 4257 1061 4339 loquuntur,
1088 4265 1155 4322 tam-
1169 4256 1362 4353 dp'stribnttne
1383 4278 1469 4341 quarn

77 4365 235 4431 codecttac
248 4364 326 4428 Petri
348 4365 563 4431 clavibusiore
586 4366 718 4431 chronic
732 4365 911 4450 perhibetur.
954 4366 1015 4431 Sed
1037 4369 1137 4450 nequit
1152 4386 1212 4435 non
1232 4386 1300 4433 esse
1315 4375 1468 4449 marinna,

76 4481 283 4555 canantque
310 4495 424 4555 espen
453 4477 627 4556 auctoritas,
659 4496 734 4560 quae
761 4478 933 4540 universum
960 4478 1107 4543 eeclesiae
1136 4496 1259 4560 corpus,
1293 4479 1468 4561 singulaque

76 4589 143 4653 eius
172 4584 306 4649 membra
334 4584 546 4667 complectitur.
590 4587 716 4651 Maxima
747 4587 835 4670 igitm
855 4594 919 4663 est,
948 4588 1148 4669 consortiiquc
1169 4607 1277 4670 expers
1300 4589 1466 4668 auotoritas,

77 4698 163 4762 cuius
185 4713 203 4759 a
225 4693 340 4759 Christo
361 4697 588 4777 promissionem
608 4696 710 4761 Petrus
737 4698 850 4779 accipit.

145 4879 208 4957 1νο)
228 4879 321 4939 usna
341 4853 412 4937 nu.
435 4878 481 4937 1s.
865 4883 925 4959 1Ιῦ)
946 4900 989 4941 nn·
1009 4882 1057 4941 ⁹6·
1077 4898 1153 4957 aaa·

146 4984 209 5065 nr)
228 4984 297 5049 Μ,
318 5001 345 5044 v,
368 4983 413 5047 19,
865 4987 924 5066 ¹¹⁹)
945 5006 990 5049 nn·
1013 4986 1299 5049 tto-ttt—tra.
