3258 5400
186 218 247 281 ted
704 213 836 279 1111!ssst
877 214 1045 282 PRIMUS

184 389 386 469 rationemque
417 384 587 468 efflagitent.
630 386 662 450 ln
688 403 726 449 eo
753 392 815 449 tota
845 386 899 450 sita
928 393 974 450 est
1001 383 1169 465 difficultas,
1200 372 1241 447 ne
1267 380 1434 466 praescripti
1461 379 1561 444 limites

185 497 388 561 transilientur.
430 496 601 560 Nudetenns
629 514 701 559 vero
730 494 943 577 benedicatur,
973 498 998 560 si
1021 493 1098 558 beer
1119 501 1182 557 trtn
1204 494 1386 574 conspirent:
1413 499 1560 555 uteorum

184 613 299 689 petatur
327 608 401 669 ratio
434 624 509 688 quae
538 606 575 669 ad
605 624 709 669 omnes
737 607 931 669 communiter
956 611 1102 687 spectent:
1132 611 1165 666 nt
1191 610 1305 685 petetur
1331 620 1368 664 eo
1397 619 1453 683 quo
1483 599 1563 663 deret

184 715 287 796 modo,
316 717 493 798 integroque
516 716 594 798 quod
616 715 798 798 praesidibus
816 714 940 778 debetur
964 714 1124 795 obsequio:
1149 713 1331 796 proindeque
1352 730 1391 774 ne
1411 717 1563 790 impetere

183 833 307 908 petam.

292 934 431 998 Jomvero
460 935 565 999 liceret
595 955 652 1000 nec
679 953 718 999 ne
731 938 760 969 ¹⁹
793 933 885 1017 ἀνδρὶ
916 932 1050 1018 toodoiqr
1078 931 1259 998 κολλᾶσθαι
1286 928 1306 1007 r’}
1332 925 1562 1010 προςέρχεσθαι

184 1042 374 1132 ἀλλοφύλῳ,
403 1047 441 1109 ita
463 1052 495 1107 ut
515 1045 605 1127 Legis
626 1023 849 1128 praeceptiones
870 1044 1036 1125 antiquatae
1059 1042 1227 1106 censendae
1250 1046 1367 1122 essent3
1397 1039 1434 1103 ad
1455 1054 1561 1118 omnes,

185 1163 216 1218 et
243 1155 281 1218 ed
307 1155 498 1218 circumcisos
526 1156 656 1237 inprimis
680 1155 783 1219 fideles
802 1153 974 1238 pertinebat.
1016 1152 1067 1215 His
1088 1169 1163 1234 ergo
1190 1152 1253 1214 iure
1272 1149 1392 1213 nulio³⁰
1414 1147 1562 1211 interdice-

118 1268 123 1278 '
185 1262 286 1343 betur,
313 1266 467 1353 quominus
490 1281 508 1325 a
528 1262 614 1326 Petro
633 1267 776 1329 rationem
805 1271 956 1348 gestorum
985 1268 1188 1343 exposcerent.
1233 1260 1292 1326 Sed
1312 1258 1492 1342 postrderont
1512 1252 1562 1319 ed-

185 1371 345 1447 θεντικώς
376 1381 463 1455 atque
493 1391 532 1435 ex
557 1373 689 1454 imperio.
732 1374 764 1438 ld
792 1374 886 1436 Lucos
918 1391 1017 1454 neque
1043 1372 1151 1452 apertis
1184 1376 1281 1453 deque
1308 1369 1443 1433 obscuris
1470 1366 1560 1430 verbis

184 1480 338 1564 signifieat
382 1482 413 1546 Si
434 1480 504 1564 quid
523 1499 598 1565 ergo
613 1491 765 1565 peccatum
787 1482 824 1546 ob
846 1484 881 1545 iis
902 1481 964 1562 iuit,
987 1499 1025 1545 eo
1044 1488 1137 1544 totum
1156 1480 1242 1561 redit,
1265 1480 1343 1562 quod
1364 1478 1560 1543 vehementius

185 1609 252 1654 cum
274 1591 361 1654 Petro
382 1592 580 1673 disceptarint.
622 1593 677 1655 iiio
697 1600 794 1656 autem
823 1591 916 1672 modi,
947 1592 1099 1673 iustaeque
1125 1593 1245 1655 rationis
1274 1590 1446 1654 deiectus³¹
1470 1604 1560 1669 neque

185 1701 262 1764 Petri
281 1703 483 1765 auctoritatem
505 1701 603 1783 laedit,
625 1721 722 1787 neque
743 1702 800 1766 iliis
821 1701 935 1783 ignosci
952 1709 1073 1783 grande
1094 1700 1199 1783 debet3
1220 1700 1424 1782 quum'inoiita
1444 1715 1562 1761 consue·

184 1809 299 1892 tudine,
329 1819 359 1874 et
379 1810 446 1874 zelo
466 1829 520 1893 pro
540 1813 669 1893 paternis
689 1810 904 1891 traditionibus,
926 1811 1075 1893 Legisque
1096 1810 1228 1874 custodia
1249 1812 1279 1872 in
1299 1819 1498 1875 bansversunn
1517 1806 1561 1889 egi

184 1914 325 1985 facillime
342 1922 498 2003 potuerint

290 2036 359 2093 236.
401 2030 434 2094 ln
455 2050 543 2113 mem
564 2033 739 2095 sententiam
761 2030 912 2093 nobiseum
934 2030 1010 2093 ultro
1032 2020 1209 2111 concedent,
1237 2031 1287 2113 qui
1314 2028 1369 2095 sibi
1394 2049 1429 2094 ee
1451 2028 1561 2093 minime

183 2139 363 2223 negligenda
384 2144 557 2221 putaverint,
579 2140 684 2222 quibus
698 2138 792 2202 Lucas
811 2141 921 2202 exitum
937 2140 1130 2203 contentionis
1154 2147 1278 2203 onomat.
1321 2140 1427 2203 Relnto
1448 2139 1559 2204 σιιίιιιΗ

183 2251 261 2313 Petri
287 2266 445 2329 sermone²
472 2267 531 2333 quo
558 2248 694 2314 daubus
723 2267 741 2312 e
771 2251 996 2312 circumcisione
1023 2249 1189 2330 respondit,
1217 2250 1424 2330 visionemque
1449 2246 1563 2310 caelitus

182 2359 352 2436 immissam,
376 2358 512 2440 editaque
527 2354 666 2422 miraculo
680 2357 851 2441 complexus
866 2365 928 2440 est3
948 2358 994 2422 bis
1016 2357 1115 2422 verbis
1129 2361 1156 2393 ³⁸
1181 2358 1318 2422 absolvit:
1361 2355 1561 2426 Ἀκούσαντες

184 2466 220 2532 dt
240 2469 348 2543 redte,
370 2464 548 2544 ἡσύχασαν,
570 2470 623 2532 καὶ
636 2466 787 2547 ἐδόξαζον
801 2467 856 2532 τὸν
869 2466 959 2544 θεόν,
981 2468 1138 2550 λέγοντες·
1160 2462 1263 2550 ἄραγε
1284 2470 1419 2542 καὶτοῖς
1440 2465 1562 2531 rorem

184 2578 201 2640 d
222 2574 303 2651 θεὸς
331 2572 387 2652 τήν
406 2575 576 2658 μετάνοιαν
603 2576 720 2642 ἔδωκεν
742 2581 787 2654 εὶς
815 2575 916 2655 ζωήν.
947 2577 1016 2641 talia
1037 2597 1126 2661 quum
1149 2578 1305 2659 audissint,
1335 2576 1560 2661 acquievere¹⁴,

184 2693 215 2750 et
233 2685 328 2749 Deum
350 2685 551 2770 glorificarunt
569 2687 717 2752 dicentes:
747 2704 821 2770 ergo
843 2695 872 2750 et
893 2687 1030 2771 gentibus
1050 2689 1258 2769 poenitentiam
1278 2687 1401 2770 argius
1423 2694 1468 2751 est
1486 2685 1561 2748 Deus

182 2804 216 2860 ut
237 2797 325 2860 vitem
347 2804 574 2878 consequentur.

287 2904 312 2968 E
334 2906 438 2988 quibus
459 2905 530 2968 nihil
551 2906 728 2985 evidentius,
757 2926 843 2990 quam
870 2909 984 2990 priscos
1010 2906 1078 2970 illos
1100 2906 1273 2972 christianos
1292 2909 1378 2972 Petro
1406 2905 1493 2969 iidem
1514 2901 1561 2966 ad·

181 3017 328 3095 iunxisse,
356 3023 526 3098 tantumque
547 3034 640 3098 penes
663 3035 716 3079 eos
737 3016 813 3081 iilius
838 3018 1039 3081 eucwritatcm
1061 3016 1203 3097 valuisse,
1232 3024 1344 3080 utnon
1366 3014 1561 3099 acquieverint

182 3126 288 3207 modo,
316 3143 417 3188 verum
440 3126 527 3189 etiam
549 3133 580 3188 et
599 3124 663 3189 Deo
685 3128 794 3209 gratias
814 3127 1026 3209 persolverint,
1053 3145 1187 3209 quaeque
1208 3127 1310 3190 Petrus
1332 3131 1483 3208 gesserat,
1510 3123 1560 3185 im·

181 3254 284 3300 mense
311 3219 506 3318 probaverint
550 3234 668 3315 Scilicet
693 3236 809 3298 iliorum
835 3238 944 3301 nemini
972 3238 1003 3300 in
1028 3244 1156 3300 mentem
1182 3239 1278 3315 venit,
1306 3243 1354 3298 unt
1380 3234 1419 3298 de
1444 3235 1560 3297 veritate

107 3386 111 3399 2
182 3364 285 3409 eorum
309 3363 385 3427 quoe
406 3344 509 3409 Petrus
530 3345 743 3426 affirmaverat,
765 3344 928 3426 ambigere,
952 3347 1109 3409 autetiam
1132 3344 1316 3428 significare,
1340 3346 1504 3426 oportuisse
1524 3359 1560 3404 ne

183 3454 389 3519 convertendis
411 3454 549 3537 gentibus
563 3472 646 3517 suam
666 3455 730 3534 ipse
752 3470 872 3534 operam
885 3457 965 3538 prius
989 3455 1146 3536 conterret,
1170 3473 1256 3537 quem
1279 3455 1477 3537 apostolorum
1496 3469 1560 3516 sen·

244 3664 289 3741 υ)
311 3663 371 3721 det.
392 3664 425 3721 X.
447 3664 495 3721 28.
896 3673 966 3724 stete
986 3667 1152 3723 festinamus.
1194 3667 1224 3723 Si
1251 3668 1417 3741 contempsi,
1444 3668 1482 3723 ait
1499 3662 1558 3734 tot,

243 3770 289 3846 ³⁰)
310 3770 469 3826 Praesertim
496 3770 520 3824 si
541 3769 741 3841 consideretur,
767 3783 848 3840 quao-
896 3773 986 3829 subire
1006 3773 1132 3847 iudicium
1153 3790 1212 3829 eum
1233 3787 1314 3829 servo
1334 3788 1394 3828 meo
1422 3778 1450 3828 et
1469 3768 1557 3827 audilis

181 3884 274 3950 {Opere
295 3876 413 3932 Christus
435 3881 551 3931 mutuam
577 3876 714 3931 canutsn
734 3873 849 3930 inculca·
897 3896 969 3953 mea,
991 3895 1050 3935 cum
1071 3880 1250 3951 disceptarent
1270 3879 1409 3935 advorsum
1432 3874 1503 3934 me.“

181 3985 235 4057 rit,
271 3984 409 4056 ipsamque
442 3981 528 4037 iaetus
564 3981 685 4037 umbram
718 3980 849 4037 ecclesiae
959 3984 1065 4059 81)Ι)ο
1091 3998 1144 4059 quo
1173 3985 1254 4042 modo
1280 3984 1376 4041 scribit
1403 3985 1431 4041 in
1451 3982 1558 4040 Oratore

181 4088 346 4163 praesulibus
376 4087 552 4144 interdixerit
597 4087 673 4144 Unde
703 4086 848 4158 Gregorius
898 4090 1012 4147 Tullius:
1053 4090 1101 4164 „la
1123 4090 1247 4147 omnibus
1260 4090 1340 4147 rebus
1360 4089 1501 4149 videndum
1520 4089 1559 4141 est

180 4194 230 4251 lib.
255 4193 301 4251 IX.
333 4195 412 4267 epist.
437 4193 564 4251 XXXIX:
604 4191 723 4265 „Omnes
753 4191 848 4247 iratres
897 4203 1039 4269 quatenus:
1072 4197 1124 4251 etsi
1153 4199 1222 4253 enim
1248 4212 1312 4253 suus
1342 4199 1436 4271 cuique
1467 4193 1558 4251 modos

181 4315 282 4374 sumus,
303 4299 381 4355 unius
398 4290 566 4372 imperatoris
579 4303 716 4372 potestate
736 4296 849 4369 conditi,
898 4309 953 4377 est,
988 4308 1075 4359 tamen
1101 4303 1188 4375 megis
1214 4302 1326 4361 offendit
1350 4304 1460 4361 nimium
1482 4313 1556 4373 qoem

182 4412 210 4463 et
229 4406 361 4478 smguine
380 4404 528 4480 redempti;
554 4412 582 4462 et
601 4404 663 4460 ideo
683 4403 780 4460 iratres
800 4416 850 4459 uo·
898 4404 1020 4481 parum.“

181 4518 268 4585 atros,
295 4510 487 4585 quantumlibet
511 4525 640 4584 pauperes
665 4515 693 4565 et
718 4507 848 4582 obiectos,
961 4513 1008 4589 ³²)
1027 4512 1089 4569 Aet
1110 4511 1155 4567 XI.
1176 4512 1295 4569 4-17.

180 4619 208 4673 iu
227 4617 299 4674 nullo
327 4616 465 4689 despicere
484 4613 643 4672 debemue.“
683 4614 717 4672 Et
735 4613 782 4669 lib.
802 4611 847 4669 111.
959 4619 1005 4695 ³³)
1024 4619 1091 4675 ibid.
1111 4635 1138 4674 v.
1161 4608 1207 4673 18.

173 4724 262 4797 'epist
275 4721 347 4781 xil:
388 4723 462 4798 „Noa
483 4723 545 4779 licet
563 4723 591 4779 in
611 4722 735 4779 omnibus
748 4721 846 4793 muse,
958 4710 1557 4800 ”)νσ1μῑσε,ισσσενυσεςσεάἡσυχάζω

181 4830 209 4886 in
230 4830 264 4885 iis
284 4835 373 4886 tamen
392 4830 535 4902 praecipue
554 4845 623 4902 qnae
641 4826 692 4887 bei
712 4833 783 4900 sunt,
803 4842 847 4882 rs·
895 4835 974 4889 noto
998 4829 1080 4887 etiam
1106 4832 1300 4903 acquiescere,
1331 4836 1360 4887 et
1390 4832 1420 4887 is
1445 4827 1556 4885 atem

181 4936 257 4993 tione
276 4936 364 5009 magis
383 4937 516 5009 stringere
528 4935 650 4993 homines
670 4950 748 5008 mom
769 4938 847 5008 pote·
894 4936 1057 4996 emesam·
1075 4934 1149 4995 irs-‘⁴
