3258 5400
555 787 787 883 sisti
836 786 930 883 illl.

381 990 483 1057 Verba
502 990 620 1057 Christi
640 989 716 1059 Lito.
741 992 921 1077 XX11.,sr
934 1030 967 1042 -
980 1000 1040 1059 33:
1059 1032 1100 1044 —
1118 995 1162 1061 od
1180 1016 1277 1059 unum
1296 1002 1435 1075 mactant

267 1102 408 1182 Petntm,
430 1112 559 1185 musque
573 1102 734 1186 ὑπεροχήν
751 1103 949 1187 confirmant:
972 1143 1011 1153 -
1031 1112 1121 1167 σιιίιιι
1136 1113 1284 1170 rollonem
1295 1112 1435 1185 ῃτιιιίιιι

266 1198 443 1279 declarant.-
463 1252 505 1262 -
525 1214 748 1295 ostenduntque
768 1216 812 1279 od
827 1222 995 1296 primatum
1015 1222 1153 1278 muninus
1168 1213 1247 1297 fidel
1267 1223 1435 1297 pertinere:

265 1362 308 1372 ὴ
336 1325 418 1405 quod
444 1321 560 1387 Patres
594 1324 795 1388 adnotarunt.-
822 1364 864 1375 -
893 1332 991 1406 ἐέιῃιιι
1024 1322 1145 1388 collutis
1179 1347 1257 1405 quoe
1284 1322 1435 1389 dabuntur

266 1430 378 1497 Mutet.
405 1430 501 1496 XVI.
525 1436 584 1510 18,
606 1431 796 1498 illustratur:
819 1472 860 1483 —
880 1432 955 1498 haee
976 1443 1079 1498 nutem
1102 1434 1268 1498 illustratio
1288 1443 1436 1499 maiorem

265 1545 337 1607 iride
358 1543 458 1608 lucem
478 1551 687 1623 nanciscitur,
708 1545 790 1626 quod
805 1543 925 1610 Petrus
946 1553 979 1609 ι’τι
998 1552 1173 1610 societatem
1192 1553 1307 1609 υσιιιτέἐ
1328 1553 1432 1630 stupu

264 1651 345 1718 torta
371 1654 533 1718 cuiusdam
554 1654 648 1733 dotis,
676 1676 757 1737 ptrue
780 1652 884 1733 Patri,
911 1653 995 1719 s‘ttto
1015 1676 1054 1719 oe
1073 1654 1339 1737 Sptrttui-souoto
1358 1677 1434 1737 npu-

263 1770 449 1849 ηγουμένως
470 1752 617 1828 contenit.

156 2048 205 2106 85.
251 1984 323 2105 vu
342 2041 411 2106 dum
433 2060 500 2105 eum
521 2059 691 2106 sennonem
706 2040 836 2105 Christis
855 2041 1022 2105 absolverat
1036 2044 1066 2125 ¹,
1087 2061 1145 2125 quo
1166 2062 1204 2107 ex
1224 2043 1362 2125 apostolis
1382 2042 1434 2107 uli-

65 2165 154 2230 quen,
182 2156 337 2234 eumquo²
374 2151 525 2217 Simonem
546 2152 663 2217 Petrum
692 2151 826 2215 omnibus
849 2151 997 2234 μείζονα,
1027 2153 1214 2233 omniumque
1235 2153 1361 2233 πρῶτον
1381 2151 1436 2216 καὶ

63 2253 224 2340 ἡγούμενον
249 2260 315 2326 tore
337 2263 570 2346 significaverat3
591 2282 680 2345 quum
702 2264 834 2326 oratione
856 2262 894 2325 ad
915 2263 1051 2326 eumdem
1073 2263 1189 2326 Petrum
1211 2280 1365 2342 conversa,
1387 2263 1434 2325 his

63 2384 122 2431 eum
146 2371 269 2435 verbis³
311 2372 474 2455 alloquutus
504 2382 563 2437 ost:
608 2370 744 2456 Σίμων,
776 2371 907 2454 Σίμων,
939 2370 1029 2448 tdod,
1056 2373 1074 2434 d
1105 2374 1244 2446 σιιτανᾶς
1266 2369 1433 2456 ἐξῃτήσατο

63 2473 151 2557 ὑμᾶς,
171 2484 229 2545 τοῦ
250 2480 393 2547 σινιάσαι
413 2481 459 2558 αἱς
480 2480 535 2547 τὸν
555 2485 655 2547 σῖτον·
678 2476 741 2564 ἐγώ
765 2481 800 2546 ot
819 2480 957 2559 ἐδεήθην
977 2482 1048 2562 περὶ
1070 2482 1143 2559 σοῦ,
1173 2482 1225 2546 l'uu
1246 2482 1289 2563 μή
1310 2480 1433 2567 ἐκλείπῃ

63 2582 190 2666 sinistre
210 2610 289 2656 σου·
310 2593 363 2656 uoti
384 2588 423 2655 σύ
444 2614 519 2656 ποτε
539 2597 746 2676 ἐπιστριψιις,
769 2582 916 2673 auloedos
934 2582 1008 2665 τούς
1029 2586 1190 2678 ἀδελφούς
1212 2609 1279 2654 σου.
1315 2591 1435 2657 Constat

64 2714 125 2760 vero
139 2700 346 2784 quaecumquo'
357 2704 454 2766 omnia
471 2703 554 2767 bisce
569 2703 761 2782 continentur,
780 2707 905 2781 propria
927 2719 995 2765 esse
1009 2700 1085 2764 Petri
1098 2705 1129 2782 ⁴,
1151 2710 1181 2765 et
1200 2701 1320 2765 adeum
1342 2720 1432 2764 unum

63 2805 138 2891 dirigi
158 2818 245 2893 atque
266 2812 382 2876 reterri.
426 2812 511 2887 Quod
541 2817 572 2888 l)
594 2811 721 2875 ostendit
747 2810 861 2894 phrasis
889 2810 927 2874 ad
946 2810 1110 2873 irmuendos
1131 2812 1271 2875 orationis
1297 2812 1433 2874 transitus

63 2916 199 3002 solenmis,
222 2917 293 2985 εἶτε
314 2920 352 2986 δέ
373 2924 390 2984 d
412 2921 528 3002 κύριος.
572 2921 729 2985 Confirmat
749 2928 783 2999 2)
800 2920 895 2984 natale
908 2921 985 2985 Pehi
1005 2938 1114 2987 nomen
1135 2939 1195 2983 non
1214 2921 1278 2984 sine
1301 2919 1433 3002 emphasi

63 3023 101 3089 bis
113 3032 277 3112 repetitum,
299 3029 427 3115 Σίμων,
449 3031 575 3114 Σίμων.
619 3031 744 3096 Omnino
758 3038 856 3094 autem
879 3037 913 3109 3)
928 3028 1083 3113 persuadet
1100 3029 1262 3092 immutatio
1275 3046 1432 3111 personae,

64 3152 128 3216 que
149 3139 262 3203 collatis
284 3141 401 3223 incisis,
426 3141 592 3225 ἐξῃτήσατο
614 3137 715 3223 ὑμᾶς,
737 3149 766 3204 ei
786 3137 924 3217 ἐδεήθην
944 3140 1015 3221 περὶ
1036 3140 1107 3215 σοῦ,
1129 3139 1281 3202 evidenter
1302 3144 1430 3219 apparet.

157 3254 205 3312 86.
251 3250 389 3315 tsmvero
411 3270 487 3334 qima
505 3258 631 3332 propria
651 3258 727 3330 sunt,
750 3253 775 3314 si
790 3250 894 3313 eudem
914 3250 951 3313 ad
966 3249 1179 3330 excellentiam,
1201 3249 1431 3332 dignitatemque

64 3358 229 3440 pertineant,
260 3370 410 3442 nequeunt
438 3380 497 3425 non
527 3380 630 3425 eorum
653 3379 778 3425 numero
800 3362 932 3434 censeri,
961 3360 1064 3442 quibus
1085 3358 1162 3422 Petri
1181 3352 1277 3438 ἐξοχή
1298 3376 1433 3441 compro·

66 3459 146 3528 brius.
188 3469 395 3552 lnquirendum
431 3490 505 3554 ergo
539 3480 597 3553 est,
632 3479 727 3535 utrum
758 3470 861 3534 horum
888 3470 998 3533 ambitu
1025 3468 1323 3552 comprehendantru,
1357 3487 1433 3550 quae

67 3571 182 3641 Chrhius
202 3580 257 3643 uni
274 3579 361 3644 Petro
380 3581 428 3643 vel
450 3582 579 3664 mandat,
603 3581 650 3645 vel
672 3580 795 3662 conteri,
816 3580 864 3643 vel
885 3580 1047 3663 pollicetur.
1091 3580 1149 3645 Sed
1170 3581 1207 3643 ad
1228 3580 1305 3644 hanc
1326 3599 1432 3644 rerem

66 3685 198 3761 pertinere
222 3690 364 3772 classem,
391 3691 539 3774 multiplici
561 3711 600 3756 ex
620 3693 715 3774 cupite
743 3691 936 3772 assequimur.
979 3689 1094 3754 Etenim
1124 3695 1156 3768 1)
1177 3692 1316 3753 eximium
1337 3691 1375 3753 sit
1396 3708 1432 3753 so

66 3802 330 3870 prumtissimam
360 3809 490 3884 oportet,
518 3801 598 3883 qnod
628 3800 739 3864 hactus
769 3808 815 3862 est
840 3817 876 3863 ao
897 3800 1005 3863 donum
1028 3800 1160 3863 oratione
1183 3800 1288 3863 Christi
1313 3817 1432 3882 eompa-

67 3907 156 3969 mium.
195 3908 345 3975 Eiusmodi
365 3930 438 3975 vero
460 3928 537 3993 esse,
560 3929 635 3993 quae
657 3909 742 3974 Petro
764 3908 975 3990 adscribuntur,
997 3909 1153 3973 ostendunt
1175 3908 1275 3990 verba,
1296 3906 1433 3986 ἐδεήθην

68 4013 129 4091 περὶ
147 4020 220 4095 σοῦ,
248 4041 304 4100 pro
324 4030 367 4100 te,
397 4029 501 4102 totque
522 4042 639 4085 ιιιιιιιιι
659 4025 773 4105 roquos
817 4018 882 4093 Quo
903 4026 1000 4083 autem
1028 4024 1063 4097 2)
1084 4020 1177 4082 oratio
1198 4019 1375 4099 spectaverit
1395 4017 1433 4080 ad

68 4115 168 4187 lahem
187 4127 265 4211 tusa,
286 4131 332 4195 his
354 4133 492 4195 continuo
513 4129 650 4195 effertur:
672 4129 725 4194 tvo
744 4129 788 4213 μή
810 4128 934 4213 ἐκλείπῃ
953 4125 973 4206 ή
997 4128 1097 4203 τιστις
1119 4145 1195 4203 σου,
1216 4149 1257 4191 ιιι
1276 4134 1358 4192 oleta
1381 4126 1431 4190 do

66 4226 163 4307 Μ’
195 4234 277 4320 fides
304 4247 367 4304 tuo.
411 4241 471 4307 Sed
498 4241 569 4305 nibil
595 4243 701 4304 invicta
726 4239 783 4303 tide
810 4239 1020 4322 praestantius,
1050 4256 1137 4319 mum
1162 4236 1235 4301 tides
1256 4239 1294 4301 sit
1322 4237 1430 4300 donum

70 4334 116 4404 Dei
140 4350 307 4429 mammam
341 4358 371 4413 et
398 4352 486 4433 ipsius
515 4350 719 4414 christianismi
745 4346 913 4424 ὑπόστασις
940 4367 975 4413 ac
1002 4346 1229 4411 fundamentum.
1272 4347 1430 4411 Praeterea

72 4451 100 4524 ³)
117 4452 236 4523 declarat
262 4459 392 4524 Christis
422 4462 491 4544 quid
517 4462 604 4526 Petro
630 4461 802 4541 inunxerit,
829 4459 945 4542 quodve
976 4457 1016 4521 illi
1041 4455 1169 4520 officium
1198 4458 1430 4542 demandaverit,

124 4637 146 4712 ¹)
163 4640 221 4701 hae.
238 4644 321 4703 XXII.
342 4645 482 4706 25-31.
823 4646 851 4721 4)
872 4644 1074 4711 Δισιιιιιίοισσι
1094 4644 1170 4702 huius
1189 4651 1277 4705 textus
1292 4661 1427 4705 sommen-

701 4796 710 4811 .
763 4752 858 4809 tarium
879 4751 987 4808 interius
1007 4752 1201 4811 exhibebimus.

123 4844 253 4922 ¹)n71.
821 4858 849 4932 ⁸)
877 4856 982 4913 Plenior
1007 4859 1194 4931 intomretutio
1220 4854 1271 4917 τοῦ
1298 4854 1427 4915 num

760 4980 811 5039 pro
830 4963 936 5021 ratibus
960 4969 1101 5021 normas
1124 4964 1318 5031 laudabitur,
1347 4974 1425 5029 quun

125 5057 150 5137 ⁸)
166 5062 222 5125 ιιι
241 5066 324 5128 m
344 5068 484 5128 ιιι-σι.
760 5069 884 5127 nuum
904 5068 975 5124 mm
995 5066 1077 5123 veru·
1096 5065 1193 5121 curua
1214 5060 1402 5132 marmur.
