3358 5400
646 232 794 300 otrus
835 234 986 347 m.
1425 230 1524 300 Μ’

27 472 28 481 ¹
205 398 278 464 Jsm
295 400 375 465 euim
399 400 553 466 Cbmmus’
584 405 759 469 acuendam
780 401 899 485 tulerat,
926 400 1081 485 όμείζων
1102 407 1136 467 dv
1155 400 1248 487 ὑμῖν,
1269 403 1416 486 γενέσθω
1439 403 1484 480 ὠς

27 540 28 543 ¹
97 509 115 571 o'
129 506 298 590 νεώτερος,
315 512 368 575 aui
384 512 402 574 d
416 508 603 593 ἡγούμενος,
619 510 664 588 ὠς
681 511 887 576 ddsuvouoiu:
909 513 958 594 qui
972 530 1026 577 vos
1040 514 1116 577 inter
1130 516 1223 578 maior
1237 516 1301 593 erit,
1324 515 1482 596 semetipse

98 625 184 700 gerat
206 626 358 701 tamquam
380 621 490 702 minor3
521 628 551 684 et
573 625 622 704 qui
643 621 800 686 antecellet
827 640 862 684 ae
881 624 1025 704 praeerit,
1046 640 1106 686 non
1129 623 1214 687 aliter
1234 642 1268 687 se
1289 623 1425 687 exhibeat
1446 642 1482 685 ac

96 725 291 790 sisubesset
325 737 355 792 et
381 730 565 793 ministraret.
609 730 691 795 Licet
716 732 794 794 enim
825 749 884 814 ego
901 734 927 765 ¹⁰
956 739 1056 795 vester
1079 732 1183 797 luerim
1210 730 1401 806 διδάσκαλος
1428 731 1482 795 καὶ

95 833 205 918 κύριος
236 839 379 920 magister
405 847 435 903 et
460 841 611 920 dominus,
636 839 823 905 nihilominus
849 845 883 906 dv
906 846 990 925 μέσῳ
1011 836 1102 923 ὑμῶν
1121 844 1197 905 inter
1217 859 1271 905 vos
1293 841 1363 923 degi
1391 838 1436 916 ὠς
1463 839 1481 901 d

21 976 22 1033 3
94 941 260 1011 διακονῶν
279 956 312 1012 ut
332 951 381 1031 qui
401 950 543 1014 ministrat
563 969 599 1014 nc
621 952 721 1015 servii.

203 1063 276 1122 256.
321 1058 403 1133 Quae
429 1060 455 1124 si
476 1078 578 1124 secum
603 1067 767 1142 reputasset
788 1058 968 1123 Chamierius
984 1062 1022 1140 ¹¹,
1045 1060 1181 1123 columen
1197 1063 1222 1095 ¹²
1246 1060 1316 1123 illud
1343 1057 1481 1122 calmnia·

93 1182 212 1249 uorurn,
236 1170 397 1252 nuniqtram
410 1170 441 1233 in
454 1188 521 1234 eam
535 1178 664 1233 mentem
679 1171 818 1248 venisset,
840 1177 871 1233 ut
884 1171 1053 1234 necessaria
1068 1170 1105 1233 ad
1118 1169 1332 1236 ostendendum
1347 1162 1481 1232 ex'dctis

92 1277 237 1356 primatus
258 1279 430 1360 exercitium
450 1278 623 1361 postularet:
667 1279 772 1361 „Quod
793 1279 880 1342 luerit
899 1278 935 1341 ab
958 1279 1096 1361 apostolis
1115 1279 1150 1342 ad
1165 1278 1280 1342 Petrum
1295 1278 1480 1361 appellatum,

93 1386 172 1467 quod
194 1389 335 1452 mandata
354 1390 467 1453 miserit
488 1388 525 1451 ad
546 1389 677 1472 reliquos
700 1387 863 1471 apostolos,
891 1388 970 1470 quod
995 1387 1076 1452 solus
1097 1407 1150 1451 sua
1171 1390 1341 1452 auctoritate
1363 1395 1481 1451 contro-

93 1497 209 1561 vareias
232 1497 303 1562 fidei
323 1498 496 1581 definiverit,
518 1499 597 1582 quod
618 1498 741 1562 condia
755 1497 904 1575 indixerit,
927 1496 1006 1580 quod
1020 1497 1155 1561 babuerit
1177 1517 1263 1562 casus
1282 1497 1480 1585 reservatos.“

199 1606 314 1671 Nescio
343 1616 441 1672 aulem
467 1627 521 1672 eur
548 1628 608 1673 non
636 1609 707 1671 item
735 1607 890 1670 adiecerit:
933 1606 1018 1681 Quod
1043 1607 1160 1689 legatos
1188 1628 1205 1671 a
1235 1607 1328 1671 latere
1358 1607 1478 1686 miserit,

93 1713 171 1792 quod
194 1715 394 1798 indulgentias
417 1690 562 1801 plenarias
585 1736 660 1781 unus
682 1719 744 1799 ipse
766 1718 949 1800 erogaverit,
977 1717 1055 1800 quod
1084 1719 1254 1780 canonicam
1276 1719 1480 1799 episcoporum

93 1821 308 1889 insubrtionem
328 1826 384 1891 sibi
404 1826 554 1909 tribuerit,
576 1826 655 1909 quod
675 1826 782 1890 limites
804 1826 989 1890 dioecesibus
1009 1828 1158 1908 posuerit,
1175 1827 1254 1908 quod
1274 1825 1387 1907 reliqua
1409 1822 1482 1887 eile-

94 1934 169 1996 eerit
190 1953 271 2016 quae
292 1936 362 2000 iuris
384 1920 517 2001 mnonici
538 1939 713 2020 interpretes
734 1936 772 2000 de
788 1937 918 2001 romanis
932 1936 1114 2019 praesulibus
1130 1937 1311 2001 disserentes
1331 1935 1480 2000 uberrime

93 2052 256 2126 exponam

203 2162 276 2220 257.
319 2155 378 2221 Sed
405 2157 479 2221 iocis
507 2158 660 2240 sepositis,
686 2173 747 2221 non
768 2155 854 2219 facile
876 2155 1015 2237 dixerim,
1041 2157 1110 2238 quid
1131 2159 1160 2220 in
1182 2156 1227 2221 his
1249 2158 1344 2221 notari
1363 2155 1480 2239 potissi·

67 2298 72 2305 ·
94 2282 191 2348 mum,
214 2266 284 2349 quid
306 2246 453 2331 acerbius
463 2269 584 2351 coargui
603 2276 760 2332 mereatur.
802 2265 849 2329 llo
870 2265 955 2345 illud,
986 2266 1065 2347 quod
1086 2265 1275 2330 autumatis
1297 2266 1334 2330 de
1356 2267 1480 2348 primatu

93 2364 236 2454 musitio
266 2394 334 2441 cum
357 2375 543 2457 paniculum
567 2377 766 2461 perturbetur:
794 2376 955 2440 cuiusmodi
985 2378 1119 2441 nimirum
1149 2378 1198 2443 ille
1227 2378 1279 2457 sit,
1308 2362 1394 2457 quam
1420 2373 1479 2438 late

74 2476 201 2570 'pateat
224 2505 359 2569 quosque
378 2487 546 2569 singulatim
566 2494 647 2552 actus
668 2485 886 2569 complectatur.
929 2488 976 2550 An
998 2487 1130 2568 alterum,
1152 2488 1230 2570 quod
1246 2507 1282 2551 ea
1302 2492 1480 2549 nomimim

92 2597 312 2678 praeficiantur,
335 2615 352 2659 e
373 2595 479 2678 quibus
500 2599 671 2661 exercitium
693 2599 832 2679 primatus
852 2597 952 2678 colligi
973 2595 1096 2677 debeat,
1116 2596 1191 2660 adeo
1212 2604 1245 2659 ut
1264 2597 1290 2659 si
1307 2595 1383 2659 baec
1403 2596 1478 2660 facta

1 2751 2 2760 .
94 2705 256 2787 defuerint,
285 2704 398 2787 reliqua
424 2725 628 2790 quaecumque
655 2709 753 2771 omnia
774 2708 895 2789 imparia
917 2706 1126 2769 existimentur.
1170 2704 1216 2768 An
1238 2707 1369 2787 tertium,
1399 2705 1478 2787 quod

1 2843 2 2868 t
93 2815 170 2879 inter
196 2816 336 2898 primatus
357 2815 521 2881 brnctiones
549 2836 603 2881 eae
625 2825 815 2896 censeantur,
844 2834 918 2897 quae
941 2822 1008 2879 sunt
1036 2813 1073 2877 ab
1096 2814 1227 2877 eiusdem
1248 2817 1338 2898 genio
1360 2815 1477 2878 alienis-

93 2925 197 2990 simae.
241 2923 391 2989 Eiusmodi
417 2926 549 3008 prolecto
575 2935 620 2991 est
646 2926 910 2991 controversiarum
932 2924 1000 2988 iidei
1022 2924 1148 3003 decisio,
1178 2942 1268 3005 quae,
1296 2924 1403 2988 ceteris
1425 2944 1477 2987 ex·

94 3034 199 3117 diuis,
219 3034 325 3117 quibus
345 3031 580 3099 subordinatum
600 3037 645 3100 ius
665 3043 725 3118 est,
747 3033 793 3097 illi
815 3042 870 3098 uni
891 3043 1052 3116 asseratur,
1079 3035 1129 3116 qui
1150 3035 1278 3098 omnium
1301 3031 1477 3115 προστάτης

95 3146 231 3210 extiterit.
272 3143 378 3225 Neque
399 3147 478 3208 enim
499 3146 577 3209 idem
602 3145 696 3225 valet,
724 3151 860 3224 primatu
877 3142 958 3224 fidei
983 3166 1021 3208 ue
1041 3148 1213 3228 mapisterti
1230 3145 1377 3225 insignem
1399 3162 1477 3224 esse,

94 3274 130 3319 ac
152 3254 290 3320 eumdem
311 3266 434 3320 oneum
456 3274 525 3319 esse
547 3257 718 3338 magistrum
746 3261 834 3335 atque
854 3254 1016 3317 doctorem.
1060 3253 1106 3317 dn
1129 3260 1279 3337 quartum,
1307 3252 1385 3335 quod
1408 3270 1477 3334 pro·

94 3368 156 3448 pria
186 3367 260 3431 ratio
288 3367 391 3429 aetatis
418 3364 595 3446 apostolicae
621 3363 748 3428 irmditus
774 3364 951 3448 negligatur.
995 3346 1076 3427 Hanc
1107 3365 1184 3427 enim
1213 3364 1270 3426 nisi
1297 3362 1477 3427 Chamierius

94 3478 291 3560 neglexisset,
319 3492 477 3557 numquam
503 3473 692 3556 postulasset,
719 3472 767 3537 vel
794 3481 825 3537 ut
853 3473 1062 3555 appellationes
1085 3471 1121 3536 ab
1143 3472 1281 3553 apostolis
1303 3472 1340 3536 ad
1360 3473 1476 3536 Petrum

63 3610 66 3615 ·
95 3584 300 3668 interpositae,
326 3583 376 3648 vel
400 3592 432 3648 ut
455 3585 598 3648 reservati
619 3600 706 3647 casus
726 3602 765 3646 ex
785 3583 925 3646 Actorum
948 3580 1067 3644 historia
1094 3582 1328 3646 ostenderentur.
1370 3582 1477 3647 lolalli-

94 3692 161 3759 bilis
182 3697 261 3759 enim
282 3693 513 3777 universalisque
534 3692 658 3776 ligandi,
685 3692 877 3774 solvendique
897 3698 1040 3774 potestas,
1063 3709 1120 3772 qua
1140 3691 1275 3754 divinitus
1296 3693 1372 3754 aucti
1393 3698 1478 3754 erant

85 3803 235 3885 apostoli,
257 3822 355 3885 neque
378 3802 630 3886 appellationibus,
652 3822 750 3886 neque
772 3820 893 3866 casuum
912 3801 1161 3864 reservationibus
1182 3802 1279 3865 locum
1298 3801 1389 3865 ullum
1408 3818 1476 3883 per·

97 3913 235 3979 mittebat.
277 3916 326 3977 ttn
346 3922 496 3997 postremo
525 3913 603 3997 quod
633 3914 753 3996 insuper
772 3912 913 3977 habeatur
933 3912 1039 3976 summi
1060 3913 1199 3975 momenti
1220 3912 1378 3975 discrimen
1400 3912 1477 3973 inter

156 4116 185 4192 ⁹)
206 4115 266 4174 buc.
288 4115 371 4173 xxti.
393 4115 440 4173 26.
809 4117 881 4173 Deos
902 4107 987 4173 bone!
1008 4106 1107 4188 qualis!
1129 4106 1256 4187 quantus!
1277 4114 1327 4170 luit
1346 4113 1390 4171 ills
1409 4129 1475 4169 uuus

162 4255 206 4332 Η)
219 4256 325 4314 ΜΛ.
339 4256 387 4314 2⁷.
402 4257 464 4314 con·
476 4257 536 4314 Joh·
547 4256 618 4313 xm
634 4255 760 4316 ¹2-st
811 4227 867 4279 totu
889 4222 1074 4279 davidicorum
1094 4236 1235 4294 proeemm
1255 4221 1369 4277 cohors:
1390 4226 1475 4277 toturn

811 4328 948 4385 davidicae
962 4330 1040 4403 turris
1052 4328 1297 4384 armamentarium:
1311 4333 1384 4384 totus
1398 4342 1476 4383 exer·

811 4436 880 4492 eitus
900 4435 1014 4491 israelis.
1055 4434 1094 4491 lta
1121 4433 1247 4491 admirari
1270 4434 1347 4491 soleo
1368 4436 1475 4505 igneum

163 4537 207 4611 ¹²)
226 4537 266 4593 Dc
285 4550 340 4611 quo
361 4534 513 4594 Guillelmus
530 4539 638 4595 lllvetus
658 4540 685 4594 in
705 4541 762 4613 epi·
810 4542 862 4599 viri
884 4542 1033 4613 ingenium,
1055 4540 1220 4612 multiiugem
1240 4540 1391 4614 scientiam,
1412 4556 1476 4597 neu·

98 4643 167 4700 stola
181 4644 352 4717 apologetica
367 4644 495 4701 adversos
509 4644 681 4716 limyraldum
695 4647 762 4702 scri-
812 4663 870 4704 meu
884 4647 1028 4718 singulare.
1068 4646 1145 4702 llullo
1159 4646 1284 4719 deinceps
1298 4646 1394 4701 atbleta
1408 4661 1475 4719 opus

98 4748 153 4807 bit:
188 4748 454 4823 ,beverendissimus
475 4755 503 4806 et
521 4751 692 4808 doctissimus
713 4751 761 4808 lo·
809 4753 922 4810 bsbebit
953 4753 1066 4809 ecelesia
1090 4752 1155 4824 Del,
1189 4752 1313 4826 quamdiu
1346 4753 1476 4824 supererit

96 4854 194 4928 sepius
207 4854 296 4913 llallm
310 4854 471 4913 Exoriensis
490 4857 517 4912 ia
538 4856 636 4930 sagus
655 4838 761 4931 cpisco-
810 4858 956 4933 (supererit
969 4865 1057 4915 autem
1077 4858 1227 4932 aeternum)
1247 4863 1337 4915 vester
1355 4856 1400 4913 ille
1419 4861 1476 4917 stus

96 4975 146 5034 qus
159 4974 218 5021 mm
229 4960 373 5020 Gbsurlmii
383 4963 553 5039 meminisset,
566 4963 760 5039 subiungebat:
809 4980 861 5045 per
880 4965 971 5026 mundi
991 4961 1183 5029 chamierius.“

163 4397 206 4472 ¹¹)
226 4397 357 4455 Pausuat.
378 4396 424 4452 lib.
444 4396 502 4453 llll.
523 4412 581 4472 cap.
604 4397 648 4454 iv.

1649 4832 1651 4897 l

1647 4908 1650 5005 l

1646 5022 1649 5079 ¹
