3300 5402
656 247 801 315 onitin
842 249 867 311 l.
1387 250 1449 311 Mb

82 416 117 480 de
134 417 258 497 primatu
278 433 381 479 caussa
401 417 446 479 rei
460 433 573 479 summa
588 416 769 495 continetur,
789 435 807 480 a
828 434 885 498 qua
900 416 926 479 si
941 414 1087 497 excidisse
1106 432 1141 479 ae
1162 420 1356 497 protestantes
1377 414 1449 479 iate·

82 533 189 606 rentur,
217 526 394 589 sententiam
418 526 449 586 in
469 524 584 605 seipsos
612 542 736 606 eumque
758 524 977 588 acerbissimam
1000 524 1117 588 conduti
1137 524 1301 587 schismatis
1321 541 1449 605 promm-

81 636 192 699 ciarent
235 634 278 698 Eu
304 635 393 716 igitur
418 634 593 696 necessitate
620 633 705 697 nobis
732 635 886 715 resistunt,
914 651 969 716 qun
991 633 1131 716 sibiipsis,
1159 635 1351 716 propriaeque
1374 634 1449 699 vitae

77 753 262 825 prospectum
289 743 510 824 connnmnqne
538 742 715 807 desiderunt.
758 742 912 807 Praeterea
940 743 972 807 ll.
995 745 1079 807 sicuti
1107 762 1125 806 a
1151 742 1235 807 nobis
1257 750 1451 824 protestantes

78 853 224 933 dissident,
247 855 285 916 ita
306 852 384 915 devii
403 852 439 915 ab
462 871 498 915 eo
513 851 642 916 doctrine
656 853 806 933 recedunt,
828 872 916 935 quam
930 861 996 916 ante
1015 852 1165 916 saeculum
1188 848 1449 916 'sextumdecimum

77 964 105 1024 in
124 962 325 1025 oecumenicis
343 961 472 1044 synodis,
494 961 645 1025 dorentinu
660 965 699 1042 ⁴⁹,
723 961 898 1026 laterenensi
919 962 965 1025 lV.
979 965 1018 1041 ³⁰,
1040 969 1070 1027 et
1089 962 1265 1045 lugdunensi
1288 961 1322 1024 ll.
1336 964 1361 997 ⁶¹
1386 963 1451 1024 uni-

76 1089 191 1135 versum
223 1071 411 1135 christianum
447 1088 554 1133 nomen
584 1069 1050 1153 tenendam,1proiitendamque
1089 1072 1260 1136 solemniter
1289 1070 1449 1135 definierat.

77 1179 172 1255 orne
192 1195 249 1244 nos
271 1182 346 1242 inter
368 1197 403 1243 nc
424 1179 489 1242 illos
510 1179 539 1242 id
560 1181 656 1243 existit
671 1179 855 1259 discriminis,
877 1180 955 1261 quod
969 1198 1024 1244 nos
1046 1188 1263 1262 antiquitatem
1283 1197 1450 1262 sequamur,

75 1288 113 1351 illi
131 1310 210 1352 noun
232 1288 289 1353 sibi
306 1288 472 1370 delegerint
491 1306 565 1369 quac
587 1289 839 1370 amplecterentur.
861 1341 863 1346 .
882 1288 906 1351 E
930 1308 989 1372 quo
1010 1290 1177 1354 discrimine
1199 1299 1230 1354 et
1248 1291 1371 1375 alterum
1392 1291 1450 1353 ori·

76 1405 132 1477 tur,
161 1397 248 1461 nobis
268 1397 386 1479 quidem
408 1397 554 1461 adsensuri
575 1405 786 1480 protestantes,
815 1398 869 1462 sed
889 1400 1067 1479 antiquiores
1079 1403 1106 1435 ⁸²
1133 1399 1305 1465 christianos
1326 1400 1450 1481 petroci·

75 1509 152 1589 nari,
177 1507 235 1571 illis
258 1515 355 1570 autem
377 1515 436 1570 tsm
455 1515 626 1588 praesentes
648 1507 828 1588 catholicos,
854 1526 940 1590 quum
961 1526 1014 1573 eos
1036 1526 1159 1590 quorum
1180 1508 1209 1570 hi
1230 1515 1353 1590 nepotes
1373 1514 1449 1587 sunt,

77 1615 295 1698 doctrinamque
322 1624 489 1695 servarunt,
520 1616 662 1697 reirsgari
690 1624 777 1698 etque
806 1616 959 1680 obsistere.
1003 1617 1086 1681 Unde
1107 1618 1233 1681 hostium
1256 1618 1339 1703 copia
1359 1616 1449 1699 longe

78 1728 262 1790 numerosior
281 1725 355 1805 illos,
377 1743 463 1806 quam
481 1744 544 1805 nos,
566 1732 754 1807 nostramque
771 1725 858 1789 idem
879 1735 1034 1809 oppugnat
1077 1726 1123 1789 Ad
1145 1726 1220 1789 boec
1242 1725 1288 1788 ΙΙΙ.
1310 1727 1373 1788 eius
1394 1744 1449 1789 nos

76 1834 225 1899 doctrinae
247 1842 412 1899 assertores
433 1853 533 1898 sumus
556 1834 753 1916 vindicesque,
778 1854 854 1916 quoe
875 1835 984 1919 aliquot
1002 1836 1128 1901 saeculis
1149 1835 1244 1899 nullos
1265 1841 1384 1917 experta
1404 1843 1450 1898 est

78 1943 262 2009 aduersarios
283 1945 390 2026 dignos
412 1945 461 2025 qui
482 1953 694 2025 memorentur,
725 1958 859 2027 quaeque
884 1945 939 2009 sibi
961 1964 1146 2011 communem
1167 1946 1271 2025 iidem,
1302 1947 1450 2009 assensio·

79 2070 202 2135 nemque
223 2055 410 2135 comparavit
453 2055 492 2117 nt
513 2072 585 2118 vero
605 2061 800 2137 protestantes
815 2072 873 2117 non
887 2063 973 2119 antea
994 2059 1023 2119 in
1040 2057 1135 2120 lucem
1152 2074 1235 2119 suum
1258 2054 1361 2137 δόγμα
1381 2071 1449 2135 pro·

137 2209 182 2283 ⁴⁹)
203 2211 304 2267 liubila
326 2224 393 2265 nuno
414 2208 602 2266 llCDllellil.
788 2210 1017 2286 criminationibus
1038 2230 1069 2268 cc
1089 2213 1291 2284 derogationum
1317 2210 1387 2267 odiis
1409 2211 1473 2283 ing

139 2314 183 2388 ⁵⁰)
206 2314 346 2371 Celebrate
367 2332 435 2371 anno
455 2316 581 2371 nccxv.
787 2318 956 2387 sequuti.
996 2318 1068 2373 llaec
1087 2325 1128 2373 est
1149 2317 1329 2390 apostolorum
1350 2315 1449 2372 Gbriati

138 2420 181 2495 ⁵¹)
210 2421 240 2477 ln
268 2439 317 2492 qua
345 2436 413 2477 unno
434 2421 615 2478 ccclxxiv.
643 2423 738 2479 lstino·
786 2424 850 2478 oica
869 2423 991 2496 meddin,
1012 2440 1093 2496 monn
1112 2423 1211 2497 ubique
1231 2426 1290 2480 neca
1310 2429 1382 2480 tenet
1398 2438 1448 2479 ec-

81 2503 143 2597 rdm,
153 2542 365 2598 graecorumque
379 2528 491 2583 dissidia
506 2528 654 2599 composita
668 2534 737 2583 sunt.
787 2529 903 2585 cleric.“

139 2632 182 2706 Η)
203 2632 322 2699 Quorum
343 2633 419 2689 iidem
441 2635 475 2688 iis
495 2649 647 2705 expressam
666 2635 738 2690 locu·
847 2636 921 2702 Quos
941 2634 1064 2690 crederes
1085 2636 1172 2691 animo
1187 2634 1303 2690 Tbomae
1316 2635 1383 2690 blori
1397 2634 1447 2690 ob·

82 2734 222 2793 lentissime
252 2739 394 2813 babemus,
421 2756 489 2810 quae
517 2742 543 2794 in
563 2741 688 2812 epistole
705 2741 738 2796 ad
788 2747 893 2797 serenta
908 2743 934 2797 in
948 2741 1120 2813 responsione
1134 2739 1168 2795 ad
1181 2739 1329 2812 botherum,
1346 2755 1403 2811 cap.
1415 2739 1447 2795 ll.

84 2839 225 2899 lleraclium
249 2847 450 2917 imperatorem,
478 2846 545 2900 lecto
572 2848 598 2900 in
623 2847 738 2902 concilio
788 2847 945 2918 inquientia:
978 2845 1046 2920 „Cui
1067 2846 1141 2920 sedi,
1169 2852 1197 2901 ot
1216 2846 1373 2901 obedienter
1399 2844 1448 2901 ob·

84 2945 129 3001 GP.
148 2950 189 3005 ill.
211 2952 275 3007 Act.
294 2951 339 3005 tv,
361 2950 468 3021 Agatbo
489 2966 613 3005 romanus
633 2954 738 3023 episco-
788 2959 943 3025 temperem,
965 2968 1041 3023 quum
1064 2952 1106 3008 illa
1127 2957 1235 3007 movent
1254 2951 1359 3023 omnia,
1381 2967 1448 3023 quac

84 3066 129 3121 pur
159 3056 190 3111 de
223 3058 292 3113 l’etri
327 3057 522 3129 praerogativis
555 3059 678 3131 scripsit,
712 3065 739 3113 et
787 3058 859 3113 docti
886 3059 1022 3129 sanctique
1050 3060 1154 3113 ineam
1182 3074 1239 3113 rem
1267 3057 1447 3131 collegerunt,

84 3162 192 3227 modus
219 3161 419 3236 comprobarit:
450 3162 533 3235 „liius
555 3162 653 3236 (Petri)
674 3179 737 3218 veru
788 3168 841 3218 tum
856 3163 918 3219 illud
931 3162 1053 3235 proiecto
1067 3178 1120 3218 non
1138 3170 1229 3219 novet
1249 3163 1356 3219 minime
1374 3162 1447 3234 quod

82 3267 211 3324 cruento
234 3286 248 3323 a
270 3269 346 3324 Patre
373 3268 406 3323 de
433 3269 514 3324 coelis
539 3277 580 3325 cst
605 3269 736 3341 revelato,
788 3271 867 3325 toties
887 3283 977 3324 sumus
997 3272 1114 3340 experti,
1140 3284 1192 3325 non
1213 3269 1295 3326 modo
1315 3269 1447 3325 nemiuem

79 3385 125 3441 pro
151 3391 200 3445 qne
231 3393 246 3429 a
272 3374 385 3430 Domino
414 3377 529 3430 omnium
557 3373 650 3429 beatus
676 3389 737 3429 esse
787 3375 921 3431 inimicum
941 3375 1025 3430 tuisse
1045 3376 1204 3431 christianae
1224 3374 1302 3447 ildei,
1328 3376 1373 3446 qui
1393 3388 1447 3430 non

82 3484 264 3547 pronunciatus
285 3487 327 3536 est
346 3481 453 3554 Petrus,
474 3483 518 3554 qui
539 3487 566 3536 et
586 3482 736 3553 spirituales
787 3482 823 3537 illi
845 3481 903 3537 sedi
924 3480 1020 3537 bellum
1040 3482 1117 3536 simol
1136 3481 1277 3554 indixerit,
1298 3480 1346 3537 sed
1367 3480 1447 3536 etiam

80 3597 142 3640 ores
157 3587 286 3643 ecclesiae
301 3586 334 3642 eb
350 3589 408 3659 ipso
422 3587 459 3643 lle
478 3592 599 3659 emptore
620 3589 736 3642 omnium
786 3588 917 3643 neminem
944 3602 1066 3657 umquam
1093 3588 1231 3659 extitisse,
1258 3588 1302 3659 qui
1329 3601 1359 3643 sc
1383 3601 1447 3660 pro·

81 3693 150 3745 terna
174 3692 405 3749 commendatione
432 3693 578 3764 pascendas
604 3694 736 3765 suscepit,
786 3693 872 3748 lessus
892 3695 926 3748 ait
946 3695 1003 3748 eiua
1024 3692 1097 3748 sedis
1119 3693 1266 3764 inimicum,
1293 3695 1355 3765 quin
1375 3692 1446 3749 idem

82 3795 150 3849 cuius
177 3800 311 3854 unniteute
339 3799 473 3871 pracsidio
498 3798 564 3853 baec
589 3798 736 3869 apostolica
785 3796 863 3869 paulo
884 3804 945 3869 post
964 3814 993 3852 se
1014 3797 1187 3857 declaraverit
1211 3799 1350 3869 insigniter
1371 3798 1447 3853 Cbri-

81 3900 133 3955 atne
156 3904 269 3960 ecclesia
296 3920 436 3976 numquam
456 3923 470 3960 c
492 3906 535 3959 via
563 3905 683 3961 veritatis
710 3905 736 3957 in
785 3905 821 3958 sti
838 3911 864 3958 et
883 3902 1023 3975 religionis
1043 3911 1151 3959 nostrae
1172 3905 1321 3977 capitaliter
1340 3905 1445 3960 bostem

82 4006 193 4075 quelibet
219 4013 318 4065 enoris
344 4017 419 4083 parte
446 4011 548 4066 dellexa
575 4017 631 4081 est,
659 4012 737 4065 cuius
786 4015 813 4063 et
837 4009 1000 4081 proditorem
1026 4026 1095 4066 esse.
1142 4010 1226 4066 Vulde
1247 4028 1289 4067 me
1311 4017 1400 4067 movet
1419 4017 1447 4067 ct

83 4117 282 4185 moronensem,
301 4124 394 4189 utpote
414 4117 599 4189 apostolorum
619 4118 737 4172 omniann
787 4113 864 4187 illud,
892 4115 963 4187 quod
984 4118 1007 4170 si
1028 4116 1061 4172 ad
1084 4119 1163 4172 istum
1185 4118 1291 4173 modum
1311 4117 1445 4173 bominum

79 4218 223 4293 principia,
244 4240 350 4295 sernper
371 4225 457 4279 omnis
477 4223 614 4280 cntbolicn
637 4222 737 4278 Christi
786 4222 851 4276 vitiu
879 4222 1040 4293 imputentur
1066 4223 1256 4295 ciliciis,
1285 4225 1371 4279 omnis
1393 4239 1447 4279 me·

82 4324 211 4397 rectene,
242 4338 268 4385 et
293 4331 463 4386 unicmolea
491 4331 589 4404 synodi
616 4329 736 4399 fideliter
785 4328 913 4397 gistratus
940 4336 1059 4404 corruet,
1086 4332 1185 4385 eterit
1206 4330 1318 4403 populus
1346 4328 1446 4402 absque

82 4432 280 4504 amplectentes,
311 4439 341 4492 in
369 4439 474 4492 cuneda
498 4444 628 4510 sequutae
656 4443 735 4505 sunt,
785 4439 903 4505 rectore,
933 4436 991 4489 sine
1015 4436 1075 4507 lege
1096 4443 1122 4491 et
1142 4437 1243 4492 ordine.
1291 4435 1365 4502 Quae
1392 4450 1449 4508 res,

83 4548 219 4615 vmneaqne
243 4542 413 4599 cenercbc'lea
435 4552 530 4616 patrea
556 4534 736 4617 apostolicum
784 4540 807 4594 si
836 4540 976 4611 aliquando
1006 4544 1159 4616 contingat,
1195 4543 1220 4598 id
1248 4542 1318 4614 quod
1346 4542 1446 4614 aliquot

82 4644 136 4698 eiua
155 4648 308 4704 metricam
329 4649 458 4725 ompleni,
480 4667 527 4723 per
542 4667 618 4723 quum
633 4656 659 4705 et
672 4665 735 4722 pro·
785 4646 940 4701 Germaniae
970 4648 1036 4703 locis
1067 4647 1170 4703 videtur
1202 4650 1352 4722 imminere,
1390 4654 1445 4703 tum

83 4746 214 4809 batissima
241 4756 368 4811 ecclesiae
395 4757 490 4811 lumina
520 4756 679 4829 claruerunt,
707 4760 736 4810 nt
784 4753 887 4808 demum
908 4769 1004 4824 mugno
1019 4770 1077 4809 cum
1091 4755 1187 4811 damno
1201 4756 1325 4827 sentient,
1347 4761 1444 4827 quanto

83 4860 161 4912 sancti
182 4850 288 4932 quidem
307 4861 433 4916 doctores
453 4862 598 4919 orthodoxi
619 4863 737 4919 venenu
787 4860 873 4931 magis
900 4860 1005 4919 intersit
1031 4861 1196 4935 mortalium,
1223 4861 1266 4917 vel
1287 4859 1372 4917 melos
1396 4858 1444 4913 ba·

85 4965 156 5033 utque
175 4969 286 5037 bermuti.
298 4974 370 5042 aunt,
397 4968 523 5024 baeretici
549 4976 636 5025 autem
662 4968 735 5025 inicia
785 4967 849 5024 bore
869 4974 988 5023 rectores
1007 4983 1084 5039 quam
1104 4965 1218 5023 nullos“
