3258 5400
618 235 621 241 ’
660 257 809 326 carun
849 259 928 324 xx.
1083 304 1088 325 .
1419 266 1476 329 τοι

4 516 5 523 ¹
95 427 212 506 αὐτους
232 427 448 514 damnabitur
475 433 511 494 ἐν
529 428 576 516 cpi
594 429 725 514 ὀνόματι
744 430 802 495 τοῦ
823 430 934 513 κυρ1ου
953 427 1071 509 Ἰησοῦ,
1093 430 1239 496 mandarit
1258 438 1291 496 ut
1310 430 1351 498 illi
1372 434 1401 497 in
1422 453 1476 498 no·

92 544 170 606 mine
191 540 313 605 Domini
333 541 406 605 Jesu
428 541 654 623 baptizarentur.

198 656 272 714 225.
314 650 396 725 Quae
417 668 506 733 quum
527 652 567 714 ita
590 651 656 732 sint,
677 650 881 734 interrogabo,
904 649 974 713 nibil
994 668 1033 713 ne
1050 651 1209 714 narrationi
1227 668 1314 733 quam
1335 672 1389 736 per
1408 675 1475 738 par-

4 758 5 775 *
91 769 136 824 tes
157 761 304 824 hactenus
326 760 560 843 explanavimus,
582 761 659 843 insit,
680 760 751 824 nibil
772 763 802 823 in
826 779 862 823 ea
883 767 972 840 extet,
995 776 1053 841 quo
1074 758 1150 821 Petri
1171 763 1403 846 praerogativae,
1426 783 1474 829 or·

88 878 288 952 nanentaque
316 869 550 952 comprobentur.
593 869 663 934 biibi
684 872 762 934 enim
785 870 978 933 certissimum
1001 875 1061 948 est,
1089 885 1148 930 nou
1177 887 1286 951 panca,
1316 891 1392 953 quae
1417 874 1475 939 huc

18 990 22 1003 '
88 981 213 1062 iaciant,
237 981 342 1045 eadem
364 980 515 1043 contineri.
557 982 604 1044 Ac
624 980 694 1044 iliud
712 980 868 1063 principio,
895 976 973 1059 quod
993 981 1069 1042 inter
1090 985 1207 1043 ceteros
1227 981 1374 1062 apostolos
1395 968 1471 1049 unus

89 1090 225 1155 delectus
255 1090 342 1154 iirerit
368 1088 489 1169 Petrus,
518 1092 567 1172 qui
591 1088 657 1153 Deo
685 1089 825 1172 primitias
855 1089 985 1169 gentium
1014 1096 1211 1152 consecraret.
1256 1089 1328 1154 iilud
1357 1092 1472 1176 deinde,

89 1201 169 1283 quod
192 1198 328 1265 effecerit
348 1197 428 1262 Deus
454 1206 486 1261 ut
510 1217 565 1280 per
585 1198 699 1262 Petrum
728 1206 875 1279 tamquam
894 1199 1022 1262 omnium
1045 1199 1230 1281 magistrum,
1259 1201 1329 1283 ipsis
1356 1221 1474 1286 quoque

88 1311 234 1392 apostolis
260 1311 472 1388 innotesceret,
500 1308 616 1390 mando
644 1309 768 1390 primum
796 1307 942 1389 evangelii
968 1309 1075 1371 ostium
1101 1310 1206 1390 aperiri
1228 1309 1364 1391 gentibus
1386 1328 1473 1393 opor-

88 1427 175 1483 teret
223 1419 295 1483 iilud
324 1419 411 1482 tertio
433 1417 512 1500 quod
533 1419 640 1482 ceteris
660 1415 830 1481 inconsultis
860 1434 894 1479 se
915 1416 952 1479 ad
974 1425 1079 1499 gentes
1100 1421 1292 1499 converterit,
1321 1437 1356 1481 ac
1378 1439 1416 1483 ex
1436 1422 1472 1484 iis

88 1529 166 1593 ovile
190 1528 314 1609 Christi,
341 1528 423 1591 cuius
449 1527 584 1610 expiebat
602 1529 698 1609 vices,
725 1526 951 1609 amplificaverit.
995 1526 1067 1590 iilud
1091 1534 1193 1610 quarto
1214 1527 1293 1611 qnod
1313 1546 1388 1592 unus
1409 1532 1472 1612 ipse

85 1637 186 1721 inerit,
209 1639 358 1720 adquam
379 1655 492 1701 summa
507 1636 710 1701 ‘aedificandae
732 1636 877 1700 ecciesiae
897 1636 1066 1700 referretur.
1109 1637 1179 1701 iliud
1201 1639 1300 1720 qadnto
1322 1638 1401 1720 quod
1422 1658 1473 1701 ec·

86 1747 213 1813 alesiam
236 1768 275 1811 ex
295 1746 423 1828 iudaeis,
451 1748 649 1826 samaritanis,
677 1745 872 1829 gentibusque
892 1745 1045 1809 collectam
1068 1748 1130 1829 ipse
1158 1764 1232 1810 unus
1253 1748 1336 1810 inse
1357 1749 1472 1830 potissi-

88 1877 169 1922 mum
190 1857 356 1939 receperit,
384 1864 413 1919 et
433 1864 579 1939 tamquam
602 1854 768 1919 universate
796 1856 883 1918 totius
911 1855 1034 1919 aedificii
1055 1856 1272 1919 bmdamentum
1294 1860 1470 1938 sustentarit,

87 1970 262 2050 nidumque
290 1966 473 2028 continuerit
514 1964 586 2028 iilud
606 1964 723 2028 tandem
745 1964 823 2047 quod
843 1964 952 2047 Lucas,
983 1968 1032 2047 qui
1054 1966 1163 2029 nulium
1184 1965 1221 2029 ab
1242 1967 1380 2049 apostolis
1401 1968 1470 2031 reii-

87 2080 152 2160 quis
172 2077 306 2141 habitum
328 2064 495 2138 sermonem
517 2073 684 2164 descripsit,
714 2076 844 2156 quintam
869 2075 1001 2139 retulerit
1021 2075 1096 2140 Petri
1118 2078 1306 2156 concionem,
1334 2076 1469 2159 tactoque

88 2188 153 2269 ipso
178 2183 356 2264 ostenderit,
385 2183 461 2247 dicta
488 2192 631 2266 gestaque
653 2190 819 2247 ceterorum
841 2184 934 2248 attero
956 2185 1023 2250 loco
1045 2194 1075 2248 et
1095 2185 1205 2268 gradu,
1227 2184 1303 2248 dicta
1323 2205 1394 2249 vero
1416 2204 1470 2269 ge·

87 2304 194 2379 utaque
216 2295 293 2357 Petri
315 2295 440 2375 primum
467 2313 503 2357 ac
530 2295 656 2357 maxime
677 2292 715 2356 ad
736 2293 885 2357 historiam
907 2294 1027 2358 orientis
1049 2304 1078 2359 61
1104 2294 1299 2359 adolescentis
1325 2294 1468 2363 ecclesiae

87 2408 249 2487 pertinere.
292 2404 379 2466 Cuius
401 2402 574 2467 discriminis
593 2406 619 2467 si
640 2424 657 2467 a
678 2422 726 2466 mc
741 2422 844 2468 caussa
865 2412 986 2486 petatur,
1009 2406 1116 2469 iterare
1139 2424 1233 2489 cogor
1255 2405 1333 2488 quod
1354 2407 1470 2488 saepius

35 2528 41 2545 ⁸
88 2515 250 2595 manicavi,
279 2513 416 2596 quodque
437 2530 503 2576 cum
524 2513 561 2576 sit
582 2515 782 2593 verissimum,
809 2515 973 2596 summique
995 2516 1133 2578 momenti
1155 2533 1311 2596 numquam
1333 2517 1402 2578 satis
1424 2517 1468 2578 in·

89 2624 237 2706 geminari
256 2639 345 2704 posse
365 2622 495 2686 uidetur:
532 2622 612 2705 qnod
631 2625 766 2687 nimirum
794 2623 862 2685 dum
882 2619 1011 2686 distorta
1032 2630 1141 2704 capttta
1163 2624 1372 2706 conscribitur,
1400 2631 1469 2704 tpac

88 2739 184 2797 tatius
206 2737 343 2811 corporis
363 2728 494 2794 btrtnrta
515 2734 687 2816 consignata
708 2733 809 2796 litteris
830 2730 970 2796 videatur.

593 3148 826 3243 carun
881 3147 956 3242 ττ.
1064 3116 1081 3167 ‘
1178 3196 1183 3202 -

409 3341 561 3408 Narratio
581 3341 687 3409 Lucae
707 3341 779 3408 Aac.
802 3340 866 3406 XI.
891 3344 1001 3406 1-4:
1021 3382 1062 3392 -
1084 3344 1158 3424 quid
1176 3365 1219 3408 em
1240 3365 1278 3407 ec
1294 3348 1465 3422 protestare

302 3462 348 3519 ter
375 3452 532 3539 bafnnnt:
557 3489 591 3502 -
616 3473 708 3535 quana
735 3459 847 3534 inepte:
867 3488 908 3500 —
930 3454 967 3518 dc
992 3463 1175 3538 arqumerdn
1202 3454 1283 3535 quod
1302 3474 1344 3516 ec
1364 3449 1465 3536 factis

302 3565 439 3629 ductim:
460 3599 500 3611 -
522 3564 738 3645 enpendnnrar
758 3570 974 3643 consequentia
993 3561 1064 3626 Act.
1089 3559 1153 3626 Xt.
1176 3564 1315 3626 4-19:
1337 3601 1378 3612 -
1399 3568 1464 3643 qut

303 3672 361 3737 bur
382 3672 491 3737 aetaar
511 3671 604 3737 Petri
626 3681 796 3738 auctoritas
816 3654 1027 3755 corfirmetur.

196 3918 269 3977 226.
304 3863 352 3979 lis
379 3917 536 3996 enarratis,
564 3915 602 3978 de
632 3914 737 3997 quibus
764 3914 953 3996 praecedenti
975 3917 1069 3997 capite
1090 3924 1186 3980 actum
1216 3924 1276 3994 est,
1305 3922 1335 3978 61
1364 3913 1466 3996 quibus

89 4024 271 4108 singndarem
298 4022 374 4088 Petri
400 4021 546 4102 ἐξουσίαν
577 4043 613 4089 ac
638 4043 709 4107 prae
731 4027 838 4088 ceteris
861 4020 1030 4106 ἡγεμονῶν
1051 4026 1316 4110 comprobavimus,
1346 4022 1461 4086 subdit¹

88 4136 200 4200 Lucas:
237 4126 404 4198 Ἤκουσαν
428 4132 464 4197 δὲ
490 4135 519 4197 oi
548 4131 717 4199 sinderedus
743 4134 796 4198 καὶ
826 4134 856 4197 οἱ
881 4131 1016 4219 ἀδελφοὶ
1044 4137 1181 4210 οἱόνττς
1207 4128 1287 4199 κακοὶ
1308 4126 1363 4211 τὴν
1388 4131 1465 4196 Ἰου-

90 4245 186 4311 δοτέον
193 4291 203 4321 ,
224 4240 273 4306 d‘u
294 4244 348 4307 καὶ
366 4237 407 4309 τοὶ
430 4242 512 4321 ἔθνη
532 4240 676 4322 ἐδέξαντο
697 4239 753 4306 τὸν
773 4243 869 4324 λόγου
888 4246 945 4307 τοῦ
964 4244 1063 4310 θεοῦ.
1087 4247 1139 4310 καὶ
1158 4241 1209 4307 d‘re
1228 4241 1323 4325 ἀνέβη
1344 4241 1465 4323 Πέτρος

51 4386 58 4408 ·
90 4359 134 4432 etc
155 4353 377 4436 Ἱεροσόλυμα,
399 4351 589 4435 διεκρίνοντο
610 4352 688 4434 πρὸς
709 4350 806 4417 aab»
827 4354 857 4417 οὶ
875 4358 910 4417 ἐκ
931 4357 1115 4438 περιτομῆς,
1137 4355 1292 4437 λεγοντος·
1322 4347 1368 4413 δ’τι
1388 4348 1466 4432 πρὸς

92 4460 215 4546 ἄνδρας
236 4460 450 4547 ἀκροβυστίαν
469 4467 602 4542 ἔχοντας
616 4462 771 4541 εὶςῆλθος,
794 4463 847 4528 καὶ
866 4471 1038 4550 συυυρυγες
1059 4462 1182 4539 αὐτοῖς.
1205 4463 1357 4527 audierunt
1371 4468 1467 4524 autem

90 4574 213 4656 apostoli
239 4581 269 4636 et
293 4572 400 4636 iratres
427 4573 477 4654 qui
502 4574 531 4635 in
551 4572 661 4636 Judaea
690 4580 789 4655 erant,
816 4574 895 4657 qnod
916 4577 995 4657 ipsae
1018 4576 1105 4637 etiam
1127 4577 1256 4654 gentes²
1286 4573 1467 4653 recepissent

151 4776 178 4851 ¹)
199 4773 327 4831 1161111.
351 4773 445 4830 1-4.
802 4791 869 4848 qnae
889 4776 940 4831 bac
959 4776 992 4832 dc
1013 4792 1042 4831 re
1057 4773 1239 4831 Titiemontins
1259 4772 1361 4847 scribit,
1382 4773 1463 4829 Notae

148 4880 178 4955 ²)
198 4880 300 4949 Quibus
321 4881 503 4952 confirmator,
529 4878 680 4937 Corneliam
701 4882 754 4953 pri·
803 4897 848 4938 sur
867 4883 938 4937 saint
958 4880 1059 4955 Pierre,
1080 4885 1143 4937 note
1163 4877 1256 4939 xxtu.

90 5003 159 5044 mam
181 4987 296 5043 omnium
318 4989 387 5044 iuter
406 4993 502 5057 geum
522 4987 678 5045 credidisse.
713 4987 754 5041 Ci.
