3324 5382
660 296 808 365 CAPUl'
847 301 923 366 XV·
1335 292 1338 307 '
1421 304 1483 366 bib

100 467 216 547 Petrus,
254 486 342 550 quum
372 471 457 531 antea
490 467 527 530 ad
560 467 717 550 discipulos
745 467 993 531 indiscriminatim
1023 484 1127 532 omnes
1156 467 1246 531 verba
1279 469 1483 553 dirigerentur.

99 575 250 641 minutus
270 578 374 659 igitur,
409 578 608 659 orationisque
630 580 802 661 progressio
824 574 986 660 significata
1007 576 1124 659 verbis,
1159 574 1209 642 tea
1230 570 1288 643 οὖν
1307 577 1483 661 ἠρίστησαν,

97 685 179 767 λέγει
199 688 246 769 τῷ
265 682 396 768 Σίμωνι
418 684 533 770 Πέτρῳ
555 687 573 749 d
592 683 731 763 Ἰησοῦς,
767 688 897 770 negitent
929 707 966 751 ne
996 686 1033 749 ad
1059 688 1208 769 apostolos
1235 690 1345 771 pariter
1370 707 1484 772 omnes,

98 794 152 858 sed
174 794 213 858 ad
237 813 325 858 unum
346 814 481 860 seorsum
503 796 619 861 Petrum
642 815 829 880 consequens
852 797 956 862 Christi
978 815 1078 861 sermo
1099 797 1253 863 referatur.

4 970 6 989 ‚
204 904 366 968 Enimvero
385 905 418 968 ll.
442 914 628 988 comparetur
649 926 716 971 eum
737 904 1000 985 antecedentibus,
1034 924 1110 989 quae
1139 907 1176 971 ad
1204 908 1270 973 illos
1293 911 1487 974 communiter

4 1032 6 1077 ι
98 1032 206 1078 omnes
230 1016 384 1097 pertinent
427 1015 580 1079 Formulee
605 1018 636 1080 in
662 1018 698 1080 iis
726 1019 884 1100 repetitae,
921 1017 977 1080 bae
1003 1020 1127 1081 sunt²³t
1163 1016 1244 1100 tepor
1264 1016 1374 1094 αὐτοῖς
1395 1016 1487 1095 d’lq-

98 1125 184 1199 σοῠς,
207 1128 365 1206 ἐνέγκατε,
387 1123 483 1202 δεῖνα,
504 1125 700 1206 ἀριστήσατε,
723 1125 853 1191 δίδωσιν
873 1124 999 1202 αὑτοῖςε
1019 1126 1132 1190 scilicet
1153 1143 1258 1190 omnes
1273 1135 1341 1191 sunt
1351 1125 1486 1208 pluralia

96 1238 232 1309 nummi,
252 1232 423 1314 pluresque
444 1235 607 1317 designant.
651 1237 690 1300 At
710 1238 738 1300 in
760 1256 798 1301 eo
821 1237 858 1301 de
881 1255 940 1319 quo
962 1236 1134 1300 disserimus
1157 1243 1314 1318 contextu,
1336 1236 1393 1300 hae
1416 1255 1486 1301 con·

97 1346 252 1407 uenter²⁴
277 1352 449 1407 occurrunt:
485 1345 565 1428 λέγει
585 1348 632 1429 τῷ
652 1344 783 1429 Σίμωνι
802 1345 915 1432 Πέτρῳ
936 1348 954 1410 ὀ
975 1344 1110 1424 Ἰησοῦς,
1148 1345 1282 1430 ἀγαπᾷς
1303 1367 1359 1428 με,
1380 1346 1486 1430 βόσκε,

4 1486 6 1509 ·
99 1452 182 1535 λέγει
202 1450 293 1536 αὐτῷ
313 1452 426 1530 πάλιν,
462 1461 625 1537 reciperes,
661 1456 742 1539 λέγει
762 1455 849 1542 αὐτῷ
869 1456 904 1519 τὸ
925 1455 1044 1537 rplror,
1077 1456 1181 1541 φιλεῖς
1200 1478 1255 1538 pa:
1288 1455 1487 1553 scilicetlsunt

97 1580 203 1628 omnes
226 1561 397 1649 crapularis
417 1573 551 1643 premnt,
588 1586 623 1629 eo
657 1586 746 1630 onum
777 1566 1018 1649 singularemque
1046 1566 1196 1631 Simonem
1223 1566 1339 1630 Petrum
1365 1557 1487 1629 demon·

4 1672 5 1675 ’
99 1681 199 1738 stmnt
243 1674 496 1749 Quemadmodum
524 1675 613 1758 igitur
639 1676 781 1741 absonum
812 1675 888 1739 foret
914 1676 1120 1758 praecedentis
1149 1677 1193 1739 nd
1210 1698 1306 1739 ursum
1328 1694 1486 1760 coercere3

4 1760 6 1771 ’
96 1786 134 1848 ita
157 1785 254 1848 videri
275 1785 417 1848 absonum
439 1783 527 1848 debet
548 1788 758 1868 consequentia
780 1787 823 1850 od
842 1806 944 1848 omnes
967 1786 1016 1868 qui
1037 1785 1158 1849 aderant
1179 1786 1365 1869 amplilieere.

203 1893 312 1976 lleque
333 1911 454 1976 prorsus
476 1894 562 1958 video
584 1895 628 1959 lll.
653 1915 712 1979 quo
735 1896 852 1960 tandem
874 1903 960 1977 pecto
981 1896 1148 1979 significare
1171 1897 1301 1961 Christus
1324 1896 1487 1962 evidentius

98 2007 235 2087 potuerit,
257 2004 314 2068 sibi
335 2024 405 2067 eum
425 2024 486 2066 uno
507 2000 605 2068 Petro
626 2024 695 2071 esse
717 2024 895 2069 sermonem.
938 2004 1059 2093 Orditur
1077 2009 1208 2089 enim²',
1240 2009 1393 2089 inquiens:
1424 2003 1486 2069 Σί-

99 2136 170 2195 μων
190 2113 296 2190 Ἰωνᾶ,
318 2110 450 2196 ἀγαπᾷς
470 2134 511 2197 με
531 2114 641 2179 πλεῖον
661 2114 798 2194 sedtum
832 2123 893 2179 tum
919 2135 958 2179 ne
979 2115 1120 2200 syllabam
1141 2117 1258 2198 quidem
1280 2102 1373 2197 addit,
1410 2130 1486 2198 (prae

99 2225 135 2288 ad
153 2225 243 2291 alium
264 2242 350 2306 quam
377 2223 413 2286 ad
435 2223 586 2289 Simonem
606 2225 700 2289 lonae
727 2225 817 2289 lilium
845 2226 994 2308 dirigetur.
1036 2226 1215 2291 Perconetor
1245 2228 1333 2310 igitm
1360 2234 1487 2307 proprio

4 2334 5 2339 ’
99 2354 137 2399 ne
158 2337 198 2400 sit
219 2354 257 2399 en
279 2341 446 2397 communie
468 2335 623 2418 appellatio
645 2337 771 2402 Simonis
792 2336 886 2399 lonae
916 2335 975 2398 lilii.
1020 2337 1115 2401 Credo
1143 2345 1300 2417 propriam
1332 2356 1416 2416 esse,
1452 2356 1488 2399 ac

4 2440 5 2455 ¹
100 2445 149 2507 oni
168 2443 257 2508 Petro
278 2446 447 2508 comnenus.
491 2444 571 2509 Unus
593 2448 683 2529 igitur
704 2447 821 2529 proprie
844 2452 889 2508 est
910 2445 1028 2527 Petrus,
1058 2447 1299 2529 quemchristus
1323 2447 1486 2528 alloquitur,

4 2588 6 2619 t
101 2568 189 2636 (prem
212 2556 383 2637 interrogat,
406 2564 436 2619 ot
457 2558 504 2620 cui
526 2572 620 2641 agnos
642 2574 774 2638 ovesque
795 2554 925 2635 alendas,
944 2555 1152 2638 regendasque
1174 2558 1332 2620 committit

208 2663 363 2729 Praeterea
386 2666 432 2729 lV.
455 2667 524 2749 quid
546 2668 601 2732 sibi
622 2666 683 2729 vult
705 2672 883 2745 recuperato
904 2662 1051 2746 loquutio,
1073 2662 1203 2751 ἀγαπᾷς
1228 2690 1267 2750 με
1288 2666 1397 2729 πλεῖον
1417 2666 1509 2728 rod<

100 2792 180 2853 των,·
213 2791 249 2836 ee
270 2793 343 2837 sane
364 2777 491 2840 ostendit
512 2797 529 2841 a
552 2778 659 2840 ceteris
680 2776 730 2857 qui
750 2775 881 2855 aderant,
903 2773 1019 2837 Petrum
1040 2782 1169 2838 aeeernt.
1213 2776 1272 2840 Sed
1293 2779 1318 2840 si
1340 2796 1356 2839 o
1378 2778 1485 2838 ceteris

100 2878 203 2946 Petrus
226 2891 416 2967 secernitur,
452 2895 481 2951 et
501 2884 618 2951 Petrum
639 2904 656 2948 a
678 2885 785 2950 ceteris
806 2891 958 2947 secretum
979 2883 1110 2949 Christus
1130 2888 1304 2970 compellet3
1340 2906 1396 2971 qua
1416 2905 1485 2969 pru·

102 2992 209 3076 dentis,
234 2996 422 3079 veritatisque
444 2998 553 3078 specie,
576 3014 651 3078 quae
673 2994 715 3058 illi
735 2995 877 3074 dicuntur,
899 3001 1071 3059 eommunia
1091 2997 1226 3061 omnibus
1248 2995 1468 3061 existimentur?

209 3104 291 3178 linae
313 3105 347 3167 V.
370 3107 395 3169 si
417 3114 587 3169 communic
614 3105 727 3183 iorem,
765 3106 908 3169 eiusmodi
935 3124 1054 3189 quoque
1082 3105 1149 3169 duci
1182 3107 1324 3172 deberent
1353 3126 1427 3189 queo
1456 3108 1485 3169 in

102 3213 207 3277 eadem
229 3214 368 3278 orationis
391 3217 470 3279 serie
491 3236 529 3279 ne
551 3216 701 3280 levissime
723 3217 841 3298 quidem
861 3218 1012 3279 immutata
1034 3213 1282 3297 subsumantur:
1306 3237 1342 3281 ac
1363 3217 1485 3300 proinde

102 3343 259 3385 commune
280 3324 415 3387 omnibus
437 3326 504 3389 duci
526 3325 648 3389 deberet
670 3326 747 3408 quod
766 3328 916 3391 subiicitur
929 3326 977 3385 ²⁸:
1013 3322 1121 3408 Ἀμήν
1141 3322 1227 3410 α’μνὶν
1246 3328 1327 3411 λέγω
1348 3345 1415 3405 σοι,
1437 3323 1486 3390 d‘re

102 3423 138 3509 ἦς
161 3432 328 3516 νεώτερος,
350 3432 505 3513 ἐζώννυες
527 3433 657 3500 σεαυτὸν
679 3435 961 3520 καὶαεριεπάτας,
983 3434 1064 3501 diros
1082 3428 1215 3513 ἤθελες·
1239 3435 1314 3503 δ’ταν
1335 3436 1371 3502 dd
1391 3436 1488 3519 yppol-

60 3532 65 3541 ’
103 3561 174 3626 opp,
196 3548 327 3619 ἐκτενεῖς
349 3542 405 3621 tale
429 3546 542 3628 χεῖράς
563 3564 622 3610 σου
628 3593 638 3623 ,
661 3547 713 3610 καὶ
734 3538 830 3622 ἄλλος
852 3566 886 3611 σε
906 3543 1002 3624 ζώσει
1022 3548 1075 3610 καὶ
1096 3546 1182 3623 older,
1205 3545 1286 3612 ὅπου
1307 3546 1347 3610 οὐ
1367 3545 1484 3620 delere

104 3651 161 3716 Sed
198 3654 357 3736 interprete
388 3654 574 3735 iohannev,
614 3655 690 3719 bueo
722 3658 867 3739 pertinent
897 3656 941 3720 ad
968 3677 1063 3718 unum
1093 3652 1241 3734 Petrum,
1283 3660 1486 3738 rationemque

104 3764 232 3847 martyrii
254 3763 424 3846 depingunt,
446 3782 503 3846 qua
524 3786 607 3829 unua
628 3764 731 3828 Petrus
753 3765 966 3848 glorificaturus
989 3772 1053 3830 erut
1072 3764 1176 3829 Deum.
1216 3765 1485 3829 Demonstravimus

104 3872 191 3954 igitur
213 3890 417 3955 quoecumque
437 3875 535 3938 omniu
554 3877 703 3957 praesenti
726 3874 830 3939 Christi
850 3894 988 3939 sermone
1017 3877 1214 3956 continentur,
1247 3882 1374 3955 proprio
1407 3894 1485 3957 esse,

11 4038 14 4045 ,
103 3982 138 4045 ad
159 4003 256 4045 unum
276 3982 392 4047 Petrum
414 3985 515 4068 dirigi,
551 3992 742 4065 primamque
770 4006 813 4047 ee
841 3991 881 4047 tta
907 3983 1129 4049 conditionibus
1147 3985 1317 4066 complecti,
1354 4003 1428 4067 quae
1449 3985 1487 4050 ed

103 4093 270 4156 cernendas
291 4093 474 4176 tuendasque
496 4095 573 4159 Petri
595 4094 816 4177 praerogativas
836 4096 1030 4176 requiruntur.

212 4208 281 4265 225.
323 4201 428 4285 Neque
456 4206 552 4270 minus
576 4206 731 4287 perspicue
752 4204 956 4267 'cenduionem
985 4202 1115 4268 ultorem
1144 4205 1375 4287 complectuntur
1395 4211 1425 4270 in
1447 4227 1484 4272 eo

105 4312 197 4393 sitem,
219 4319 250 4374 ut
272 4313 351 4394 quod
368 4320 491 4393 proprie
513 4315 599 4379 Petro
624 4314 813 4395 adscribitur,
836 4312 880 4377 ad
898 4313 1112 4378 eeeetteemm
1132 4323 1259 4398 spectet,
1283 4327 1486 4397 maioremque

106 4425 138 4482 tu
159 4418 365 4485 eeclesiastico
392 4430 562 4488 emeterio
589 4424 767 4509 dtpnr'tmm
794 4423 948 4505 praeierat
990 4406 1177 4507 Expendatur
1198 4427 1276 4490 onim
1299 4434 1487 4507 commoratio

107 4530 218 4595 incluse
239 4531 354 4613 uerbis,
388 4530 518 4617 ἀγαπᾷς
547 4552 587 4619 pre
611 4533 718 4598 eteros
738 4532 873 4611 ταύτανς
905 4541 967 4596 turn
988 4535 1204 4619 consideretur,
1241 4544 1366 4618 punam
1387 4544 1486 4601 mutuo

4 4752 6 4905 l
171 4814 552 4891 mmmmqu
884 4816 1135 4894 mmmm

4 4908 6 4973 t
173 4920 533 4995 mmpmqe

173 5024 427 5101 mmmm
889 5028 1140 5106 mmmm

1194 5134 1278 5213 37⁴*
