3300 5402
168 279 229 339 tou
655 275 797 341 munit*
827 274 1060 344 SECUNDUS

275 448 324 507 63.
365 441 523 507 Enimuero
545 460 634 525 quum
654 443 795 526 plinium
810 450 836 479 ⁸⁷
861 447 919 511 sint
933 445 1073 529 loquendi
1086 445 1229 510 formulae
1244 444 1281 508 de
1295 443 1373 509 Petri
1386 452 1558 528 praeroga·

168 555 235 616 tisis
255 552 410 633 adhibitae,
431 561 518 635 atque
538 555 569 617 in
591 553 704 618 Petrum
729 554 819 636 libris,
841 557 934 637 gestis
948 555 1138 638 synodorum,
1160 553 1329 617 Pontificum
1351 553 1466 636 litteris,
1488 573 1555 617 mo-

168 663 365 743 nimeniisque
387 661 530 744 liturgicis
549 670 724 745 usupatae3
745 683 817 745 prae
838 665 959 745 reliquis
980 671 1079 729 tamen
1101 664 1293 746 frequentiori
1313 682 1383 743 usn,
1412 663 1555 745 pleniori-
1642 720 1643 745 ,

170 789 228 853 que
250 772 447 834 consensione
465 790 520 835 eac
542 771 737 852 celebrantur,
760 772 864 854 quibus
878 774 1003 855 ipsemet
1017 773 1121 838 dicitur
1137 778 1267 857 petrau
1291 772 1447 851 emieaioe,
1468 774 1554 837 nedi-

164 878 310 960 fianndnr
330 878 477 944 ecciesiae
490 884 518 914 ⁸⁹
538 890 637 961 petra,
659 881 868 965 aedificationi
889 882 1038 947 ecciesiae
1052 886 1081 918 ⁹⁰
1104 882 1285 965 subiacens,
1305 881 1553 965 aedificationem

170 987 317 1052 ecciesiae
336 996 369 1053 im
382 1011 416 1052 ae
437 997 536 1070 ipsum
551 994 576 1023 ⁹¹
603 999 761 1073 recipiens,
784 990 893 1075 στερεοὶ
907 996 935 1028 ⁹²
959 999 1064 1076 πέτρα,
1083 1002 1172 1074 peirn
1186 1016 1279 1075 mmm
1300 1000 1502 1057 nunciarunt
1520 996 1549 1026 '⁸

168 1098 319 1179 superine
339 1098 509 1185 inferorum
528 1110 644 1181 portae,
663 1110 751 1182 peirn
769 1106 796 1136 ⁹⁴
820 1101 1026 1179 solidissime,
1049 1111 1100 1166 cui
1113 1106 1140 1137 ⁹⁵
1164 1102 1317 1166 Dominus
1338 1108 1391 1165 aui
1409 1109 1553 1181 namium,

169 1230 228 1290 quo
247 1217 337 1289 peirn
357 1218 575 1290 nuncupatur,
597 1219 835 1275 communionum
855 1210 992 1289 iraduiatt,
1013 1213 1180 1275 secundum
1194 1215 1222 1246 ⁹⁶
1246 1235 1266 1275 a
1289 1210 1412 1276 Citriato
1430 1211 1553 1298 suade

168 1327 320 1401 mentum,
350 1340 493 1403 mnqnum
507 1323 534 1353 ⁹⁷
559 1319 705 1384 ecciesiae
718 1319 975 1405 fundamentum,
1000 1319 1241 1405 fundamentum
1260 1326 1288 1356 ⁹⁸
1311 1320 1491 1402 sinpliciter
1513 1344 1554 1384 ac

169 1429 326 1510 θεμέλιον,
343 1428 528 1513 sundom⁹⁹
552 1428 712 1495 ecclesiam
733 1452 794 1494 aun
809 1429 970 1512 firmaticis,
989 1430 1221 1513 firmamentum
1235 1434 1278 1464 ¹⁰⁰
1303 1429 1458 1507 ecciesiae,
1480 1450 1552 1510 epo
1642 1434 1643 1445 ¹

169 1539 268 1602 stolus
284 1546 315 1601 in
331 1560 390 1620 quo
403 1549 451 1603 cat
466 1543 506 1572 '⁰¹
527 1539 674 1604 ecelesiae
684 1539 928 1622 fimamentum,
938 1538 1170 1622 fimtemenium
1186 1544 1229 1574 '⁰²
1242 1539 1328 1622 fidei,
1344 1539 1488 1604 columma
1503 1543 1547 1573 ¹⁹³

169 1648 326 1727 certesiae,
340 1656 466 1730 musque
479 1652 520 1683 ¹⁰⁴
539 1651 668 1730 crepido.
702 1651 726 1713 E
741 1649 846 1733 quibam
861 1649 951 1731 liquet
968 1649 1178 1733 appellationes
1182 1649 1382 1736 fundamenti
1396 1649 1554 1728 ecciesiae,

232 1834 277 1907 ⁸⁷)
304 1833 401 1889 ilarom
423 1831 490 1887 bene
512 1806 605 1888 multus
626 1833 735 1903 collegit
754 1830 835 1887 Fran·
883 1831 969 1886 Serm.
990 1846 1039 1904 pro
1061 1832 1146 1889 Natali
1166 1834 1236 1890 Petri
1257 1839 1284 1890 et
1303 1833 1391 1889 Pauli:
1422 1834 1493 1907 „ilic
1511 1839 1553 1888 est

73 1968 75 1971 v
170 1940 258 1994 niseus
279 1938 377 2009 ilarius
404 1938 620 2012 archiepiscopus
644 1939 834 2008 rothomagen·
883 1936 990 2005 Peiros,
1019 1938 1060 1993 cul
1085 1938 1205 1995 Cbristm
1230 1938 1360 1998 Dominus
1388 1939 1554 1995 communio-

169 2046 225 2117 sis,
258 2043 376 2118 Apolog.
403 2043 506 2115 Evang.
537 2043 583 2100 lib.
608 2044 641 2101 ll.
667 2061 729 2118 pag.
756 2042 831 2113 235,
882 2058 943 2097 nem
963 2044 1004 2097 sui
1025 2045 1139 2100 nominis
1159 2043 1274 2101 libenter
1294 2046 1420 2121 indulsit,
1439 2047 1553 2101 atenim

170 2150 236 2207 edit.
258 2150 341 2205 Paris.
362 2148 516 2205 nucxxv.
883 2148 953 2204 sicot
972 2148 1067 2205 Paulus
1088 2150 1226 2224 apostolus
1246 2150 1368 2222 edocuit,
1386 2158 1469 2224 petra
1489 2157 1554 2207 erut

232 2255 278 2329 ⁸⁸)
304 2254 347 2311 Ab
374 2255 475 2311 Hilario
502 2255 661 2328 pictaviensi
690 2256 717 2310 in
742 2255 832 2311 liattb.
884 2251 1022 2325 emman,
1050 2256 1088 2310 ita
1113 2272 1163 2328 per
1187 2256 1317 2312 Cirristunr
1344 2256 1437 2312 Petrus
1465 2256 1553 2311 iactus

170 2362 229 2418 XV.
249 2379 275 2417 n.
291 2362 323 2434 6,
343 2362 370 2416 in
390 2360 432 2415 Pa.
447 2360 562 2418 cxliiii.
584 2378 609 2416 ιι.
625 2361 659 2434 4,
680 2368 708 2417 ct
727 2361 761 2417 da
776 2362 834 2417 iri-
883 2364 925 2415 est
944 2366 1034 2432 petra,
1062 2360 1168 2417 dicente
1188 2363 1214 2416 ei
1233 2361 1367 2419 Domino:
1395 2370 1425 2418 tu
1444 2380 1474 2419 es
1494 2361 1552 2419 Pe·

171 2469 254 2524 nitate
272 2464 320 2523 lib.
335 2466 381 2522 Vi.
400 2484 427 2522 ιι.
442 2464 497 2542 203
517 2466 648 2539 Gregorio
662 2467 833 2540 nazianzeno,
882 2472 954 2537 mua,
987 2472 1015 2521 et
1038 2482 1122 2538 super
1151 2465 1225 2521 inne
1251 2474 1360 2538 petrem
1393 2467 1552 2538 oedificabo

172 2572 244 2630 Orat.
257 2571 352 2629 xxvt.
372 2588 435 2645 pag.
450 2572 523 2647 453,
544 2572 689 2629 Ambrosio
706 2574 733 2629 in
745 2575 833 2646 primo
882 2571 1030 2629 ecclesium
1049 2570 1168 2629 mecm.“

171 2697 206 2737 ex
225 2679 346 2752 hymnis,
373 2679 450 2735 coins
468 2681 585 2736 meminit
604 2680 685 2736 etiam
705 2678 835 2751 Angusti-
945 2676 990 2752 Ἰ)
1011 2678 1036 2733 A
1057 2680 1218 2735 nazianzeno
1237 2678 1371 2749 Gregorio
1393 2682 1418 2736 in
1439 2680 1552 2737 bomilia

172 2801 231 2861 oue,
251 2785 376 2842 Reuactt
397 2784 444 2841 lib.
461 2785 481 2841 i.
503 2801 561 2858 cap.
575 2785 651 2857 xxi,
672 2793 701 2842 et
719 2785 836 2859 Epipba·
884 2782 1069 2841 Arcbieratico
1089 2784 1198 2840 inserta.

173 2894 218 2951 nio
239 2892 266 2947 in
287 2889 387 2947 Ancor-
408 2907 434 2946 ιι.
452 2889 480 2946 9.
947 2887 992 2962 ⁹²)
1012 2887 1055 2945 Ab
1069 2888 1187 2961 Origene
1201 2891 1228 2946 in
1241 2889 1329 2945 Exod.
1350 2889 1422 2944 bom.
1433 2891 1467 2948 V.
1482 2907 1510 2947 ιι.
1521 2890 1552 2945 4.

234 2995 279 3070 ⁸⁹)
292 2995 833 3071 ATertuilianodellonogam.cap.Vlll‚
946 2994 991 3069 98)
1016 2995 1045 3050 in
1072 2996 1287 3053 sacramentario
1315 2993 1452 3051 Gallicano
1477 2995 1553 3052 edito

173 3104 288 3174 Origene
309 3104 336 3158 in
363 3100 405 3157 Ps.
426 3101 446 3156 Ι.
473 3100 542 3173 apud
561 3100 722 3173 Eusebium,
748 3101 780 3157 il.
801 3100 833 3156 Ε.
884 3118 899 3156 ι
920 3099 1073 3157 diabiiionio
1095 3102 1124 3157 Τ.
1138 3102 1159 3157 l.
1180 3101 1262 3158 liosei
1281 3099 1377 3175 Italici,
1398 3117 1461 3173 pag.
1476 3100 1555 3176 3433

173 3209 219 3264 lib.
233 3208 279 3266 Vl.
300 3225 358 3281 cap.
375 3207 465 3278 XXV,
492 3207 625 3279 Cypriane
646 3210 724 3281 epist.
745 3207 835 3264 lxxi.
887 3209 913 3262 in
932 3207 1032 3263 Miasaii
1053 3192 1207 3263 lionambo'
1221 3207 1290 3280 apud
1309 3206 1457 3279 iosepbnrn
1476 3206 1555 3263 lilan-

173 3315 206 3370 ad
227 3314 368 3387 Quintum,
399 3320 427 3369 et
451 3313 603 3368 Firmiiiano
629 3316 708 3387 epist.
730 3313 763 3369 ad
784 3314 837 3384 Cy·
886 3312 1001 3369 cilinium
1023 3313 1051 3369 T.
1066 3313 1087 3369 Ι.
1108 3314 1213 3370 collect
1235 3328 1298 3385 opp.
1313 3313 1462 3369 Cardinaiis
1483 3313 1554 3369 ibo-

173 3422 311 3496 priunum,
338 3437 405 3492 quae
432 3426 474 3475 est
499 3418 602 3475 lxxv.
630 3419 699 3475 inter
726 3419 836 3492 Cypria·
885 3420 978 3492 masii,
1012 3435 1074 3493 pag.
1105 3417 1177 3495 1243
1209 3422 1235 3475 in
1268 3419 1373 3490 synodo
1407 3419 1553 3492 ephesina,

173 3528 256 3583 nicas.
885 3526 944 3584 Act.
967 3524 1019 3602 ili3
1046 3532 1073 3582 et
1093 3526 1120 3581 in
1140 3526 1218 3598 epist
1233 3524 1254 3579 1.
1275 3524 1553 3581 Pseudo-Clementis

237 3627 282 3707 ΙΙ’)
309 3631 333 3686 A
353 3629 454 3685 aniiio
474 3645 534 3685 con.
554 3629 713 3686 Eunomiom
735 3629 782 3685 lib.
803 3629 835 3685 ll.
887 3632 920 3687 ad
940 3631 1071 3688 iacobum
1092 3631 1198 3687 tratrem
1218 3631 1339 3706 Domini,
1361 3648 1386 3686 ιι.
1405 3629 1431 3686 i.

175 3756 199 3795 ιι.
214 3739 248 3812 4,
270 3744 297 3793 et
317 3737 424 3793 Zenone
445 3734 492 3792 lib.
505 3734 538 3790 11.
560 3740 637 3791 tract
651 3733 720 3791 iilll.
742 3752 767 3791 n.
781 3735 808 3791 2.
949 3736 994 3812 99)
1014 3737 1038 3792 A
1059 3737 1138 3792 Petro
1160 3735 1338 3809 Chryaoiogo,
1360 3737 1447 3792 Scrm.
1466 3734 1552 3792 cuv.

236 3846 281 3919 ⁹¹)
302 3844 345 3899 Ab
365 3842 472 3898 iisdem.
952 3842 1010 3917 ¹⁰⁰)
1026 3842 1068 3897 Ab
1077 3842 1222 3898 Ambrosio
1233 3841 1267 3897 de
1275 3842 1401 3913 virginit
1415 3859 1474 3915 cap.
1482 3840 1553 3898 xit.

236 3952 282 4025 Ἰ)
302 3949 344 4005 Ab
358 3948 522 4022 Epiphanio,
544 3946 653 4002 ilaeresi
667 3945 732 4002 biii.
753 3964 779 4003 ιι.
795 3947 822 4002 i.
950 3948 1010 4023 ¹⁰¹)
1040 3949 1082 4005 Ab
1110 3947 1205 4005 codem
1232 3948 1258 4003 iu
1285 3947 1401 4021 bucam,
1433 3947 1481 4004 lib.
1507 3945 1553 4003 lu.

237 4057 283 4132 Ι3)
305 4054 347 4110 Ab
368 4053 519 4123 Augustino
544 4052 633 4109 inl’s.
654 4058 836 4125 compedem
887 4071 913 4110 ιι.
935 4053 1013 4110 LXX.
1071 4082 1075 4091 ·

173 4162 281 4235 Donati,
302 4168 331 4215 et
342 4159 430 4216 leone
442 4160 470 4214 tn
482 4156 691 4215 SermliCVlll.
703 4157 736 4212 ai.
744 4156 836 4213 xciv.
951 4160 1010 4232 ¹⁰²)
1031 4158 1053 4213 A
1069 4159 1263 4231 chrysostomo
1285 4162 1310 4216 in
1329 4160 1439 4215 bomilia
1461 4159 1495 4216 de
1513 4164 1554 4214 ta·

175 4284 235 4342 cap.
249 4268 275 4339 l,
297 4266 342 4321 obi
356 4266 460 4321 Petrum
474 4263 621 4338 cpoatoiici
634 4264 741 4320 ordinis
750 4266 836 4336 prin-
886 4266 1016 4323 lentorum
1044 4265 1136 4321 decern
1158 4265 1267 4321 millium
1288 4265 1427 4335 debitore,
1457 4264 1552 4321 [111.

176 4377 265 4447 domn
294 4378 388 4445 vocat,
423 4373 466 4443 qni
496 4370 674 4428 deabtudinia
700 4370 838 4440 solicitata
886 4388 949 4445 pag.
970 4373 998 4428 4.

176 4481 303 4550 ὀοιιιιΙιιι,
323 4494 432 4535 aucrom
451 4477 621 4535 inviolabilia
637 4484 738 4550 petrae
756 4478 837 4533 occi·
951 4477 1011 4550 1οΙ)
1032 4476 1056 4532 A
1076 4476 1196 4548 Phiiippo
1222 4475 1389 4550 apostolicae
1415 4475 1491 4532 aedis
1516 4477 1554 4532 le·
1642 4544 1643 4547 Ἴ

172 4595 253 4662 peret
279 4588 456 4657 identitatem,
492 4602 575 4658 super
604 4602 686 4659 mum
717 4584 840 4655 fundato
888 4591 969 4656 gato,
992 4582 1050 4638 Act.
1066 4582 1109 4638 ill.
1132 4584 1250 4656 ephesini
1272 4581 1388 4639 concilii.

176 4694 297 4753 ecclesio
324 4693 414 4766 portis
439 4692 528 4762 inseri
555 4700 581 4749 et
607 4693 703 4748 mortis
734 4689 839 4765 lenibat
954 4691 1012 4763 ¹⁰⁴)
1034 4689 1058 4744 A
1078 4689 1281 4746 chalcedonensi
1294 4686 1408 4759 synodo,
1430 4687 1551 4744 Actili:

173 4800 358 4877 prnmaimet.
888 4795 1100 4871 „sanctissimus
1135 4802 1163 4851 et
1200 4794 1369 4850 beatissimus
1409 4794 1552 4867 epscopus

238 4907 284 4981 ΙΙ)
304 4905 328 4963 A
350 4903 514 4959 Theodorito
535 4903 613 4973 epist
634 4899 761 4957 lxxvii.
888 4916 1002 4972 magum
1027 4901 1141 4956 senioris
1168 4898 1267 4957 Romae
1291 4898 1362 4971 Leo,
1389 4914 1439 4970 per
1457 4913 1508 4955 ιιοι
1526 4902 1552 4955 et

179 5004 186 5017 ’
239 5011 284 5088 ⁰⁵)
315 5009 355 5067 lin
383 5010 464 5067 rerba
492 5008 598 5066 liaxini
625 5006 784 5065 Ιιιιιίιιοιιιίι
812 5004 840 5063 in
888 5022 936 5077 per
967 5008 1133 5076 merentem
1164 5010 1284 5063 emotum
1314 5004 1467 5079 modum,
1502 5020 1549 5063 ιιιι
