3300 5402
589 286 735 354 CAPUT
775 288 916 356 xxva
1378 292 1440 354 825

69 461 161 543 potius
184 465 310 542 repetam
337 477 355 522 a
382 477 432 522 me
458 459 516 523 iam
538 458 632 522 semel
650 477 686 522 ac
707 460 813 523 iterum
832 458 1006 535 adhibitam,
1034 476 1113 538 quae
1136 464 1257 522 occano
1277 465 1440 540 protestan-

68 568 140 633 tibus
158 568 253 648 luerit,
283 576 315 632 ut
334 569 495 635 inauditum
517 565 715 650 παράδοξον,
737 567 953 650 absurdumque
974 565 1115 649 edornpc
1137 569 1438 631 comminiscerentur.
1465 588 1470 607 ·

65 677 173 760 lbplcx
191 686 289 742 autem
310 697 346 741 se
367 681 505 741 continue
527 679 646 742 occasio
669 676 797 757 exhibet,
820 695 941 759 quarum
961 678 1042 760 prior
1063 674 1251 759 θεωρητική,
1273 678 1364 741 altera
1388 695 1438 759 ap·

63 787 159 869 pulluli
178 786 331 868 πρακτική
352 795 457 871 petest.

161 895 199 960 Et
224 896 275 961 illa
296 896 414 979 quidem
436 897 511 961 baec
539 896 606 975 luit,
635 894 798 960 baneam
820 904 933 959 crtaun
953 898 1024 959 atris
1042 896 1118 959 adeo
1140 895 1287 959 coloribus
1309 897 1338 959 in
1361 895 1439 959 Scri·

60 1008 155 1089 pluris,
177 1006 403 1090 christianisque
424 1009 611 1071 monimentis
627 1010 670 1041 ¹⁹·
695 1024 877 1089 expressum,
900 1024 982 1070 suam
1004 1005 1080 1087 apud
1095 1012 1299 1086 protestantes,
1320 1004 1440 1086 quibus-

60 1115 124 1178 dam
143 1116 233 1180 veluti
254 1116 403 1199 gradibus,
425 1117 641 1199 turpitudinem,
661 1118 836 1198 insitamque
850 1116 1023 1197 granutem
1039 1116 1182 1196 amisisse,
1205 1132 1301 1198 eoque
1321 1114 1438 1178 tandem

59 1224 121 1289 illos
142 1244 210 1289 esse
233 1243 428 1309 progressos,
449 1234 481 1290 ut
502 1244 562 1290 non
584 1228 678 1290 minus
701 1224 900 1310 theologicam
920 1244 1007 1308 quam
1033 1222 1153 1287 ciuilem
1173 1222 1344 1288 libertatem
1364 1226 1440 1288 inter

58 1330 212 1399 malumtata
240 1335 402 1400 bominis
395 1355 456 1401 rura
484 1338 712 1401 numeraverint
756 1336 853 1410 Quasi
871 1353 943 1399 vero
976 1337 1106 1417 quum'’
1115 1335 1261 1416 'reliqui
1289 1334 1438 1397 bominum

58 1451 135 1508 acue
156 1444 219 1528 legi
241 1445 479 1526 subiciantur,
459 1466 480 1509 ιι
499 1446 594 1510 solum
617 1447 667 1529 qui
686 1446 723 1509 ab
738 1445 887 1509 intellectu
907 1452 1052 1523 emanant,
1073 1445 1197 1529 exleges
1219 1452 1333 1509 essent:
1356 1444 1440 1526 quasi

4 1524 6 1623 l
58 1571 127 1616 vere
146 1564 282 1620 sanctum
301 1555 419 1620 honesti
439 1557 588 1637 turpisque
613 1555 786 1635 discrimen,
812 1554 891 1636 quod
910 1561 999 1617 totam
1021 1561 1144 1635 occupat
1166 1554 1316 1616 bominum
1339 1554 1437 1632 vitam
1458 1628 1462 1635 ι

59 1663 94 1725 ad
114 1663 326 1728 nobilissimam
349 1665 481 1730 eiusdem
504 1673 631 1748 partem,
652 1684 728 1746 quae
750 1663 914 1727 intellectus
934 1664 1115 1745 rationisque
1137 1662 1248 1726 aclibus
1270 1662 1437 1742 absolvitur,

57 1789 113 1835 non
138 1772 319 1837 referretur:
349 1776 431 1857 quasi
458 1792 530 1839 vero
559 1775 634 1838 dicta
664 1774 781 1858 quidem
803 1774 938 1838 divinitus
959 1773 1046 1837 suerit
1067 1773 1116 1837 lex
1136 1773 1278 1853 iustitiae,
1302 1773 1437 1850 caritatis,

58 1880 246 1964 tammum,
272 1884 461 1966 prudentiae,
488 1884 544 1949 ies
572 1894 669 1950 antem
695 1884 775 1968 sidet
789 1888 830 1919 ¹⁹²
860 1885 986 1948 lirnditus
1007 1885 1229 1965 praetermissa:
1260 1883 1439 1964 quasivero

59 1989 111 2055 lae
132 1992 252 2075 quidem
273 1992 344 2056 boni
363 1996 472 2076 praesit
485 1996 635 2077 uoluntati,
655 1995 820 2060 intellectus
838 2003 934 2058 autem
956 1993 1022 2079 iege
1036 1999 1101 2055 uera·
1120 1991 1284 2055 nullatenus
1304 1997 1438 2072 regatur:

59 2103 239 2183 quasivero
266 2102 304 2166 de
331 2111 428 2167 rcaaia
446 2103 599 2188 solitaque
627 2124 726 2169 curam
753 2106 882 2188 gesserit
901 2104 995 2185 Deus,
1024 2105 1116 2185 ipsam
1144 2119 1216 2164 vero
1237 2100 1376 2165 radicem
1392 2101 1434 2132 ¹⁰³

57 2213 169 2291 penitus
196 2213 374 2295 neglexerit
419 2214 479 2278 Sed
499 2233 558 2297 quo
578 2232 613 2278 ae
635 2222 843 2279 converterent
862 2210 1076 2295 protestantes?
1102 2212 1178 2275 lacta
1206 2211 1341 2274 omnibus
1362 2209 1438 2272 arbi-

58 2321 149 2391 baem
167 2322 296 2403 licentia,
318 2324 521 2407 subversaque
535 2327 706 2390 auctoritate
728 2344 784 2407 qua
802 2327 891 2389 animi
909 2331 1083 2405 mentesque
1103 2328 1290 2404 regerentur,
1313 2338 1439 2383 necesse

59 2428 122 2512 brit,
145 2440 176 2496 ut
199 2440 318 2497 servato
337 2430 500 2497 Ιιααιιοοι
521 2430 654 2512 maraine,
679 2456 745 2498 rem
766 2437 872 2500 eodem
893 2433 1114 2520 significatam,
1137 2431 1320 2513 effectusque
1341 2450 1380 2492 en
1403 2449 1439 2493 en

60 2538 226 2605 oborientes
251 2544 430 2607 amitterent:
458 2549 585 2609 necesse
606 2545 660 2608 luit
683 2552 716 2608 ut
736 2563 823 2628 quam
846 2546 972 2608 maxime
992 2550 1127 2627 possent,
1152 2543 1314 2606 haereseos
1340 2540 1440 2602 vitium

58 2657 253 2729 aceretem,
283 2659 313 2716 et
340 2672 505 2737 perpaucos
519 2657 563 2689 ¹⁹⁴
596 2656 715 2718 omnino
743 2654 880 2723 articulos
914 2656 978 2717 eius
1009 2673 1077 2717 esse
1102 2654 1243 2734 ponderis
1272 2650 1436 2727 crederent,

59 2778 179 2842 quorum
200 2761 306 2842 fidem,
328 2770 429 2846 utpote
449 2765 662 2844 necessariam,
686 2763 723 2827 ab
745 2763 880 2826 omnibus
900 2764 1095 2845 postularent:
1118 2780 1243 2824 necesse
1266 2760 1317 2822 luit
1335 2767 1367 2821 nt
1388 2778 1438 2821 ec-

59 2868 166 2936 clesiae
187 2871 262 2936 fines
284 2879 402 2954 praeter
422 2892 541 2938 omnem
562 2874 681 2937 modum
698 2876 740 2909 '⁸⁵
763 2872 973 2953 extenderent,
996 2871 1133 2934 ambitum
1157 2888 1230 2933 vero
1253 2868 1439 2932 necessariae

58 2981 171 3045 uniatis
193 2988 311 3063 praeter
332 2986 450 3046 omnam
473 2983 591 3047 medum
606 2985 649 3018 ¹⁰⁸
675 2984 866 3065 cuniperent.

60 3231 123 3291 qne,
156 3218 254 3274 denuc
287 3218 426 3276 coelorum
460 3223 587 3273 remoto
616 3215 724 3270 cuncus
773 3204 863 3292 ἀρχή,
890 3206 1053 3279 ἀθανασίας
1078 3210 1239 3287 arpoolpaor,
1269 3203 1440 3281 alapenses·

59 3324 238 3400 rebpioaibcs
259 3342 278 3381 α
297 3325 401 3383 celebri
427 3326 576 3383 odmedm
599 3326 661 3381 ciro
687 3323 723 3380 D.
773 3312 904 3394 καθαρός
916 3309 1078 3396 ὀφθαλμός,
1096 3325 1122 3374 et
1136 3307 1229 3389 πάσης
1241 3312 1343 3388 sopior
1355 3302 1438 3387 πηγή

61 3430 87 3486 P.
107 3431 218 3489 darien.
665 3504 672 3515 .
775 3429 814 3485 ct.
836 3430 939 3485 Sulceri
960 3426 1121 3482 'lbesaurum
1142 3423 1176 3479 ad
1196 3439 1222 3478 ιι.
1243 3418 1341 3484 πίστις.

122 3563 183 3637 ¹⁰⁰)
210 3563 268 3619 lion
288 3579 373 3636 pauca
393 3562 444 3619 buc
464 3563 588 3618 lactentia
617 3562 726 3633 collegit
839 3568 899 3641 ¹⁹⁴)
929 3566 1042 3622 Omnino
1069 3565 1158 3637 plures
1185 3560 1319 3617 recenseri
1348 3565 1439 3632 prete-

60 3668 200 3725 Sttioerut
216 3671 242 3725 in
274 3668 409 3724 Thelunti>
439 3667 472 3723 td
502 3684 547 3724 Vt·
574 3661 676 3744 αἶρθῦῑς
699 3674 726 3724 ei
774 3680 875 3731 sunus
895 3679 1015 3747 possent,
1040 3670 1136 3744 quibus
1157 3660 1328 3724 articulorum
1347 3680 1440 3723 ncces

60 3766 200 3848 “iimi-
775 3782 905 3838 sariorum
926 3793 1048 3835 uumerus
1069 3777 1283 3849 conterreat,
1305 3774 1349 3844 qui
1367 3788 1439 3842 spm-

124 3906 184 3982 ·ιι)
211 3906 267 3962 1100
293 3905 327 3962 d,
353 3921 382 3962 fe
403 3905 483 3961 queq
502 3905 626 3962 pomp,
646 3905 726 3961 pm.
775 3887 838 3943 bolo
859 3887 892 3941 ab
914 3884 1045 3958 apostolis
1066 3887 1214 3954 nuncupato
1236 3881 1392 3936 continetur.

62 4012 109 4068 ΜΒ
121 4012 226 4069 ¹3⁸¹ffl⁰⁸
247 4013 274 4069 5¹¹
292 4027 384 4085 ⁰P²f⁰s
405 4010 644 4068 mmmmm
664 4027 726 4067 “tm
841 4026 900 4099 ¹⁹⁵)
921 4024 962 4080 Ac
981 4023 1156 4079 extenderunt
1175 4035 1248 4093 saure,
1270 4036 1349 4093 quum
1363 4018 1440 4074 unius

62 4118 253 4176 cmm
285 4125 479 4191 ⁰⁰⁹⁸P⁰r⁰i¹⁴⁸a
511 4118 585 4174 Τθῐΰ·
606 4117 639 4173 ¹¹·
666 4133 724 4191 ⁰⁸1³·
777 4132 949 4203 eiusdemque
970 4129 1100 4185 ecclesiae
1122 4127 1238 4183 membra
1255 4125 1441 4217 hebuerintac

61 4222 173 4299 XXXV,
195 4241 263 4297 ‘luti
283 4224 384 4280 ¹¹²ffi⁸⁰i
402 4225 535 4296 letum·
776 4254 858 4314 porro
879 4236 994 4297 babeant
1012 4251 1151 4308 romanos,
1172 4233 1339 4305 anglicanos,
1361 4246 1440 4302 grae-

124 4355 184 4431 ¹’²)
207 4356 287 4413 biars.
309 4356 380 4414 xvl.
409 4357 469 4413 coll.
494 4357 585 4413 naith.
605 4356 724 4414 xxvlll,
777 4360 824 4402 cos
844 4344 1046 4416 schismaticos,
1074 4343 1242 4413 lutheranae,
1267 4339 1439 4410 calvinianos,

66 4458 486 4537 ts-to,uue.xr1.s-e.
527 4463 602 4519 Rom.
622 4463 655 4519 x.
679 4461 724 4519 10.
776 4468 880 4525 unoque
900 4451 983 4508 verbe
1000 4438 1118 4523 ὀιιιιιαι,
1149 4447 1194 4519 qui
1220 4461 1342 4519 suprema
1372 4444 1441 4499 cbri-

128 4580 187 4668 ιιι)
215 4594 283 4650 quio
304 4594 491 4668 menapum,
520 4610 570 4666 qu„
588 4594 673 4666 fldem
692 4593 729 4649 qn·
778 4561 881 4615 stlanaa
902 4557 1040 4614 doctrinae
1060 4555 1148 4628 capita
1168 4552 1334 4627 profitentur.

63 4700 110 4756 tiai
129 4707 220 4774 patres
236 4703 394 4774 saepbslm
407 4707 546 4774 exornant,
567 4700 729 4773 respondent
842 4697 901 4772 ¹⁹⁶)
931 4697 1020 4767 Neque
1046 4694 1099 4751 sibi
1127 4692 1249 4766 deluere,
1279 4706 1358 4763 qnurn
1389 4690 1443 4745 sint

62 4806 158 4863 amun
178 4807 285 4878 mecla
308 4807 428 4880 patribus
455 4808 566 4863 nomina
587 4797 661 4882 α’ρχιὶ
682 4804 728 4861 καὶ
777 4804 927 4878 parcissimi
949 4805 975 4858 in
993 4799 1163 4872 assignandis
1184 4796 1310 4870 articulis,
1331 4810 1441 4868 quorum

62 4908 198 4989 θψῶθῖ,
218 4909 330 4989 mim
346 4902 452 4991 ἅραῶι
470 4903 571 4989 μήτηρ,
590 4910 728 4991 σωτηρίας
778 4912 856 4969 tidem
876 4909 1057 4968 necessariam
1076 4907 1233 4985 aptabatur.
