3300 5402
201 248 262 311 aaa
685 242 815 311 utautt
855 242 1088 313 SECUNDUS

198 414 337 494 tulanrut,
365 432 452 494 quam
472 415 503 477 iu
522 432 557 477 se
576 414 743 492 universam
765 414 935 479 catholicam
957 416 1113 479 ecclesiam
1137 417 1317 479 conditariam
1358 415 1396 479 llt
1415 432 1574 497 quamn

199 519 377 587 ecclesiaml
398 522 476 585 illam
497 524 590 604 ipsam
611 523 657 585 lV.
679 542 695 586 a
716 540 773 604 qna
794 531 990 605 protestantes
1010 524 1242 606 rebellaverant,
1268 526 1299 587 in
1320 542 1377 606 qua
1399 523 1518 587 inerant
1533 523 1577 586 la-

200 650 287 696 vacro
308 633 542 714 regenerationis
563 631 665 709 abluti,
694 634 776 696 cuius
796 637 934 697 maternis
962 635 1040 697 curis
1060 651 1170 698 nomen
1190 633 1304 698 Christo
1324 634 1531 714 idumeum,
1559 653 1577 696 a

199 760 255 824 qua
276 741 377 823 biblia,
406 750 564 824 ceteraque
585 743 806 806 christianorum
827 744 903 807 bona
923 752 1113 825 acceperant,
1142 762 1218 827 quae
1245 751 1311 806 ante
1339 742 1426 806 fatale
1447 742 1577 805 schisma

199 849 304 915 faciem
331 851 501 933 vultumque
522 870 611 915 verae
632 853 777 916 ecclesiae
801 862 891 917 unice
917 853 1077 933 referebat,
1104 854 1198 935 iisque
1225 853 1381 916 ornabatur
1402 851 1576 934 insignibm,

199 978 275 1042 quae
297 960 334 1023 ad
354 960 516 1023 taciendam
537 960 640 1042 tidem,
662 969 921 1046 auctoritatemque
942 963 1151 1026 conciliandam
1173 961 1294 1027 mhihce
1314 962 1477 1024 conserunt
1521 960 1576 1024 0r·

198 1070 321 1132 nabatur
343 1070 420 1131 enim
442 1076 635 1150 antmuuate,
657 1070 836 1148 marchia,
856 1079 981 1148 nauata,
1004 1068 1206 1134 membrorum
1226 1078 1431 1147 mmmmm,
1451 1076 1572 1133 minar-

197 1176 334 1242 ralitata:
362 1178 520 1242 ornabalur
548 1178 708 1259 madore
727 1189 901 1245 sanctitatis
924 1189 954 1243 et
973 1182 1147 1244 doctrinm:
1173 1179 1330 1243 ornabatur
1356 1198 1446 1261 quum
1470 1180 1573 1244 unua

197 1288 328 1351 tamma
339 1289 609 1369 mutodiendacquc
618 1298 795 1370 primoecce
809 1291 991 1366 traditionis,
1014 1299 1074 1353 tum
1096 1291 1163 1353 odia
1178 1296 1211 1353 in
1230 1288 1384 1372 profanus
1404 1296 1575 1352 machmas.-

200 1414 302 1461 eorum
319 1398 447 1479 denique
464 1419 667 1478 supernorum
680 1397 900 1464 charismatum
909 1398 1003 1482 fama
1019 1399 1239 1478 innotescebat,
1262 1418 1338 1481 quae
1359 1418 1449 1481 quum
1466 1399 1575 1462 abesse

200 1527 216 1571 a
238 1526 309 1571 vera
330 1507 434 1572 Christi
457 1509 583 1572 ecclesia
604 1510 810 1591 nonpossint,
833 1509 902 1572 nulli
923 1517 1019 1572 tamen
1039 1508 1122 1572 alteri
1144 1511 1240 1572 coeuri
1261 1509 1511 1573 adscribebantur.

303 1618 582 1701 Opportunissimum
604 1620 722 1701 insuper
743 1618 828 1681 hient
856 1619 890 1679 V.
914 1618 1070 1682 ecclesiam
1091 1617 1263 1682 catholicam
1286 1621 1482 1700 secumipsam
1503 1635 1574 1680 con·

198 1728 329 1807 tendere,
350 1729 473 1809 eiusque
493 1736 596 1792 statum
617 1727 873 1808 conditionemque
893 1726 1013 1790 saeculo
1031 1727 1107 1790 xlx.
1129 1746 1195 1791 cum
1218 1744 1256 1790 eo
1276 1734 1360 1808 statu,
1385 1745 1481 1808 eaque
1503 1745 1574 1789 con·

198 1839 305 1902 ditione
331 1856 517 1921 comparare,
546 1840 576 1901 in
602 1856 658 1919 qua
685 1837 811 1900 saeculis
832 1838 878 1900 tv.
902 1838 936 1899 V.
965 1845 995 1899 et
1016 1837 1062 1899 Vl
1084 1845 1230 1901 versatam
1253 1837 1344 1900 iniisse
1366 1839 1572 1918 cognovimus

112 1942 114 1946 ¹
196 1948 333 2027 Quinum,
366 1964 492 2030 quaeso,
525 1947 644 2010 saeculo
671 1946 717 2008 Ν.
744 1953 912 2009 trinitatem
940 1944 1231 2009 consubstantialem
1259 1943 1487 2028 profitebantur?
1520 1945 1576 2009 sali

194 2058 409 2138 propemodum
434 2048 583 2133 catholici,
617 2073 705 2137 quum
728 2057 899 2118 innumerae
924 2054 1140 2119 baereticorum
1168 2063 1268 2119 sectae
1296 2055 1394 2117 eidem
1423 2055 1576 2118 doctrinae

197 2165 431 2231 adversarentur.
474 2165 517 2228 llli
538 2166 615 2228 enim
636 2158 803 2248 supremum
823 2165 984 2228 indixerant
1004 2163 1113 2227 bellum
1132 2166 1289 2246 praxeani,
1310 2166 1454 2243 uoedani,
1477 2162 1576 2227 sabel·

196 2274 282 2355 bani,
303 2275 506 2356 paulianistae,
528 2275 634 2354 amani,
656 2277 820 2337 amanomm
841 2275 970 2356 pessimi,
993 2277 1138 2357 anomoei,
1160 2274 1370 2353 macedoniani,
1393 2281 1424 2336 et
1444 2274 1496 2354 qui
1517 2273 1575 2335 iam

198 2400 374 2463 proserpere
395 2383 576 2462 videbantur,
598 2384 750 2448 tritheitae.
793 2384 925 2449 Saeculis
945 2391 1042 2448 autem
1058 2384 1092 2447 ll.
1108 2391 1138 2446 et
1149 2383 1195 2446 lll.
1217 2384 1334 2464 quinam
1353 2401 1453 2445 veram
1476 2383 1575 2445 muce-

200 2510 322 2573 namque
350 2491 438 2554 tidem
466 2493 502 2555 de
530 2492 645 2556 Christo
671 2491 898 2576 circularium,
925 2496 1049 2574 eiusque
1074 2495 1104 2556 in
1130 2499 1266 2573 suscepta
1293 2510 1382 2555 carne
1408 2492 1577 2572 οὶκονομΙᾳ

199 2598 368 2665 retinuere?
396 2600 499 2664 eadem
521 2605 675 2683 responsio
697 2611 758 2682 est,
786 2603 984 2667 sinceritatem
1007 2602 1075 2665 lidei
1095 2601 1169 2683 apud
1192 2600 1273 2665 solos
1294 2599 1388 2663 terme
1411 2599 1573 2663 catholicos

199 2711 397 2790 remansisse,
430 2729 516 2792 qnam
537 2713 698 2775 coniunctis
723 2711 832 2775 viribus
853 2712 1044 2776 acerbissime
1064 2710 1240 2792 impetebant
1267 2709 1400 2773 asseclae
1425 2709 1575 2774 Theodori

198 2821 409 2900 mopuresum,
432 2828 462 2882 et
482 2818 601 2883 Diodori
621 2823 778 2900 tarsensis,
806 2828 865 2883 tum
884 2820 1036 2883 Nestorius
1058 2827 1088 2882 et
1107 2820 1281 2899 nestoriani,
1301 2817 1465 2901 Eutyches,
1491 2826 1573 2901 euty-
1634 2808 1635 2815 '

197 2927 424 3010 oblatorumque
452 2929 564 2993 divisae
590 2931 665 2992 inter
694 2948 727 2991 se
757 2928 1006 3012 digladiantesque
1027 2928 1183 3008 sactiones,
1211 2927 1419 2991 monothelitae
1443 2928 1572 3005 landem
1634 2970 1635 2987 .

198 3037 507 3118 mmotbetttaramqne
529 3046 628 3100 sectae
648 3047 707 3101 tam
725 3039 781 3101 sibi
803 3040 942 3117 invicem,
963 3056 1048 3120 quam
1069 3012 1220 3101 catholicis
1241 3037 1467 3101 intensissimus.
1501 3038 1573 3101 Sunt

198 3165 236 3208 nc
256 3150 387 3209 unvero
409 3166 427 3208 e
448 3147 687 3227 protestantibus,
713 3150 762 3228 qui
791 3168 829 3210 ex
856 3147 1003 3210 hostilium
1024 3156 1169 3211 sectarum
1191 3146 1274 3208 turba
1302 3145 1445 3227 colligere
1467 3147 1572 3223 ausint,

197 3264 300 3338 quarto
318 3258 565 3338 coruequutisque
584 3256 709 3319 saeculis
730 3255 876 3319 ecclesiae
891 3255 1051 3319 catholicae
1065 3275 1199 3320 caussam
1222 3257 1316 3318 minus
1337 3254 1428 3318 hrisse
1450 3263 1571 3331 catana
1634 3320 1635 3347 ,

197 3368 352 3446 minusque
380 3362 583 3446 exploratam?
611 3366 727 3427 viderer
748 3364 817 3427 mihi
836 3366 955 3428 iniurius
977 3368 1005 3428 in
1027 3384 1080 3428 eos
1102 3384 1187 3443 esse,
1221 3367 1246 3427 si
1267 3364 1343 3428 banc
1364 3363 1420 3427 allis
1441 3372 1572 3428 mentem

197 3475 462 3556 cogitationemque
490 3474 657 3536 tribuerem.
700 3475 797 3548 Quare
825 3477 934 3553 sinant,
964 3484 994 3537 ut
1021 3475 1097 3556 quod
1120 3492 1186 3536 cum
1207 3473 1252 3536 bis
1280 3482 1377 3555 aptum
1400 3490 1570 3554 nexumque

197 3592 251 3664 est,
273 3584 424 3647 inferendo
445 3583 602 3645 deducam:
623 3583 714 3645 videri
737 3585 865 3664 iniquum
887 3598 946 3644 non
967 3583 1087 3661 debere,
1109 3585 1134 3645 si
1155 3581 1290 3645 iudicium
1312 3582 1389 3644 idem
1412 3581 1458 3643 vel
1480 3580 1570 3644 simil·

197 3692 296 3756 limum
318 3694 355 3755 de
378 3712 412 3755 ea
437 3710 538 3754 caussa
559 3694 780 3774 pronunciatur,
808 3710 893 3773 quam
922 3692 1054 3754 catholici
1083 3712 1140 3771 pra
1158 3697 1293 3770 manate
1324 3690 1361 3753 ab
1382 3690 1494 3771 aliquot
1514 3692 1570 3752 iam

197 3802 323 3866 saeculis
345 3802 484 3864 adversus
505 3807 698 3882 protestantes
720 3800 886 3863 detendunt.

302 3910 434 3991 lienique
461 3909 507 3971 Vl.
528 3906 559 3971 ut
585 3909 766 3983 lutheranus,
795 3909 1024 3991 anglicanosque
1052 3912 1219 3974 nominatim
1249 3909 1439 3991 compellem,
1463 3916 1570 3972 norunt

197 4040 235 4083 ne
256 4022 310 4101 ipsi
332 4017 378 4080 vel
393 4020 536 4098 ignorant,
558 4026 655 4082 sectas
669 4019 825 4100 plerasque
845 4036 948 4082 omnes
969 4037 1027 4082 non
1049 4023 1142 4102 magis
1156 4019 1232 4081 Petri
1254 4018 1458 4098 apoaruciuu,
1480 4036 1567 4098 quana

196 4131 400 4211 episcoporum
421 4126 597 4208 ὑπεροχήν,
627 4130 835 4210 veritatemque
862 4128 997 4190 dominici
1024 4132 1156 4211 corporis
1184 4131 1213 4190 in
1235 4128 1415 4190 Eucharistia
1436 4126 1568 4208 adgredi,

196 4247 225 4302 et
252 4255 310 4320 quo
338 4236 539 4299 vehementius
568 4244 700 4317 possunt,
728 4234 893 4317 impeteret
922 4237 1068 4299 doctiores
1097 4246 1163 4299 sunt
1190 4255 1276 4318 quam
1305 4243 1335 4299 ut
1362 4256 1398 4298 ea
1423 4237 1569 4319 ignorent,

197 4366 271 4429 quae
297 4348 326 4409 in
352 4344 557 4427 vulgatissimis
585 4347 848 4409 controversiarum
873 4345 953 4408 libris
980 4345 1228 4409 circumferuntur.
1271 4345 1318 4408 An
1338 4353 1494 4427 propterea
1524 4343 1570 4407 vel

194 4457 321 4518 hostium
342 4472 465 4518 numero
492 4455 689 4534 deterrentur,
721 4454 768 4519 vel
790 4455 827 4517 de
848 4454 976 4518 bonitate
998 4474 1120 4519 caussae
1149 4454 1293 4533 diffidunt,
1321 4455 1370 4517 vel
1398 4455 1435 4517 de
1456 4454 1567 4537 perspi·

196 4565 301 4627 coitate
321 4563 451 4626 dubitant
470 4566 742 4642 instrumentorum,
771 4565 875 4646 quibus
894 4572 1037 4647 pugnant,
1067 4565 1181 4646 sibique
1201 4564 1351 4626 victoriam
1373 4558 1568 4645 pollicentur?

195 4676 284 4737 immo
306 4676 434 4756 ingenuo
456 4674 624 4755 liberalique
645 4674 759 4739 fastidio
780 4674 899 4737 technas
920 4674 1113 4756 strophasque
1127 4678 1154 4709 ⁵³
1179 4673 1412 4736 adversariorum
1434 4673 1564 4751 irrident,

258 4856 303 4931 ⁵⁸)
329 4857 418 4930 ltaque
445 4856 550 4913 mollius
575 4857 664 4930 excipi
690 4855 789 4912 debent
808 4871 854 4911 ca·
901 4855 973 4911 urio
998 4855 1157 4911 refellendos
1185 4855 1321 4912 existimet
1350 4854 1561 4925 matitunum,

196 4963 340 5025 villttores.
387 4964 517 5020 illenim
543 4962 665 5037 exemplo
691 4968 766 5037 utar,
793 4962 852 5034 quis
900 4962 946 5035 qui
964 4959 1047 5017 verba
1068 4961 1204 5037 Stephani,
1226 4962 1286 5019 act
1308 4959 1364 5019 vu.
1387 4960 1441 5017 ὅθι
1475 4950 1564 5040 thu
