3324 5382
198 256 260 323 idi
685 258 819 325 utum
857 258 1092 326 susumus

196 424 384 494 ἀποστόλων
401 428 563 510 alandalus,
588 426 635 505 nic
655 424 698 494 ἄν
715 428 999 514 ὑπσσῐηριχθσῖσισ
1015 426 1079 492 ὑπὸ
1099 429 1157 493 τοῦ
1171 427 1311 511 Hddoot't,
1331 423 1415 495 ullo?
1435 430 1490 494 uui
1512 430 1587 512 napi
1652 454 1653 471 ¹

197 534 325 604 πάντων
344 541 408 604 τῶν
427 534 508 619 ἄχρι
528 540 581 616 τῆς
608 539 785 615 συντελείας
812 541 869 604 τοῦ
892 542 1010 614 αἰῶνος
1040 540 1167 602 πιστῶν.
1211 534 1333 621 Rapaci
1361 541 1466 621 igitur,
1503 540 1587 615 diunt,

76 732 80 739 ι
196 657 233 711 nt
253 669 314 712 non
334 647 459 730 deficiat
475 647 558 730 fides
578 657 642 712 tna.
678 648 818 723 Quamvis
840 651 918 714 enim
937 649 1022 712 brevi
1039 656 1175 730 tempore
1189 649 1402 713 uonmtiandm
1415 652 1467 729 a'u,
1489 650 1588 715 habes

195 766 295 822 tamen
315 757 468 822 recondita
489 759 603 821 semina
623 758 708 837 fidei,
729 767 762 822 nt
782 761 918 824 etiamsi
938 758 1008 822 tolia
1029 757 1171 821 abiecerit
1189 760 1309 840 spiritua
1328 759 1512 839 invadentis,
1540 779 1589 823 ra-

196 867 246 932 dix
265 875 365 932 tamen
386 869 473 948 vivet,
496 875 526 931 et
545 885 605 932 non
627 867 743 932 deliciet
764 869 838 932 tides
859 876 918 933 tna.
958 865 1008 930 lia
1028 888 1100 930 aero
1113 888 1281 931 ammaus
1296 868 1445 950 confimo
1455 869 1588 954 fratrea

196 985 275 1039 tuae.
312 976 417 1041 Planus
430 975 541 1055 horum⁴
555 977 722 1042 intellectus
742 980 769 1041 is
790 986 849 1042 est:
871 980 938 1062 quia
958 987 989 1042 te
1010 978 1107 1042 habeo
1127 984 1161 1041 ut
1178 979 1340 1061 pinmperu
1361 978 1590 1061 discipulorum,

195 1095 349 1171 nonquam
371 1094 480 1169 negato
502 1107 551 1151 me
575 1087 702 1167 deveris,
723 1096 753 1152 et
773 1088 811 1152 ad
830 1083 1039 1171 poenitentiam
1056 1088 1182 1167 veneris,
1205 1086 1345 1151 contirnm
1359 1096 1490 1152 ceteros.
1522 1089 1589 1153 lloo

195 1199 274 1261 enim
296 1204 325 1260 te
348 1196 443 1278 decet,
466 1198 515 1279 qui
537 1205 604 1280 post
624 1217 673 1261 me
693 1198 840 1262 ecclesiae
861 1206 943 1280 petra
965 1216 999 1262 aa
1020 1206 1052 1261 ot
1070 1198 1294 1261 firmamentum.
1331 1197 1515 1263 lntellexerit
1537 1217 1590 1263 au·
1652 1224 1653 1227 ¹

195 1313 255 1370 tem
276 1308 341 1388 quis
362 1325 422 1369 non
443 1307 537 1371 solum
559 1307 597 1371 de
620 1306 761 1389 apostolis
783 1307 890 1370 dictum
913 1308 991 1390 quad
1013 1307 1174 1371 mnfirmati
1190 1306 1300 1370 inerint
1319 1307 1446 1388 al'ano,
1469 1307 1529 1372 aed
1549 1307 1590 1372 da

194 1415 329 1479 omnibus
349 1417 399 1498 qui
420 1434 516 1498 usque
537 1416 576 1480 ad
595 1418 878 1481 consummationem
899 1417 1010 1481 saeearli
1031 1416 1119 1480 futuri
1139 1423 1206 1481 sunt
1224 1416 1357 1480 tideles.“

300 1525 432 1589 Christus
454 1527 543 1610 igitur
569 1526 591 1589 l.
615 1547 632 1590 a
653 1526 775 1608 reliquis
794 1526 911 1590 Petrum
931 1514 1087 1590 secrevit!
1100 1527 1133 1589 ll
1156 1526 1337 1609 mollimen
1371 1525 1449 1591 illius
1479 1545 1587 1592 curam
1652 1560 1653 1605 a

193 1637 302 1719 gessit:
324 1636 405 1699 illum
426 1636 473 1699 lll.
495 1637 634 1699 immotae
654 1635 722 1700 tidei
745 1636 921 1701 charismate
942 1636 1037 1700 auxit:
1059 1636 1100 1699 illl
1120 1636 1168 1699 lv.
1190 1642 1358 1699 ceterorum
1376 1636 1512 1700 omninm
1527 1645 1588 1701 tam
1652 1632 1653 1649 ¹

193 1745 393 1827 apostolorum
416 1763 503 1827 quam
523 1745 667 1828 fidolium,
703 1753 761 1809 tam
790 1753 939 1828 paamrurn
959 1765 1046 1828 quam
1069 1747 1168 1810 ovium
1189 1744 1437 1815 stabilitatemac
1459 1747 1491 1810 in
1514 1766 1588 1810 vera

192 1853 250 1918 fida
271 1855 462 1918 constantiam
484 1838 644 1919 commisit‘:
662 1856 741 1920 unda
763 1857 798 1919 V.
821 1856 898 1920 illius
919 1858 1091 1939 magisterio
1113 1874 1149 1919 ao
1169 1856 1332 1920 auctoritati
1350 1854 1484 1938 reliquos
1498 1875 1586 1939 pror·

192 1982 244 2029 nas
264 1983 371 2029 omnes
390 1965 523 2029 subiecit
567 1965 641 2040 Quid
672 1966 729 2029 iam
756 1974 912 2048 propterea
943 1966 1177 2030 concludendum
1205 1963 1273 2030 esti
1307 1964 1387 2048 qnod
1408 1984 1501 2031 nemo
1524 1986 1585 2031 non

193 2076 302 2153 cernit,
335 2074 474 2157 quodque
495 2092 599 2138 omnes
620 2082 810 2157 contuentur,
831 2073 1040 2139 munemne
1059 2074 1145 2140 liam
1162 2081 1400 2160 praeropatteae
1421 2084 1585 2152 emumert,

192 2191 222 2247 et
244 2191 381 2248 enaortta
402 2185 566 2249 cuiusdam
585 2193 781 2250 auctoritatis
800 2192 967 2266 pronatum
989 2183 1173 2269 atpntficam.
1652 2186 1653 2251 l

692 2600 928 2697 annun
978 2601 1078 2696 run
1151 2716 1156 2728 „

511 2795 561 2859 De
580 2803 702 2861 ninam
719 2802 876 2877 participii
895 2801 1086 2880 ἐπιστρέψας
1115 2794 1358 2881 aipnifieatione:
1380 2834 1423 2845 —
1447 2817 1582 2860 commu

402 2914 472 2971 ntor
492 2912 718 2986 interpretatio.-
732 2944 774 2955 —
788 2929 868 2987 auae
888 2905 935 2970 illi
955 2906 1173 2993 resrapentur:
1188 2945 1229 2955 —-
1244 2928 1287 2970 en
1311 2906 1417 2969 ordine
1434 2928 1581 2986 promun-

404 3025 472 3080 tur.-
489 3056 524 3066 -
542 3037 668 3097 cumpace
696 3024 899 3097 acceptionem
920 3014 1047 3098 probari
1065 3038 1127 3081 noo
1144 3038 1237 3097 ponae
1259 3014 1430 3101 collipitur:
1444 3055 1486 3065 -
1502 3038 1582 3097 quac
1652 3024 1653 3119 l

402 3125 487 3190 uuas
508 3124 573 3190 locu
593 3123 798 3209 anteferenda
820 3133 880 3189 ait:
902 3164 943 3175 —
965 3127 1144 3205 adducitur,
1179 3148 1300 3206 usuque
1329 3124 1484 3205 loquendi,
1526 3126 1580 3190 ad·
1652 3148 1653 3167 ¹

404 3244 576 3317 iaancttapue
605 3243 755 3300 remonte
787 3244 1006 3300 communitur:
1036 3275 1074 3285 -
1104 3236 1242 3300 incidens
1264 3232 1406 3299 obtectio:
1427 3271 1466 3281 -
1488 3256 1582 3316 expe-

406 3347 506 3426 ditur,
540 3346 682 3426 dictaque
703 3344 947 3428 confirmantur:
975 3384 1016 3395 -
1045 3345 1145 3410 altera
1173 3347 1274 3410 eodem
1304 3353 1461 3424 pertinens
1489 3366 1581 3408 enar-

402 3464 498 3520 ratio:
513 3493 554 3505 -
569 3477 647 3535 quae
666 3453 753 3519 illam
773 3457 993 3521 commendent:
1014 3494 1056 3505 —
1075 3456 1129 3519 aba·
1149 3463 1261 3536 paucis
1285 3455 1323 3517 de
1342 3453 1471 3518 lectionae
1496 3462 1582 3519 onm-

404 3575 492 3648 ante,
528 3566 582 3631 nui
604 3558 643 3629 od
665 3567 870 3651 ἑπέστρεψονι
890 3602 931 3614 —
951 3573 1003 3646 put
1023 3563 1079 3628 ttae
1101 3572 1134 3628 in
1154 3572 1304 3629 contemtu
1324 3562 1463 3651 ἀδελφοὶ
1484 3570 1580 3629 nomi

404 3684 534 3740 nentur:
553 3713 595 3726 ·-
613 3674 646 3739 tu
665 3685 739 3740 aunt
760 3674 905 3757 apostoli:
929 3712 970 3724 --
992 3676 1029 3738 de
1049 3681 1228 3754 imperatioo
1248 3672 1412 3754 στήριξονε
1425 3711 1467 3721 -
1481 3674 1580 3755 deque

404 3787 553 3876 dipnitote
579 3794 834 3867 auctoritatisque
859 3791 1054 3866 praestantia
1074 3804 1136 3864 qua
1156 3805 1238 3847 unua
1256 3804 1333 3863 prae
1353 3780 1494 3847 omnibus
1519 3782 1578 3847 Pe·
1652 3796 1653 3865 j

406 3908 475 3963 trun
496 3896 652 3961 excelluit.

301 4155 370 4213 189.
406 4098 584 4231 sepositam
605 4146 702 4233 paullo
723 4148 879 4230 superins¹
906 4145 1076 4230 indaginem
1098 4145 1136 4210 de
1153 4162 1226 4211 vera
1243 4145 1419 4228 sinceraque
1437 4143 1580 4227 partidpii

191 4265 382 4340 ἐπιστρέψας
403 4258 626 4342 significatione,
649 4258 678 4321 in
700 4258 865 4341 praesentia
887 4256 1057 4343 adgredior,
1078 4275 1139 4321 nou
1160 4254 1238 4337 quod
1259 4254 1339 4319 illam
1360 4253 1477 4318 tuendis
1498 4272 1579 4318 assu·

192 4370 352 4452 rendisque
370 4368 447 4433 Petri
467 4370 648 4433 ornamentis
668 4368 870 4431 neeessariam
889 4365 1030 4431 arbitrer:
1058 4366 1134 4430 haec
1154 4366 1234 4437 enim
1255 4365 1311 4429 sini
1332 4362 1487 4447 praeclare
1507 4381 1577 4426 con

191 4488 269 4545 stam
286 4496 491 4562 manuumque
510 4476 629 4542 tandem
651 4476 784 4543 eiusdem
810 4477 944 4558 aoueptio
972 4474 1170 4559 praetoremn
1205 4473 1260 4539 sed
1292 4473 1371 4556 quud
1399 4490 1481 4536 ere
1510 4489 1577 4537 esse
1652 4460 1653 4471 ³

193 4598 308 4674 putem,
342 4589 480 4672 agitatam
500 4606 519 4651 a
539 4587 670 4668 plurimis
691 4587 924 4650 oonuovarsiam
943 4604 1004 4649 non
1029 4586 1148 4648 omnino
1176 4584 1356 4667 praeterire,
1393 4580 1575 4645 difficultates

193 4717 266 4764 vero
288 4700 314 4763 si
336 4716 411 4781 quae
432 4696 612 4779 complanari
631 4697 761 4779 possint,
791 4693 919 4778 uiuere,
948 4696 1178 4778 ventatemque,
1202 4694 1333 4759 disiectis
1353 4692 1501 4771 unabris,
1522 4708 1574 4756 sna

193 4810 224 4872 in
243 4808 325 4888 luce,
348 4825 462 4889 suoque
481 4807 511 4869 in
532 4804 691 4888 splendore
713 4804 870 4870 collocare.

257 5001 285 5077 ¹)
304 5017 330 5058 n.
352 4997 418 5057 188.
