3258 5400
553 282 556 291 “
591 287 735 355 CAPUT
777 289 866 355 XIII.
1350 295 1409 355 121
1474 294 1478 303 ’

72 466 136 524 matu
151 457 184 522 illi
199 455 356 521 universim
378 454 475 520 delato
488 454 578 520 nelos
603 457 639 521 sit
660 456 799 522 dubitare.
841 457 915 521 Aliis
937 464 1048 539 autem,
1076 456 1239 541 iisdemque
1259 458 1412 526 luculentis

74 573 254 653 Scriptunrum
274 568 447 630 testimoniis
467 573 587 647 condat,
608 568 759 649 primatum
773 567 848 630 Petri
871 569 976 631 enlmia
997 568 1131 650 quadm,
1151 571 1412 652 praestantiorIque

70 681 212 744 anctoritate
236 680 387 741 contineri.
431 676 473 739 Eo
494 677 582 758 igitur
609 679 750 757 ἐμμέσως
770 677 896 757 pertinet
916 676 1160 760 evangelistarum
1182 678 1329 743 scribendi
1350 697 1413 742 mo-

66 790 122 868 dus,
145 796 173 851 ut
194 788 295 852 Petrus
322 789 446 870 primatu
471 786 593 868 insignis
618 785 739 867 potioris
766 788 942 850 auctoritatis
970 785 1143 849 declaretur.
1186 787 1270 862 Quod
1295 789 1413 870 quidem

61 899 141 982 paulo
160 916 254 977 secus,
276 915 373 978 neque
394 896 498 958 minori
519 903 616 959 tamen
634 896 837 977 perspicuitate
851 896 1022 979 persuaderi
1043 897 1086 959 sic
1107 904 1211 980 potest.
1253 898 1310 960 Vix
1330 898 1413 979 quid-

59 1009 122 1091 piam
141 1008 270 1089 reperire
292 1007 360 1070 licet
375 1006 585 1088 Scripturarum
605 1006 778 1068 testimoniis
792 1006 905 1087 plenius
922 1006 1130 1087 consumatum,
1154 1025 1239 1088 quam
1255 1007 1412 1089 titulorum,

59 1119 193 1201 inaanue
219 1135 344 1199 ponrpae
360 1119 383 1149 ¹¹
414 1116 649 1198 praerogatiuas,
680 1121 710 1178 et
731 1134 747 1178 a
769 1115 873 1179 Christi
894 1117 1043 1194 institutis,
1075 1123 1105 1180 et
1124 1114 1163 1181 ab
1185 1137 1220 1179 eo
1240 1115 1334 1185 retati
1354 1124 1414 1197 spt-

57 1235 110 1291 ritu
134 1228 302 1311 longissime
329 1226 505 1305 abhorrere,
533 1225 583 1306 qui
610 1224 796 1307 evangelium
826 1225 958 1306 pervadit
984 1245 1018 1289 ac
1037 1226 1247 1309 propemodum
1269 1226 1413 1291 iniormat.

27 1420 32 1433 ι
58 1338 107 1401 Sed
119 1339 199 1402 Petro
216 1337 399 1401 tribuendum
416 1354 484 1398 esse
505 1332 674 1414 ὑπεροχήν,
696 1352 752 1414 qua
773 1337 850 1398 inter
870 1342 987 1399 ceteros
1008 1335 1156 1420 apostolos
1175 1338 1339 1417 eminuerit,
1361 1355 1414 1400 aua

56 1448 200 1526 scribendi,
234 1445 432 1528 loquendique
460 1446 573 1508 ratione
606 1443 807 1526 euangelistae
834 1444 1006 1526 significant.
1049 1445 1143 1519 Ouum
1171 1464 1245 1529 ergo
1272 1435 1414 1526 ὑπεροχὴ

56 1560 157 1621 censeri
176 1564 305 1640 nequeat
324 1555 484 1635 titulorum,
506 1554 632 1635 nudique
653 1553 787 1634 honoris,
809 1552 953 1636 rellquum
974 1563 1033 1636 est,
1059 1563 1090 1619 ut
1111 1548 1253 1634 ὑπεροχὴ
1275 1558 1413 1637 muneris,

53 1666 142 1747 officii,
167 1667 348 1751 potiorisque
378 1665 555 1728 auctoritatis
582 1664 771 1727 existimetur.
814 1663 878 1737 Ouo
899 1664 988 1727 etiarn
1009 1671 1121 1747 spectat
1141 1665 1197 1728 τοῦ
1216 1663 1344 1745 πρώτου
1364 1684 1414 1748 ap-

52 1777 154 1858 pellatio
174 1777 263 1840 Petro
276 1776 367 1840 'iacta
409 1774 451 1839 Ea
473 1777 550 1838 enlm
573 1775 731 1855 accipiatur
752 1779 881 1855 oportet,
904 1772 952 1836 vel
973 1774 1185 1857 significatione
1206 1772 1345 1850 ordinnlt,
1366 1776 1415 1839 vel

53 1886 250 1968 signiticatIone
282 1883 422 1960 dennis,
455 1886 503 1948 vet
534 1883 747 1968 significatione
776 1888 903 1944 maioris
936 1890 1147 1960 auctoritatis,
1180 1891 1416 1968 insipntmirque

54 1992 241 2072 1ξυυσ1ας.
286 1996 345 2062 Sed
365 1997 445 2079 prior
465 2003 552 2077 atque
567 1994 658 2058 altera
672 1989 845 2074 significatio
860 1991 1015 2074 improbari
1032 1996 1057 2026 ¹¹
1082 1992 1177 2056 debet
1221 1995 1318 2059 uenia
1340 2015 1414 2079 ergo

53 2113 142 2186 restat,
170 2123 248 2187 quae
276 2104 430 2186 probetur,
459 2111 488 2168 et
517 2122 572 2187 qua
599 2103 701 2167 Petrus
727 2101 820 2164 dictus
850 2102 959 2165 idcirco
986 2104 1110 2183 πρῶτος
1139 2111 1306 2185 censeatur,
1336 2105 1414 2187 quod

52 2214 174 2296 apostolis
197 2215 307 2278 ceteris
329 2216 499 2278 auctoritate
521 2221 551 2275 et
570 2208 697 2293 ἐξουσίᾳ
717 2210 919 2293 praecelleret
1014 2278 1016 2289 ,

145 2329 212 2387 142.
258 2321 397 2385 abnuam
410 2324 435 2356 ¹³
463 2327 675 2405 protestantes,
701 2319 1009 2403 confirmationemque
1034 2322 1173 2404 primatus
1198 2341 1236 2386 ex
1263 2323 1414 2407 evangeli·

51 2440 146 2496 starum
167 2431 316 2496 scribendi
337 2433 450 2495 raticme
471 2431 641 2510 deductam,
668 2428 736 2493 indo
757 2429 959 2493 vehementius
981 2439 1164 2514 oppugnant,
1192 2433 1270 2515 quod
1292 2434 1356 2498 talis
1378 2454 1414 2499 ea

49 2543 91 2619 sit,
120 2562 137 2606 e
165 2561 223 2625 qua
253 2541 362 2604 nullum
387 2540 463 2604 Petri
485 2547 702 2618 ornamentum,
727 2532 871 2618 ὑπεροχή
893 2539 970 2603 nulla
996 2548 1062 2624 apte
1084 2541 1247 2625 colligatur.
1289 2543 1413 2627 Etenim,

49 2653 183 2733 inquirunt,
206 2650 282 2733 apud
304 2648 422 2712 Paulum
439 2653 463 2683 ¹¹
488 2648 630 2731 legimus:
671 2645 881 2711 Ἀσπάσασθε
902 2645 1121 2730 Ἀσύνκριτον,
1143 2649 1323 2734 Φλέγοντα,
1345 2652 1414 2735 Ἑρ-

49 2762 120 2840 μᾶν,
145 2759 342 2842 Πατρόβαν,
369 2756 500 2841 Ἑρμῆν,
526 2756 580 2821 καί
599 2749 672 2831 τους
694 2750 753 2820 otiu
772 2755 880 2833 αὐτοῖς
906 2753 1083 2844 α’δολφούς.
1108 2758 1415 2828 scamandrenus

50 2868 134 2950 λογον
155 2871 209 2934 καὶ
230 2867 382 2944 Ἰουλίαν,
405 2864 516 2948 Νηρέα
538 2868 591 2931 καὶ
612 2865 666 2943 τήν
685 2863 829 2949 ἀδελφήν
847 2863 962 2944 αὑτοῦ,
989 2869 1042 2931 καὶ
1062 2865 1239 2951 Ὀλυμπᾶν,
1268 2870 1320 2933 καὶ
1341 2871 1414 2946 τούς

48 2972 98 3042 συν
121 2977 232 3054 αὐτοῖς
260 2976 379 3052 πάντας
400 2973 518 3059 ἁγίους.
560 2976 699 3060 Legimus
721 2977 798 3059 apud
817 2976 925 3039 Lucam
943 2980 986 3038 ¹¹:
1017 2967 1096 3054 ἦσαν
1115 2975 1152 3042 di
1179 2976 1198 3055 ai
1220 2975 1414 3059 Μαγδαλονή

50 3090 171 3168 Μυσία,
194 3089 249 3152 καὶ
269 3083 417 3163 Ἰωαννα,
439 3086 491 3149 καὶ
510 3087 625 3166 Μαρία
639 3084 810 3167 Ἰακώβου,
839 3086 892 3150 καὶ
912 3087 944 3148 αἱ
965 3085 1071 3150 λοιπαὶ
1093 3080 1152 3150 οὐν
1172 3085 1292 3164 αὐταῖς.
1335 3089 1371 3153 Et
1387 3092 1412 3123 ¹¹

48 3200 182 3263 brAclis:
213 3199 243 3259 ei
268 3196 328 3277 pta
352 3186 410 3259 οὖν
430 3192 608 3277 Δημήτριος
635 3197 687 3260 καὶ
715 3198 745 3259 oi
772 3190 832 3259 oda
855 3192 943 3278 αὐτῷ
965 3203 1108 3273 τεχνῖται.
1151 3196 1221 3271 oais
1242 3215 1331 3280 porro
1356 3217 1415 3262 non

47 3311 138 3389 cernit,
157 3308 282 3391 phrases
303 3305 357 3369 bas
382 3324 459 3385 esse,
482 3305 679 3389 formulasque
701 3304 817 3369 dicendi
838 3306 872 3367 iis
893 3305 979 3388 plane
1004 3307 1147 3388 gemines,
1170 3305 1274 3388 quibus
1291 3310 1316 3341 ¹¹
1339 3307 1417 3373 Petri

45 3420 188 3499 primatum
217 3423 346 3480 statuere
373 3413 628 3479 adlaboravimusl
656 3418 731 3480 siout
760 3432 849 3496 ergo,
877 3412 1019 3493 inierunt,
1048 3415 1177 3496 Ineptum
1205 3423 1284 3478 esset
1310 3436 1349 3480 ex
1369 3416 1416 3480 bis

48 3526 201 3606 deducere,
231 3522 448 3607 Aspneritum,
470 3522 683 3608 Phlegontem,
707 3520 872 3599 Hermam,
894 3520 1081 3602 Patrobnnr,
1093 3566 1181 3586 .....
1211 3523 1415 3598 Demetrium,

47 3641 144 3702 ceteris
165 3641 292 3721 primatu
312 3634 528 3714 antecelluisse,
550 3637 600 3716 qui
621 3635 784 3718 generatim
804 3633 898 3695 solum
919 3633 1059 3695 nominati
1079 3632 1246 3715 posthaberi
1267 3636 1416 3719 videntur3
1438 3636 1440 3640 '

47 3744 79 3807 ita
95 3747 188 3810 ἰοοοίσ
209 3745 312 3809 baberi
333 3743 483 3808 conclusio
508 3742 612 3824 debet,
635 3761 693 3825 qua
714 3762 731 3806 e
753 3742 893 3806 similibus
913 3741 1052 3824 loquendi
1073 3741 1204 3805 formulis
1225 3742 1302 3806 Petri
1323 3741 1416 3825 derep-

48 3851 103 3931 οχὴ
122 3855 274 3919 stabilitur.

107 4050 149 4126 ¹¹)
169 4068 214 4108 nn.
229 4051 277 4109 58.
290 4065 366 4124 seqq.
404 4049 458 4108 Ubi
478 4067 494 4107 e
514 4065 543 4105 re
564 4048 621 4105 lore
642 4063 704 4105 cen·
753 4063 816 4107 sana
831 4048 942 4121 quelque
962 4048 1082 4105 sanction
1102 4049 1263 4122 superiecere,
1284 4062 1321 4104 ou
1337 4048 1418 4118 jnris·

47 4169 105 4230 aco,
134 4173 201 4230 quae
229 4157 376 4213 Salmasius
406 4157 554 4228 secomipse
583 4169 704 4228 pugnans
753 4155 854 4212 diction
875 4169 940 4210 arec
960 4150 1127 4211 l’booaenr.¹‘

47 4262 121 4318 tradit
151 4263 323 4336 epistolarum
357 4262 403 4317 lib.
430 4262 450 4317 L
485 4262 563 4333 epist.
589 4259 703 4317 XXVII:
818 4260 860 4335 ¹²)
882 4276 924 4315 un.
949 4258 1014 4316 130.
1035 4273 1109 4332 seqq.

48 4365 102 4436 ,Ilo
124 4385 219 4441 ponaer
245 4368 317 4424 aussi
344 4384 394 4441 que
419 4372 487 4423 cette
515 4366 646 4438 primenti
671 4382 704 4421 ae
818 4364 860 4440 ¹³)
882 4364 922 4420 ct.
948 4380 1012 4436 pree
1038 4363 1135 4419 ceteris
1162 4363 1334 4421 Salomonem
1352 4364 1417 4423 bet-

49 4474 98 4527 soit
117 4480 189 4530 autre
205 4474 288 4529 cbose
308 4469 403 4546 qo'une
417 4471 562 4544 presdaoce
576 4477 604 4527 et
618 4466 704 4527 I'bon·
752 4469 873 4547 ilngium,
895 4468 1046 4527 Obseruatt
1067 4485 1217 4545 sacrarum,
1237 4469 1353 4527 Exercit
1369 4470 1415 4528 Vl.

51 4592 108 4632 usur
133 4573 223 4635 d'aller
249 4579 362 4649 derant,
389 4554 457 4633 c'est
481 4594 511 4633 se
532 4563 703 4648 m'dcompter.
755 4576 895 4633 observat.
916 4575 937 4631 l.

51 4677 83 4735 ba
97 4684 229 4756 pracIIque
244 4683 278 4739 de
290 4684 315 4739 11
330 4685 463 4757 primitive
475 4682 568 4754 Eglise
584 4688 626 4738 eat
641 4698 706 4738 con·
818 4681 861 4755 ¹⁴)
883 4681 958 4737 Rom.
978 4680 1049 4737 XVI.
1073 4678 1210 4736 14-1o.

52 4786 134 4860 tratre,
155 4784 214 4859 qu'il
229 4789 276 4859 lup
294 4786 308 4842 i
324 4795 466 4860 touepoora
486 4790 575 4845 donne
595 4784 705 4844 d'avan-
819 4786 861 4862 ¹¹)
881 4785 942 4842 Luc.
963 4784 1058 4842 XXIV.
1081 4784 1127 4841 10.

53 4892 124 4961 luga,
154 4897 182 4947 ct
209 4909 241 4949 ce
272 4899 328 4950 mot
352 4897 489 4968 primus
516 4911 549 4951 eu
578 4901 652 4952 toute
678 4894 704 4949 la
819 4893 844 4925 ¹¹
882 4889 1103 4947 1111111139.

53 4991 200 5054 ilierrrcbie
228 4998 426 5073 ecclesiaetIque
451 4997 493 5057 a'a
517 5000 616 5072 jamela
646 5000 705 5057 aare
820 4996 925 5071 ¹⁷)1111·
948 4993 1108 5065 ¹1⁷·10tltl·
