3266 5416
235 445 276 506 84
753 439 883 505 mauu
926 439 1091 507 rutatos

234 609 350 673 versiae
377 605 413 671 τὸ
439 610 622 691 κρινόμενον
649 609 767 672 tandem
795 609 884 673 redit:
913 609 1078 673 decreverit
1106 627 1144 671 ne
1172 608 1318 689 ChrIstus,
1345 615 1377 672 ut
1397 608 1517 671 divim
1535 607 1594 670 iliis
1622 686 1623 699 ἵ

236 719 383 782 missionis
404 736 439 781 ac
455 720 605 799 potestatis
617 722 648 799 ²,
670 736 756 799 quam
778 720 840 800 Ipse
862 739 878 782 a
900 719 985 782 Patre
1006 719 1128 800 accepit,
1151 735 1255 780 omnes
1276 737 1315 781 ex
1336 736 1434 800 aequo
1456 718 1594 801 participes

234 829 254 891 ii
282 827 392 909 forant,
420 845 494 910 quos
520 845 655 891 seorsum
679 846 696 889 a
723 826 844 909 reliquis
865 827 875 857 ³
906 827 1054 909 apostotos
1082 828 1270 908 nuncupavit3
1295 847 1332 890 an
1352 829 1450 911 potius
1473 829 1593 905 mmet

234 945 265 1001 ut
286 957 304 1001 e
326 937 480 1001 duodecim
501 955 588 1019 unus,
611 939 693 1019 isque
715 937 816 1002 Simon
836 937 977 1001 Iohannis
997 936 1081 1017 iilius,
1104 945 1134 1000 et
1156 936 1329 1018 appellativo
1352 937 1472 1019 Copiae
1494 937 1593 998 nonne

233 1048 371 1130 Insignis,
400 1048 506 1111 ceteris
527 1045 737 1129 anteferretur,
767 1048 803 1109 ds
823 1049 864 1110 uti
886 1056 972 1129 caput
991 1055 1158 1131 praeesset,
1180 1052 1267 1127 atque
1289 1064 1343 1109 eos
1364 1047 1442 1110 inter
1464 1054 1592 1127 umquam
1622 1098 1623 1111 ,

233 1155 408 1239 ἡγούμενος
429 1158 483 1220 καὶ
503 1158 677 1239 προστάτης
697 1160 708 1191 ⁴
729 1157 897 1221 baberetur.
939 1156 1052 1221 De'mde
1072 1174 1145 1221 vero
1168 1155 1283 1238 qtratem
1305 1175 1371 1243 epm
1391 1173 1464 1218 esse
1487 1157 1592 1218 auctori·
1622 1198 1623 1205 ι

233 1271 353 1329 tatam⁵
384 1265 523 1347 voluerit,
554 1286 610 1350 qua
635 1287 722 1332 smum
750 1288 820 1351 prae
841 1267 962 1349 reliquIs
983 1266 1111 1349 Cepbam
1132 1265 1272 1327 illustrem
1292 1264 1434 1346 reddidit,
1464 1282 1591 1347 quemque
1622 1310 1623 1343 3

233 1383 390 1458 propterea
411 1374 538 1457 Gepham
561 1379 644 1459 inter,
666 1388 842 1459 ceterosque
857 1375 1004 1459 apostolos
1021 1374 1280 1438 subordination&
1293 1372 1432 1438 babitans
1455 1374 1590 1437 induxerit

233 1485 351 1549 Paucis:
381 1483 491 1560 στάσις
512 1505 547 1550 ac
567 1489 703 1571 priuceps
725 1491 856 1570 qtuestio
877 1495 937 1568 cs,
966 1504 1004 1547 an
1026 1482 1154 1548 (Iristtrs
1175 1483 1296 1565 reliquis
1317 1484 1458 1567 apostolis
1483 1482 1590 1565 Cephen

233 1594 373 1679 dignitate
400 1600 616 1679 praeposuerit:
649 1599 703 1662 sed
729 1597 903 1683 κεφάλαιον
929 1593 1049 1659 eldrado
1077 1602 1106 1657 et
1133 1596 1265 1676 quaestio
1295 1593 1427 1657 incidens
1459 1601 1519 1675 est,
1550 1609 1591 1673 qut

232 1705 416 1788 dignitate⁸,
443 1724 530 1787 quam
552 1705 647 1790 ampla
660 1726 704 1770 «ac
724 1707 788 1772 busa
809 1706 888 1770 ilium
909 1704 1130 1789 praehabuerit,
1158 1711 1245 1785 atque
1265 1703 1332 1766 ideo
1355 1721 1413 1785 quo
1436 1702 1590 1767 ruborum

233 1815 319 1878 tionis
341 1814 428 1878 modo
449 1816 579 1898 reliquos
600 1816 748 1899 apostolos
770 1836 835 1880 cum
856 1816 941 1878 Petro
963 1814 1133 1878 devinxerit.

339 1956 368 2013 3.
412 1949 538 2034 Utraque
560 1953 648 2034 igitur
668 1955 815 2035 quaestio,
846 1961 906 2015 tum
928 1968 1003 2032 quae
1024 1920 1159 2032 princeps
1181 1956 1244 2030 est,
1273 1956 1333 2012 tum
1359 1967 1437 2031 quae
1459 1949 1534 2012 banc
1551 1966 1590 2009 ex·

235 2060 315 2141 cipit,
344 2058 381 2122 ad
413 2077 479 2122 eam
506 2061 632 2141 pertinet
653 2078 822 2125 caussarum
844 2062 988 2143 speciem,
1018 2060 1121 2141 quibus
1144 2060 1173 2121 in
1195 2060 1425 2123 controversum
1449 2059 1588 2123 adducitur.
1621 2066 1623 2149 t

233 2175 328 2231 uuum
342 2168 486 2231 Institutor
506 2171 556 2232 uni
576 2188 648 2251 prae
662 2171 781 2252 reliquis
802 2178 972 2234 ornamenta
994 2168 1097 2250 abqua,
1120 2170 1398 2251 praerogativasque
1416 2165 1588 2233 concesscn‘t
1622 2156 1623 2187 ¹

1621 2198 1623 2211 i

1622 2240 1623 2247 t

1622 2258 1623 2271 i

1622 2302 1623 2311 t

234 2276 296 2340 Hae
317 2285 414 2342 autem
437 2295 560 2342 caussae
581 2278 654 2344 tates
676 2288 752 2360 sunt,
773 2279 877 2362 quibus
896 2282 952 2345 rita
972 2279 1123 2360 habendis,
1146 2278 1193 2342 iila
1215 2280 1344 2360 Inprimis
1364 2281 1471 2361 seponi
1492 2276 1587 2343 debant
1621 2280 1623 2369 ,

235 2407 310 2471 quae
332 2396 400 2453 sunt
419 2396 604 2453 communia:
624 2408 721 2471 ncquc
744 2391 822 2453 enim
843 2409 861 2451 e
882 2389 1083 2453 communibus
1103 2388 1222 2472 prodire
1244 2387 1401 2452 discrimen
1419 2394 1530 2471 potest,
1554 2380 1588 2443 ret
1620 2456 1622 2495 ,

234 2517 272 2561 eo
301 2499 466 2564 communia
488 2500 648 2582 pertinent,
681 2506 712 2562 ut
738 2505 872 2562 statutum
899 2501 975 2564 iuter
999 2499 1098 2581 plures
1128 2498 1284 2562 discrimen
1314 2498 1455 2580 aperiant
1496 2495 1541 2561 Ad
1562 2509 1587 2553 et
1619 2532 1622 2599 3

298 2728 325 2803 ²)
346 2726 390 2784 tto
409 2744 441 2783 ea
461 2726 578 2800 respicio
598 2743 666 2799 quae
686 2743 720 2783 ex
737 2741 784 2783 ore
798 2727 896 2784 Christi
1008 2726 1035 2800 ε)
1063 2725 1148 2793 Quum
1175 2726 1253 2782 muita
1280 2726 1313 2782 de
1340 2740 1407 2782 voce
1434 2718 1586 2782 mortuo
1617 2610 1621 2745 ι

234 2834 353 2906 proiecta
374 2832 520 2889 Itattbacus
545 2832 675 2889 describit
698 2848 756 2906 cap.
776 2833 895 2890 XXVIII.
945 2848 977 2888 ea
1003 2837 1092 2888 menta
1118 2832 1233 2904 disputet
1255 2831 1416 2891 Bohemerus
1437 2834 1465 2888 iu
1483 2829 1585 2889 Diserti·

237 2937 383 2997 ts-ao:
422 2927 528 3011 Ἐδόθη
552 2955 601 3012 μοι
626 2932 706 2994 τοῖσι
732 2932 842 3007 ἐξουσία
868 2939 897 2995 ἐν
944 2937 1016 2994 Iuris
1036 2937 1131 2993 eccles.
1152 2938 1268 3013 antIqui,
1296 2937 1407 2997 uisura
1428 2935 1488 2993 VII.
1512 2950 1536 2989 n.
1552 2924 1585 2983 nt.
1617 2966 1620 3071 q

234 3034 346 3123 ον’ρτινῷ
371 3041 419 3101 καὶ
442 3041 488 3129 ἐστὶ
509 3038 574 3120 γῆς.
600 3042 780 3120 πορευθέντες
799 3046 896 3119 μαθη-
944 3041 972 3115 S.
986 3041 1063 3116 XIV,
1084 3048 1113 3098 ut
1131 3058 1162 3099 sc
1183 3042 1216 3099 ab
1237 3043 1270 3101 iis
1290 3042 1415 3116 expediat
1435 3034 1584 3103 testintwfib

234 3141 347 3209 τεύσατε
370 3141 463 3208 πάντα
482 3141 519 3207 τοὶ
539 3143 624 3223 ἔθνη,
651 3146 827 3226 βαπτίζοντες
846 3140 895 3205 αύ-
945 3148 1040 3222 quibus
1060 3148 1200 3205 discrimen
1219 3149 1333 3205 clericos
1346 3150 1416 3204 iuter
1429 3142 1585 3221 atqueitiott
1616 3096 1619 3199 i

234 3247 298 3322 rocio
323 3254 361 3322 sic
386 3248 419 3313 τό
444 3246 535 3329 ὄνομα
560 3250 611 3312 τοῦ
636 3247 743 3331 πατρὸς
769 3255 815 3312 καὶ
846 3251 897 3313 τοῦ
944 3253 1037 3309 divino
1064 3254 1136 3326 iure,
1161 3254 1301 3327 divinaque
1320 3253 1417 3311 Christi
1438 3248 1585 3311 ordiuntur
1617 3260 1618 3297 t

234 3355 294 3417 cici
313 3359 360 3416 καὶ
379 3355 430 3418 τοῦ
455 3350 534 3435 ἅγιον
560 3351 729 3437 πνεύματος,
755 3355 895 3418 διδάσκον
945 3358 1108 3432 praefinitum
1139 3360 1305 3436 ostenditur3
1341 3365 1432 3433 aperte
1462 3356 1583 3434 proruo·
1614 3328 1617 3415 i

235 3482 278 3530 τες
298 3454 398 3530 cicade
417 3473 507 3543 τηρεῖν
526 3459 620 3524 στάντα
646 3457 702 3525 ὅσα
728 3458 897 3542 ἐνετειλάμην
946 3481 987 3520 me
1008 3481 1039 3519 ea
1060 3480 1127 3520 voce
1148 3466 1200 3537 utI,
1225 3471 1254 3522 ut
1273 3458 1412 3535 ἐξουσίαν,
1433 3466 1585 3539 potestaten·

234 3561 312 3644 ὑμῖν·
339 3569 386 3627 nai
412 3561 486 3639 uod,
513 3564 565 3646 dyo}
584 3563 652 3647 μεθ’
672 3562 750 3647 ὑμῶν
769 3571 822 3646 εἰμι
841 3562 897 3626 τιοί-
945 3586 996 3643 que
1009 3570 1127 3643 regendi,
1147 3570 1362 3644 μετεπεποίητο
1374 3572 1528 3643 εἰροὶῆοειε.
1554 3557 1582 3614 Cf·

234 3690 287 3741 σοις
305 3667 356 3741 τοὶς
374 3666 494 3754 ἡμέρας,
521 3671 571 3744 ἕως
597 3674 647 3751 τῆς
671 3675 822 3743 συντελείας
846 3671 897 3733 τοῦ
944 3674 1092 3730 barnabam
1110 3674 1272 3734 BrissonIom
1299 3677 1332 3733 de
1360 3676 1435 3734 verb.
1462 3668 1583 3748 siguiitti

236 3776 342 3847 αἰῶνος.
947 3780 980 3837 ad
1000 3797 1026 3836 ν.
1047 3783 1204 3839 auctoritas.

296 3886 324 3962 ³)
345 3886 435 3943 urob.
455 3886 489 3942 Χ.
511 3886 539 3943 2.
573 3888 633 3944 coll.
665 3887 745 3944 Iiarc.
771 3886 815 3944 III.
846 3887 895 3961 id,

235 3992 297 4048 Iac.
317 3992 364 4049 VI.
387 3992 441 4064 ts,
461 3991 521 4048 Act.
543 3991 562 4047 t.
583 3992 611 4048 2.
1007 3988 1035 4064 ο)
1065 3990 1095 4046 Si
1115 3996 1224 4064 ubsque
1249 3991 1390 4047 definiatur
1413 3979 1583 4047 conbomttib

297 4096 324 4172 ⁴)
348 4095 396 4154 'Ex
420 4097 494 4153 hisce
519 4097 658 4153 vocabulis
686 4098 795 4153 alterum
821 4096 897 4154 bibli·
945 4095 991 4150 vix
1011 4094 1152 4168 quidquam
1171 4095 1382 4168 iuvestigaudum
1407 4086 1584 4169 saperemus!

235 4220 293 4260 cum
314 4210 357 4260 est
377 4209 456 4276 atque
476 4203 698 4277 ecclesiasticum,
720 4203 830 4259 alterum
847 4219 896 4259 usu
944 4201 978 4256 de
994 4202 1088 4272 [οννιο
1107 4206 1226 4277 mustei,
1252 4219 1302 4275 qus
1323 4202 1442 4259 b'nristus
1462 4198 1540 4259 votuit
1555 4193 1584 4247 ir

234 4309 318 4365 sotum
332 4309 515 4366 ecclesiastico
529 4317 672 4382 receptum.
710 4308 753 4365 Ad
767 4309 831 4365 ittud
844 4310 896 4366 ista
944 4308 1063 4363 stitutum
1084 4324 1098 4364 a
1119 4324 1149 4364 se
1175 4308 1314 4365 ecclesian
1341 4308 1491 4380 gubernari
1532 4297 1583 4358 ΒΜ

233 4417 365 4489 pertinent
383 4414 463 4471 Ilebr.
484 4414 554 4471 xnt.
576 4416 609 4471 7:
638 4405 817 4489 μνημονεύετε
840 4410 897 4473 τοῖν
944 4415 1013 4470 enim
1033 4413 1165 4488 noluisse,
1186 4419 1215 4471 ut
1233 4409 1441 4491 δημοκρατικός
1458 4408 1582 4484 regeretur

233 4511 387 4597 ἡγουμένων
405 4510 491 4595 ὑμῶν,
512 4513 606 4586 οἵτινες
622 4512 760 4593 ἐλάλησαν
772 4511 897 4594 operris
944 4519 1034 4576 omnia
1055 4518 1181 4594 probant,
1207 4520 1289 4576 verba
1315 4520 1500 4595 institutionis,
1526 4503 1583 4569 uti

234 4623 314 4702 λόγον
339 4622 390 4685 τοῦ
414 4623 494 4684 θεοῦ.
534 4626 577 4683 Ad
597 4629 731 4699 posterius
750 4642 816 4684 vero
835 4643 896 4701 spe·
945 4627 1043 4701 monia,
1064 4632 1192 4699 gestaque
1206 4626 1395 4702 apostolorum,
1413 4619 1582 4685 mertini-⁸⁰

233 4739 305 4789 etam
330 4749 408 4806 quum
435 4732 486 4788 aiia
513 4748 528 4788 a
553 4732 674 4789 Patribus
701 4733 796 4789 crebro
822 4750 896 4791 usur·
943 4733 1046 4790 Ianum
1074 4733 1235 4807 montiae,
1263 4732 1444 4790 connivens
1470 4711 1581 4788 adrisit·Ii

232 4847 304 4914 pata,
325 4847 379 4896 tum
398 4838 570 4896 baecBasttiI
590 4839 893 4897 seleuciensisexorat
942 4839 1057 4896 nomints
1076 4838 1196 4895 historia
1236 4837 1362 4895 Votuin
1374 4845 1471 4915 autem,
1489 4826 1581 4893 nili*

232 4948 259 5002 in
279 4945 422 5017 Davidem,
448 4943 475 5016 s.
496 4944 584 5001 xvn:
619 4942 729 5022 Hirpos
746 4940 804 5003 τοῖν
822 4935 893 5002 τίετο·
942 4946 1062 5015 regimen
1082 4943 1117 5001 ad
1137 4959 1225 5018 anun,
1245 4959 1446 5018 samsonque
1464 4941 1581 5016 „nm

232 5043 336 5108 στόλων
354 5041 371 5107 ὁ
391 5057 556 5126 κορυφαῖος,
583 5040 675 5107 ὁτῶν
694 5045 821 5128 Χριστοῦ
839 5068 893 5123 μοι·
942 5054 1099 5124 vocaretur3
1131 5065 1164 5104 ea
1191 5049 1332 5106 ostendent
1361 5067 1429 5123 quae
1459 5028 1581 5106 cornuti

231 5152 329 5229 amor
348 5147 512 5233 προστάτης,
943 5155 1065 5209 emtione
1085 5152 1334 5213 demonstrabimus.
