3324 5382
215 297 277 367 578
700 295 832 365 11le
871 294 1106 371 secuduus

212 470 299 552 plene
318 476 386 533 sunt
404 486 441 535 ec
463 466 608 548 expedite.
650 467 710 532 Fac
730 468 810 531 enim
830 466 852 530 l
875 454 1025 548 expendas
1047 466 1138 530 rerha
1158 488 1318 531 semme
1352 487 1389 532 ea
1403 476 1473 534 sunt
1491 465 1590 554 dulps-

214 586 352 654 tissima,
386 578 451 641 siue
470 578 603 659 proprie,
635 578 699 641 sire
729 575 929 658 metaphorica
957 575 1172 658 significatione
1200 585 1384 660 usurpentur.
1424 577 1485 641 leo
1503 577 1536 641 lh
1559 597 1592 641 ea

213 693 394 752 monetes
408 686 574 768 expendas:
596 685 721 769 phrases
740 706 775 750 ac
794 684 937 750 formulae
959 703 1035 767 queo
1056 704 1097 750 ex
1115 687 1153 750 iis
1175 687 1355 766 coalescunt,
1376 685 1448 750 nihil
1461 685 1593 751 exhihent

213 797 292 880 quod
320 796 400 861 clara
427 796 620 878 distinctaque
647 796 748 859 notitie
776 813 837 858 oon
867 795 1052 878 percipiatur.
1103 796 1161 859 Fac
1188 803 1338 876 postremo
1364 794 1409 859 lll
1438 802 1592 874 resipere

214 906 405 984 consideres,
436 923 513 986 quoe
534 905 699 985 vocubulis,
725 904 939 986 phresihusque
962 903 1138 969 effenunttu:
1170 923 1225 969 ese
1247 912 1315 969 sunt
1336 905 1454 986 quidem
1476 904 1590 984 nobiles,

215 1014 363 1095 excelsae,
386 1021 417 1077 et
436 1015 474 1078 ad
496 1014 707 1089 ostendendum
722 1013 829 1078 Christi
845 1031 947 1077 curam
967 1014 1005 1077 de
1023 1021 1142 1078 mntem
1163 1012 1313 1079 eccleciae
1333 1016 1464 1078 omniurn
1485 1032 1592 1078 accom-

214 1124 448 1209 modatissimam
482 1125 541 1187 nin
562 1132 661 1188 tamen
682 1122 908 1204 incultumque
928 1125 1050 1188 rationis
1071 1141 1132 1189 non
1153 1122 1464 1205 praetergradiamur,
1476 1142 1592 1206 cumque

214 1234 252 1296 iis
273 1233 381 1296 notitiis
408 1240 474 1314 apte
503 1235 701 1308 consenu'unt,
738 1249 810 1313 quus
837 1230 940 1296 dicere
966 1232 1136 1297 rationales
1162 1232 1304 1296 solemus
1346 1232 1490 1297 Universa
1512 1234 1593 1316 igitur

214 1343 308 1406 oredo
329 1341 479 1424 splendet,
511 1360 609 1425 eoque
630 1347 733 1423 suapte
755 1348 857 1403 nemra
877 1340 986 1421 lemur,
1008 1351 1040 1406 ut
1059 1342 1163 1406 Petrus
1184 1340 1307 1423 reliquis
1328 1345 1508 1424 antepositus
1528 1360 1591 1424 apo

213 1451 307 1533 stolis,
329 1470 365 1515 ac
386 1452 531 1516 institutus
549 1469 716 1541 supreme,
738 1453 1008 1533 oecumenicusque
1028 1458 1127 1533 postor
1146 1450 1333 1533 intelligatur.

321 1566 391 1624 223.
433 1561 601 1643 lmprohent
621 1561 676 1624 ista
698 1568 912 1643 protestantes,
932 1577 1102 1642 nervosque
1122 1560 1233 1625 idciroo
1255 1578 1360 1624 omnes
1380 1561 1545 1640 intendunt,
1564 1568 1592 1623 nt

213 1676 325 1733 numm
347 1669 536 1751 splendorem
557 1668 712 1750 infuscent,
734 1670 882 1734 obducent
902 1669 1043 1748 tenebris,
1064 1668 1210 1751 eliamque
1233 1688 1303 1733 esse
1324 1669 1488 1735 subiectam
1503 1669 1590 1734 uerhh

212 1785 386 1859 potestatem
403 1778 608 1860 persuadeant
643 1778 729 1853 Quod
744 1787 775 1843 ut
796 1786 990 1861 assequentur
1011 1777 1133 1859 taulus,
1154 1778 1294 1861 gradihus
1315 1778 1408 1843 veluti
1429 1779 1591 1862 quum

211 1887 365 1967 incedunt,
384 1906 436 1962 ‚ac
457 1888 614 1970 principio,
650 1888 896 1970 praeeuntibus*
921 1886 1125 1968 Hechsponio,
1152 1887 1251 1951 Plallio
1264 1891 1301 1969 ¹⁷,
1331 1889 1472 1954 Samuele
1492 1889 1590 1953 unn-

213 1999 313 2080 gio¹⁸,
341 1997 491 2061 Bernerdo
515 1996 663 2062 Sendenio
676 2000 715 2077 ¹⁸,
747 2001 815 2062 ct²⁰
839 1998 996 2061 Laurentio
1016 1996 1197 2078 hloshemio,
1224 1999 1354 2080 giuviter
1378 2001 1519 2081 serioque
1545 1997 1590 2061 do·

213 2104 350 2170 lendunt:
385 2104 553 2170 sinuessa
573 2113 606 2170 in
628 2104 746 2171 Christi
767 2105 869 2172 uerbis
888 2112 1060 2187 proprlnnt,
1096 2104 1175 2169 ntlttl
1201 2107 1284 2197 quod
1306 2107 1350 2172 cd
1367 2128 1468 2173 unum
1487 2114 1590 2188 spectet

199 2213 352 2293 Petrum,
375 2239 413 2279 ac
432 2214 510 2281 nihil
529 2217 611 2296 puod
628 2237 691 2281 non
711 2214 820 2280 dehent
840 2214 981 2280 omnihus
1001 2237 1159 2281 comente
1180 2215 1326 2295 apostolia
1348 2224 1535 2281 existimari.
1647 2238 1648 2257 ¹

319 2326 406 2389 Cuius
428 2344 578 2403 caussam,
612 2328 818 2408 rationemque
848 2327 1012 2390 sententiae
1036 2326 1062 2388 si
1084 2324 1120 2389 ah
1141 2326 1177 2389 iis
1198 2343 1318 2409 poscas,
1354 2346 1491 2391 caussam
1510 2327 1588 2391 ratio

212 2453 341 2517 nemque
361 2434 513 2517 proiemtnt
532 2457 594 2499 non
614 2433 886 2513 micant,
914 2435 971 2498 sed
990 2435 1209 2519 donantium,
1231 2443 1261 2500 et
1281 2454 1371 2518 quum
1392 2459 1437 2499 ezr
1457 2433 1587 2519 onalopw

213 2562 300 2626 quam
322 2553 428 2609 uocant
444 2544 536 2627 fida,
558 2554 619 2609 tum
640 2567 683 2611 es
703 2567 738 2610 co
758 2546 961 2625 desumptam,
984 2545 1066 2626 quod
1083 2543 1194 2624 reliqui
1214 2551 1287 2609 tren
1306 2545 1439 2625 apostoli
1453 2543 1588 2627 paremus

213 2676 328 2719 munus
350 2654 549 2740 officiumque
571 2678 591 2720 o
613 2652 738 2719 Christo
759 2661 946 2735 occeperint.
989 2654 1062 2719 lllud
1081 2673 1164 2728 ,vero
1186 2655 1358 2719 incredibile
1382 2657 1462 2738 quod
1483 2656 1588 2719 minium

213 2764 380 2843 advertant,
411 2784 471 2829 non
491 2765 550 2829 hoc
570 2768 646 2847 peti,
667 2773 762 2829 utrum
782 2766 874 2829 ceteri
895 2764 965 2827 item
985 2763 1109 2845 apostoli
1129 2763 1268 2849 pascendi
1290 2783 1394 2828 munus
1417 2766 1587 2848 digmutem·
1646 2816 1647 2825 ,

213 2893 289 2957 que,
325 2869 439 2938 Christo
462 2882 600 2951 auctore,
635 2875 824 2956 ohlinuerint3
861 2873 916 2938 sed
937 2873 957 2935 1.
980 2880 1074 2936 utrum
1096 2892 1133 2937 eo
1154 2892 1244 2955 quern
1265 2873 1440 2939 adduximus
1459 2872 1586 2938 lehunn'u

212 2984 279 3047 loco
301 2984 493 3048 obtinuerint:
516 2992 610 3048 utrum
631 2984 665 3048 ll.
688 2983 794 3047 eodem
816 2983 919 3065 green
944 2983 1108 3066 eademque
1129 2983 1318 3066 amplitudine
1339 3003 1375 3048 oc
1390 2985 1543 3067 dignitate:
1562 2987 1587 3044 et
1646 3058 1647 3067 ἵ

212 3100 307 3156 utrum
327 3092 373 3156 Ill
395 3095 425 3157 in
447 3111 485 3157 eo
506 3093 583 3176 apud
602 3092 768 3158 lohannem
788 3094 954 3157 testimonio
975 3092 1046 3156 nihil
1074 3101 1208 3157 occurrat
1234 3111 1295 3157 non
1322 3111 1492 3174 commune,
1526 3089 1586 3155 nhil

214 3202 292 3284 quod
313 3201 430 3266 Petrum
452 3202 589 3267 omnihus
611 3202 812 3284 praehabitum
832 3202 987 3284 significet.
1032 3202 1092 3268 Sed
1112 3205 1169 3267 isto
1188 3210 1385 3285 protestantes
1413 3222 1471 3268 non
1498 3201 1584 3266 distin·

213 3319 320 3394 guuot,
356 3331 392 3375 ac
413 3330 452 3375 ex
473 3313 509 3377 iis
530 3312 670 3394 proiecti,
707 3330 781 3393 quoe
808 3311 943 3375 omnihus
971 3310 1254 3395 mantuensem,
1289 3314 1463 3396 praecipites
1492 3308 1584 3374 deinde

212 3429 316 3502 ruunt,
352 3441 388 3486 ac
419 3424 449 3485 in
477 3441 513 3485 ea
538 3421 727 3503 delebuntur,
761 3439 838 3504 quae
869 3440 935 3485 cum
963 3422 1176 3504 Scripturarum
1206 3422 1338 3487 doctrine
1366 3423 1447 3486 nullo
1478 3418 1584 3485 aruum

214 3531 366 3596 concilies.

320 3648 389 3706 224.
432 3642 468 3704 Et
488 3643 637 3706 conciliari
658 3640 791 3724 prolecto
812 3660 880 3704 cum
902 3660 938 3705 ee
959 3644 1075 3723 nequit,
1110 3642 1188 3723 quod
1222 3643 1259 3705 de
1290 3640 1391 3704 verbis
1423 3640 1523 3704 Christi
1549 3633 1584 3697 od

213 3773 315 3816 omncs
336 3775 379 3816 es
400 3773 497 3832 aequo
513 3750 665 3832 apostolos
687 3751 898 3834 pertinentibus
922 3749 1082 3835 affirment3
1118 3770 1207 3833 quum
1227 3751 1294 3815 luce
1319 3751 1426 3815 clerius
1453 3750 1504 3829 sit,
1536 3742 1581 3808 illo

213 3885 280 3927 esse
297 3865 472 3944 proprtass,
507 3871 537 3926 et
564 3863 607 3926 od
625 3884 723 3926 unum
742 3868 921 3927 nominatim
943 3856 1072 3923 Petrum
1093 3858 1216 3944 referri.
1259 3861 1337 3927 &ne
1358 3861 1379 3924 l.
1400 3861 1581 3925 namdonsm

214 3974 418 4055 auspicatur²⁹
441 3971 592 4036 lohannes
614 3972 766 4053 inquiens:
804 3966 855 4035 ὅτε
877 3963 935 4035 οὖν
955 3970 1133 4054 ἠρίστησαν,
1165 3969 1246 4052 λέγει
1266 3972 1311 4054 τῷ
1330 3968 1461 4051 Σίμωνι
1480 3965 1581 4045 Πέτρῳ

213 4079 377 4157 όΊησοϋς.
412 4080 464 4143 llis
485 4089 583 4144 auum
604 4080 774 4146 manifestus
796 4084 960 4146 continetur
981 4083 1121 4145 orationis
1140 4082 1286 4160 nonnum,
1309 4082 1358 4162 qui
1379 4082 1464 4145 sicuti
1483 4077 1580 4140 neone

214 4197 368 4253 contexes
389 4189 494 4269 hahita,
516 4210 684 4270 cpersono
703 4188 853 4271 loquentia
874 4194 969 4274 repeti
990 4193 1107 4273 nequit,
1130 4208 1219 4271 quum
1239 4189 1317 4253 idem
1339 4191 1376 4253 sit
1396 4181 1578 4264 mrmnsnl

214 4300 313 4362 dicere
336 4301 446 4383 pergit3
482 4301 520 4363 ita
548 4307 697 4383 repetatur
726 4307 844 4382 oportet
872 4322 966 4381 ouum
991 4323 1008 4364 e
1037 4322 1071 4364 rs
1091 4322 1153 4381 quo
1174 4300 1212 4364 de
1232 4304 1337 4384 aqltur
1356 4302 1394 4364 ah
1413 4303 1449 4365 iis
1469 4299 1577 4369 divom
1644 4334 1645 4341 ¹

213 4409 251 4472 de
272 4410 377 4491 quihus
398 4416 482 4473 enno
503 4428 602 4473 sermo
624 4408 735 4494 luerat,
761 4419 827 4475 tunt
846 4431 864 4472 e
881 4432 1013 4492 persora
1035 4430 1168 4492 qnorum
1189 4415 1310 4494 opiter,
1331 4430 1407 4494 ques
1428 4417 1472 4475 est
1491 4407 1578 4473 Sinon
1644 4416 1645 4491 p

279 4610 321 4685 ¹⁸)
342 4610 371 4667 n
392 4610 463 4667 ¹¹⁰ti³
484 4626 546 4682 ius·
568 4609 637 4669 481·
997 4611 1039 4686 ¹⁸)
1060 4611 1091 4670 u
1109 4611 1175 4669 uto.
1197 4612 1269 4670 nto
1289 4612 1410 4686 noges
1430 4626 1471 4669 en
1490 4603 1564 4664 nou.

993 4718 1039 4793 ²⁰·)
1060 4718 1090 4777 ιι
1109 4719 1158 4777 ue
1177 4719 1342 4779 mentm
1360 4720 1410 4780 or
1427 4707 1575 4780 reseret,

278 4768 320 4841 n)
334 4766 470 4839 hom,
483 4765 637 4824 uniens
651 4785 732 4842 pnes·
744 4768 878 4845 ³³·10tt·
932 4823 1002 4881 pm
1017 4823 1062 4881 lu
1082 4816 1146 4897 pig.
1161 4824 1229 4883 415.

284 4921 326 4996 ιι)
355 4921 384 4978 n
411 4921 506 4979 nno
533 4920 827 4984 enlin-souerse
848 4927 882 4984 n
994 4929 1039 5006 ²¹)
1060 4928 1155 4988 utut
1176 4931 1281 5006 unu

219 5042 261 5083 n.
281 5025 400 5083 min
427 5024 455 5100 s.
478 5023 544 5083 ior.
994 5036 1040 5114 ¹¹)
1060 5036 1122 5096 ³⁰¹*
1142 5034 1212 5097 ΧΠ·
1235 5034 1282 5095 ¹⁶·
