3358 5400
607 842 1058 950 Gdl'lliffli.

461 1061 511 1125 De
533 1061 884 1144 reprehendendam,
906 1063 976 1128 (tat.
997 1061 1044 1128 11.
1070 1067 1223 1127 11-15:
1248 1099 1281 1112 -
1303 1074 1521 1151 poneticorum,

353 1178 612 1250 marcionitarum,
629 1171 801 1257 Poptpro,
816 1172 1001 1256 Julionique
1014 1173 1205 1239 colonatico:
1226 1213 1266 1224 —
1285 1185 1522 1257 protestantium

354 1288 469 1361 opinio.-
489 1317 531 1329 -
552 1285 724 1348 cuiusmodi
750 1285 847 1349 videti
874 1284 997 1349 debeat:
1018 1320 1057 1333 —
1080 1282 1223 1348 obhorret
1248 1284 1304 1350 otta
1332 1285 1523 1352 vehementer

354 1412 376 1453 o
403 1390 557 1457 sententio
585 1391 823 1459 orthodotooaum
854 1402 908 1475 qut
929 1396 972 1459 od
992 1392 1163 1479 Aepustini
1188 1415 1287 1475 usqne
1307 1405 1441 1461 oetatem
1460 1396 1523 1461 eio-

353 1521 465 1564 mero:
485 1540 527 1551 —
547 1524 645 1584 neque
666 1512 770 1569 minua
786 1528 805 1570 o
820 1505 959 1569 doctrino
974 1503 1117 1570 obhorret
1133 1512 1231 1586 ipsios
1248 1502 1427 1593 Anqustini,
1448 1506 1522 1572 olio·

297 1692 303 1701 ἱ
352 1630 480 1692 nomque
511 1621 564 1693 qao·
591 1635 659 1677 eom
686 1615 825 1696 deinceps
858 1614 1009 1696 complent
1036 1623 1126 1679 aunt.-
1145 1654 1187 1667 —
1206 1617 1432 1696 praeiudicium
1452 1618 1523 1681 inde

353 1718 508 1785 obortum.⁸
528 1760 570 1772 —
592 1726 674 1804 quod
686 1720 784 1789 Panto
798 1723 898 1788 cordia
913 1732 1050 1790 intimius
1064 1723 1235 1806 exploratis
1250 1725 1467 1809 confirmetur:
1481 1765 1521 1775 -

353 1834 586 1915 ostenditurque
606 1856 645 1898 ne
661 1842 868 1899 coniecturam
888 1836 1009 1915 quidem
1026 1843 1092 1917 peti
1111 1857 1154 1899 en
1175 1842 1214 1899 iis
1232 1858 1332 1917 pocae,
1356 1858 1418 1917 qno
1433 1834 1523 1900 Petri

352 1950 521 2022 primatus,
543 1943 713 2025 celsiorque
733 1951 903 2009 auctoritas
924 1955 1123 2031 oppuqnctur.

247 2210 317 2268 282.
354 2149 467 2275 quum
487 2225 603 2270 mecum
625 2206 724 2285 dotes,
751 2207 1004 2288 proprietatesque
1031 2216 1214 2292 reputarem,
1241 2209 1345 2292 quibus
1366 2214 1521 2289 unumque

138 2315 270 2380 Verbum
292 2314 500 2382 ὑποστοτικόο
519 2326 548 2380 et
569 2315 784 2380 θεόποεοστοο
805 2325 997 2401 exomantur3
1019 2318 1169 2402 multiplex
1188 2320 1315 2382 animum
1335 2319 1423 2382 subiit
1442 2320 1523 2381 simi.

138 2424 268 2489 litudinis
292 2428 366 2491 ratio
388 2446 445 2511 qun
465 2427 632 2491 referuntur
653 2426 853 2507 adinvicem,
882 2427 995 2509 sibique
1016 2428 1169 2512 praeclare
1189 2429 1377 2511 respondent
1419 2428 1524 2509 Neque

140 2536 219 2598 enim
235 2536 430 2619 appellatione
447 2544 565 2618 tentum,
587 2536 805 2621 litterarumque
826 2542 922 2601 sono'
946 2541 1133 2620 conveniunt,
1156 2540 1211 2603 sed
1232 2541 1322 2605 multo
1344 2546 1411 2603 sunt
1430 2538 1522 2620 plum,

140 2663 237 2728 enque
265 2633 409 2712 intimiore
435 2647 539 2729 quibus
565 2649 741 2729 conspirent
784 2647 1034 2721 Quemadmodum
1064 2651 1143 2712 enim
1165 2651 1183 2712 d
1204 2650 1299 2733 λόγος
1316 2644 1522 2721 ὑποστατικὸς

140 2771 230 2835 quum
255 2762 323 2818 nntc
336 2761 367 2835 ²,
398 2764 458 2818 tum
479 2763 545 2838 post
566 2764 743 2839 assumptam
771 2761 913 2820 camem³
948 2758 1042 2821 diuino
1064 2758 1229 2831 hominibus
1251 2779 1357 2823 arcens
1376 2757 1522 2840 patefecit,

139 2871 228 2946 atquc
256 2866 393 2948 scn‘pium
415 2866 513 2930 adeo⁴
541 2875 604 2947 est,
633 2865 715 2930 θεὸν
736 2862 840 2941 οὐδεὶς
859 2866 983 2948 ἑώρακε
1003 2866 1145 2932 πώποτε·
1167 2871 1185 2932 d
1206 2861 1380 2952 μονογενής
1401 2868 1482 2944 υἱός,
1506 2867 1524 2929 ὀ

141 2965 188 3039 οἷν
212 2977 258 3050 εὶς
284 2975 338 3040 τὸν
363 2976 483 3040 κόλπον
509 2978 567 3040 τοῦ
593 2979 726 3056 πατρός,
753 2980 871 3052 ἐκεῖνος
897 2975 1085 3058 ἐξηγήσατο,
1114 2977 1223 3059 Deum,
1253 2977 1408 3060 divineque
1436 2995 1523 3039 nemo

138 3101 279 3166 umquam
307 3085 464 3161 hominum¹
482 3089 597 3169 penitus
629 3094 793 3169 comperta,
822 3086 1054 3169 exploratoque⁵
1084 3086 1198 3149 habuit:
1231 3087 1398 3170 unigenitus
1426 3084 1523 3163 Filius,

139 3195 189 3276 qni
210 3194 310 3275 proles
332 3198 400 3259 est⁰
432 3216 573 3280 germana
593 3197 699 3276 Patris,
727 3218 762 3261 ae
783 3199 812 3260 in
835 3188 898 3259 eiius
921 3196 1135 3276 conquiescens
1163 3198 1228 3259 sinu
1250 3198 1347 3260 omnin
1368 3214 1444 3277 qnae
1466 3193 1523 3257 Ge·

138 3305 243 3368 nitoris
262 3312 330 3369 sunt
350 3306 567 3390 complectitur,
595 3311 644 3372 is⁷
678 3307 818 3371 tnndem⁸
843 3325 878 3369 ee
905 3306 1065 3386 reseravit3
1093 3307 1135 3369 sic
1156 3308 1174 3369 d
1196 3306 1290 3388 λόγος
1312 3305 1523 3379 θεόπνευστος

204 3509 230 3583 ¹)
260 3508 346 3577 (tunm
376 3515 514 3582 utrumque
544 3510 654 3566 verbnm
683 3501 699 3566 ὁ
726 3502 807 3586 λόγος
855 3499 925 3564 dado
944 3498 1031 3572 οὐδεὶς
1049 3499 1155 3582 ἑώρακε
1173 3498 1296 3575 πώποτε,
1315 3497 1376 3565 ἀντὶ
1391 3501 1441 3563 τοῦ
1454 3499 1521 3580 ἔγνω

139 3608 189 3671 τοῦ
208 3609 281 3672 θεοῦ
299 3614 411 3672 dicator.
855 3608 971 3691 τρανῶς.

198 3718 228 3793 ²)
253 3719 282 3776 ln
308 3737 359 3792 qna
386 3722 519 3778 sententia
545 3722 636 3779 Patres
663 3723 804 3796 plerosque
916 3719 943 3794 ⁶)
976 3714 1069 3792 Imago
1096 3720 1140 3775 his
1166 3718 1286 3796 exhibita
1314 3719 1419 3794 verbis,
1447 3707 1523 3775 doio

140 3839 233 3880 omnes
260 3825 345 3881 ittisse
372 3827 509 3899 tenvius,
537 3829 641 3903 Boline,
667 3830 803 3901 Manus,
854 3825 892 3891 cic
911 3817 960 3883 cdo
979 3816 1084 3883 uitam
1103 3821 1154 3885 τοῦ
1172 3816 1280 3898 πατρός
1300 3829 1350 3882 tria
1368 3825 1522 3898 complecti·

138 3930 237 4002 aliique
258 3929 479 3989 demonstrarunt
854 3938 911 4005 tor,
938 3932 999 3988 Filii
1021 3949 1036 3988 a
1057 3934 1134 3989 Patre
1161 3916 1293 4003 tamquam
1319 3933 1443 4004 genitore
1468 3932 1523 3986 mi-
1620 3994 1626 4007 .

196 4034 417 4107 ³)1iem.1.t.
853 4039 960 4109 qinom,
989 4038 1109 4094 eiusdem
1136 4055 1195 4094 eum
1221 4038 1298 4094 Patre
1325 4037 1519 4109 arctissimam,

199 4142 227 4215 ⁴)
246 4140 308 4197 doh.
329 4141 350 4197 1.
374 4141 419 4198 te.
622 4181 627 4189 -
853 4131 1094 4217 suavissimamque
1121 4145 1352 4217 coniunctionem,
1380 4150 1408 4199 et
1435 4144 1520 4198 omni·

196 4246 225 4321 Ι)
251 4246 318 4303 Heio
342 4249 412 4304 enim
436 4238 515 4323 ὁράω
539 4264 592 4307 non
618 4252 730 4324 proprio
755 4251 804 4308 sed
854 4251 958 4307 modam
985 4265 1076 4306 comm
1102 4266 1170 4321 quac
1196 4249 1283 4305 Patris
1312 4255 1374 4305 sunt
1400 4263 1521 4322 eompre-

137 4353 322 4427 matsphocico
342 4368 422 4410 sensu
436 4356 618 4427 accipiendum
633 4372 703 4430 esse,
724 4372 803 4429 qnnm
852 4357 1018 4413 hensionem.

134 4458 207 4516 Dens
234 4461 351 4517 nisioaia
377 4459 529 4533 obiectum,
557 4468 611 4518 mm
635 4464 803 4536 -respondens
913 4462 940 4535 ²)
961 4461 1056 4517 Sermo
1077 4466 1119 4515 est
1138 4461 1280 4534 eliipticns,
1302 4478 1334 4516 an
1350 4477 1385 4516 ex
1400 4459 1520 4515 membro

135 4558 280 4641 ἐξοηόομαι
310 4566 501 4624 demonstrant
548 4568 630 4624 immo
664 4574 691 4624 et
723 4570 803 4626 insita
854 4567 1026 4623 antecedente
1053 4565 1154 4637 expleri
1182 4565 1219 4621 ita
1246 4565 1341 4622 debet:
1370 4565 1453 4643 Filius
1474 4570 1519 4639 qni

135 4666 177 4745 τῷ
196 4662 276 4748 ὁρόω
302 4679 437 4746 potestas,
465 4680 493 4730 et
513 4674 708 4747 Smiptnrarcm
735 4665 803 4731 cion·
853 4679 896 4728 est
917 4673 943 4727 in
963 4673 1022 4728 sinu
1043 4671 1138 4744 Patris,
1158 4673 1218 4745 ipse
1237 4671 1312 4728 sodes
1331 4672 1420 4729 Deum
1439 4673 1519 4737 cidit,

136 4775 231 4855 inpio,
258 4786 285 4847 et
308 4781 496 4854 consequentia
522 4781 654 4853 efficiunt,
683 4788 712 4861 pt
739 4782 802 4838 iiind
853 4794 885 4833 ac
905 4779 963 4851 ipse
984 4792 1060 4849 quem
1082 4777 1167 4851 uidit,
1189 4780 1332 4833 enerravit.
1384 4780 1392 4791 “

134 4885 168 4942 de
189 4884 324 4959 perfecta,
346 4886 522 4960 omnibusque
543 4887 664 4943 absoluta
685 4874 801 4943 numetis
913 4883 940 4958 ⁸)
958 4882 1102 4938 Intersecui
1117 4883 1271 4939 adverbium
1285 4884 1395 4940 tmadcm
1409 4898 1443 4937 ex
1451 4900 1520 4947 ,ann-

136 4991 293 5062 cognitione
306 4991 453 5049 adhibitum
467 5000 614 5049 censeatur.
650 4992 724 5050 Unde
739 4993 801 5049 Sui·
850 4991 925 5063 logia
945 4989 1154 5062 scripturarum,
1182 5006 1250 5061 quae
1275 4987 1517 5045 manifestationem

137 5096 204 5171 das,
223 5085 334 5173 ὅρασις·
360 5093 471 5174 γνῶσις,
498 5097 546 5155 καὶ
564 5089 581 5156 ὁ
600 5088 800 5173 monmorde·
850 5094 1011 5170 petillium
1033 5093 1138 5151 sitinii
1157 5066 1323 5166 totipocitus
1342 5090 1506 5149 adscribunt
