3266 5416
208 261 248 321 18
725 257 1058 327 PROIAEGOTTENA

312 425 355 488 Sit
380 431 477 488 auum
501 424 577 488 istud
599 426 740 508 primum,
769 428 914 509 quodnam
940 429 996 510 ipsi
1022 428 1059 491 de
1085 429 1283 510 propositione
1305 428 1441 492 iudicium
1460 428 1584 509 ferrent,

205 551 263 615 qua
283 533 405 616 abrupte
426 533 632 599 affirmaretur:
661 537 793 618 „potiora
817 555 892 618 quae
913 556 931 600 e
952 536 1047 599 bibliis
1061 536 1165 600 adluci
1178 539 1341 601 testimonia
1356 547 1584 617 consueverunt

204 661 240 706 ac
260 662 296 707 ea
316 647 501 727 nominatim,
530 664 606 728 quae
632 664 726 727 penes
746 645 938 727 llahhaeum,
969 647 1076 709 Lucam
1098 653 1128 708 et
1146 646 1309 711 iohannem
1329 647 1488 727 habentur,
1516 647 1586 710 telin

206 771 288 835 esse,
311 760 342 815 ut
362 771 483 836 operam
504 738 738 819 manifestissime
757 757 894 838 perdant,
917 758 967 838 qui
988 756 1103 819 illorum
1124 775 1181 838 ope
1203 777 1238 819 ac
1259 757 1404 838 praesidio
1424 774 1582 837 summam,

206 862 398 945 eamdemque
419 863 599 946 singularem
620 864 697 928 Petri
717 867 916 929 auctoritatem
939 865 1068 929 stabilire
1093 866 1324 928 contenderint.“
1365 865 1460 929 Dubio
1481 865 1586 947 procul

206 971 382 1055 iudicarent,
403 973 450 1037 his
472 982 637 1038 contentam
658 975 756 1037 verbis
778 974 1007 1057 propositionem
1026 994 1045 1038 a
1065 982 1132 1037 nota
1155 976 1323 1039 temeritatis
1345 982 1376 1039 et
1394 976 1585 1057 perniciosis
1622 958 1624 969 ¹

204 1082 270 1144 simi
294 1083 404 1147 erroris
432 1083 555 1147 subduci
583 1101 643 1147 non
672 1101 771 1165 posse.
814 1084 872 1145 Ciu
897 1080 1071 1145 enimvero?
1100 1085 1178 1165 quod
1207 1085 1350 1148 eiusmodi
1376 1086 1583 1167 propositionis

205 1199 341 1257 auctores
362 1210 423 1256 non
449 1193 593 1257 violarent
621 1193 708 1256 modo
730 1210 931 1274 quaecumque
954 1192 1052 1255 omnia
1072 1192 1220 1275 legitimae
1241 1195 1472 1277 interpretationi
1496 1213 1584 1276 prae
1623 1180 1624 1187 ἵ

205 1319 274 1365 esse
296 1301 419 1384 debent,
447 1303 503 1367 sed
523 1309 691 1386 praeterea,
719 1302 798 1383 quod
825 1301 915 1365 modio
941 1309 987 1364 est
1008 1303 1142 1384 gravim,
1171 1305 1201 1366 in
1223 1322 1289 1367 eam
1310 1302 1494 1368 ollenderent
1515 1323 1582 1367 san
1623 1350 1624 1355 η

205 1412 346 1492 monem,
375 1430 433 1494 qua
448 1416 473 1446 '⁴
508 1411 662 1477 tridentina
685 1412 815 1496 synodus
841 1411 898 1493 „ad
926 1411 1091 1475 coercenda
1116 1411 1273 1494 petulantia
1299 1414 1418 1496 ingenia
1440 1413 1581 1495 deceruit
1623 1424 1624 1433 ’

203 1529 235 1584 ut
254 1540 342 1586 uerno
363 1540 434 1585 suae
461 1522 631 1605 prudentiae
656 1523 791 1604 munus,
819 1522 849 1586 iu
874 1520 963 1585 rebus
990 1519 1059 1585 fidei
1086 1528 1116 1584 et
1136 1539 1263 1602 morum,
1292 1522 1329 1585 ad
1349 1522 1580 1587 aedificationem
1623 1508 1624 1565 3

205 1629 353 1695 doctrinae
373 1631 548 1696 christianae
561 1632 766 1716 pertinentium
786 1649 900 1694 sacram
920 1631 1093 1713 scripturam
1112 1630 1150 1693 nd
1162 1648 1233 1694 suos
1247 1650 1352 1695 sensus
1372 1639 1579 1714 contorquens,
1623 1620 1624 1623 ¹

203 1748 305 1804 contra
326 1759 393 1805 etun
416 1760 536 1807 sensum
558 1760 646 1823 quem
666 1742 758 1805 tenuit
783 1748 813 1803 et
833 1747 913 1803 tenet
937 1746 1038 1803 sanctu
1056 1748 1149 1804 mater
1168 1741 1314 1824 ecclesia,
1337 1743 1419 1805 ouius
1440 1749 1488 1805 est
1508 1742 1578 1805 iudi

206 1868 275 1914 cure
295 1850 333 1914 de
354 1868 426 1914 vero
449 1869 540 1914 sensu
561 1858 591 1913 et
610 1850 848 1931 interpretatione
869 1850 1075 1931 scripurarum
1096 1857 1277 1932 sanctarum,
1299 1858 1348 1914 aut
1370 1851 1458 1914 etiam
1479 1858 1578 1915 comba

203 1960 369 2022 unanimem
402 1976 579 2022 consensum
599 1959 729 2040 Patruun,
761 1958 852 2041 ipsam
883 1959 1054 2041 scripturam
1085 1976 1200 2023 sacram
1230 1960 1414 2042 interpretari
1444 1959 1577 2024 audeat“.

204 2068 277 2130 Tum
299 2068 377 2149 quod
398 2069 442 2130 rei
463 2067 568 2131 herent
584 2068 674 2149 spreti
694 2069 855 2149 iuramenti,
877 2087 895 2131 a
916 2067 1038 2149 singulis
1059 2067 1227 2152 theologiae
1248 2069 1415 2133 doctoribus
1437 2088 1455 2133 e
1477 2069 1577 2133 Piilll.

204 2178 384 2259 praescripto
404 2177 435 2239 in
455 2176 531 2240 baec
552 2176 642 2240 uerba
664 2176 863 2259 concipiendi:
906 2178 1047 2257 „Sacram
1068 2180 1240 2260 scripturam
1261 2180 1339 2242 iuxta
1361 2196 1429 2241 eum
1449 2196 1576 2257 sensum,

204 2304 291 2368 quem
312 2286 404 2349 tenuit
424 2293 454 2349 et
474 2293 554 2350 tenet
575 2293 674 2351 sancta
696 2294 789 2350 mater
809 2286 945 2367 ecelesia,
968 2288 1050 2350 cuius
1071 2295 1117 2350 est
1135 2289 1265 2352 iudicare
1287 2288 1324 2351 de
1345 2306 1418 2350 vero
1439 2295 1576 2352 seusuet

202 2396 440 2478 interpretatione
463 2414 613 2459 sacrarum
635 2395 997 2482 scripturarumvadroitto,
1027 2415 1084 2459 nec
1106 2415 1171 2460 eam
1192 2416 1328 2480 umquam
1349 2399 1406 2460 nisi
1425 2398 1507 2461 iuxta
1528 2415 1574 2459 un·

203 2505 331 2569 animem
357 2523 534 2568 consensum
560 2505 675 2568 Petrum
705 2506 844 2587 accipiam
879 2513 909 2568 et
934 2505 1176 2587 interpretabor.“
1217 2507 1308 2570 llecte
1336 2507 1456 2569 omnino
1484 2513 1517 2569 et
1543 2504 1574 2568 ad

203 2633 336 2677 normam
350 2615 510 2679 catholicae
524 2614 715 2698 professionis
728 2614 957 2678 accommodate.
1000 2615 1060 2679 Sed
1081 2632 1139 2696 quo
1153 2622 1238 2696 pacto
1259 2615 1374 2677 obviam
1395 2617 1472 2677 irent
1491 2631 1573 2697 repo

203 2725 297 2807 nenti,
325 2733 496 2808 argumenta
524 2725 631 2790 adesse
655 2727 774 2789 minime
802 2725 887 2789 dubia
914 2745 932 2788 e
960 2727 1048 2789 certis
1080 2724 1165 2788 ducta
1192 2724 1429 2789 hermeneuticae
1456 2723 1573 2807 regulis

204 2972 235 3048 a)
255 2971 417 3031 Tertulliano
436 2972 552 3030 validius
570 2973 783 3047 praescriptione
803 2989 865 3029 neus
915 2990 974 3031 erre
988 2989 1072 3030 m
1087 2973 1289 3030 maeniorum
1298 2974 1438 3048 prosequi,
1458 2980 1486 3031 et
1501 2970 1574 3029 ubet

203 3086 253 3153 est,
274 3097 307 3136 ae
324 3095 404 3137 nemo
425 3080 544 3154 pluribus
559 3080 704 3155 contendit,
726 3079 760 3136 ad
773 3079 865 3154 dispu·
913 3081 1047 3152 refutare.
1092 3079 1134 3137 Et
1153 3079 1249 3135 merito
1274 3079 1322 3153 d),
1352 3094 1432 3152 quum
1459 3076 1571 3151 permitti

204 3186 332 3242 tationem
358 3186 391 3243 de
412 3186 556 3260 Scripturis
576 3203 609 3242 ne
629 3186 734 3242 admitti
759 3186 865 3259 quidem
914 3185 1122 3260 protestantibus
1133 3191 1256 3259 nequem,
1270 3184 1341 3258 quod
1350 3184 1384 3240 de
1393 3185 1571 3242 demonstrato

202 3291 353 3348 haereticos
373 3298 506 3365 oportere.
541 3291 717 3349 Nihilominus
738 3292 865 3349 aduersus
914 3292 1029 3349 dissidio
1062 3293 1214 3365 Scripturas
1244 3292 1315 3347 inter
1346 3290 1571 3361 Traditionemque

203 3395 331 3453 Praxean
347 3413 467 3470 pugnans
480 3415 497 3455 e
512 3414 542 3455 re
559 3414 620 3454 csse
634 3399 710 3456 duxit
729 3397 804 3473 (cup.
816 3398 864 3473 ll.)
914 3388 1072 3473 ἐξηγητικὴν
1086 3398 1216 3470 iactitant,
1237 3397 1300 3470 quin
1312 3396 1476 3454 Traditionis
1492 3396 1570 3469 ipsine

204 3501 347 3558 adnotare:
387 3504 488 3577 „Salva
519 3506 743 3578 praescriptione,
776 3505 865 3576 utique
915 3504 1063 3560 auctoritas
1088 3502 1196 3578 oblique
1220 3502 1390 3559 monebatur.
1431 3502 1488 3559 Aut
1507 3501 1569 3558 euin

204 3613 292 3664 tamen
312 3613 421 3681 propter
436 3610 636 3667 instructionem
653 3618 681 3667 et
695 3611 866 3666 munitionem
914 3604 1028 3685 λογικῶς
1054 3626 1113 3665 eam
1138 3615 1260 3683 spectes,
1294 3616 1321 3664 et
1347 3608 1443 3665 eodem
1469 3606 1569 3664 vinculo

205 3714 394 3789 quorumdam,
422 3715 536 3772 dandum
556 3732 617 3773 esse
638 3716 719 3771 etiam
739 3721 867 3772 retraeta-
914 3732 974 3772 cum
1005 3714 1149 3773 bibliorum
1183 3715 1402 3788 interpretatione
1435 3714 1568 3783 cohaeret,

204 3820 323 3878 tionibus
344 3820 446 3877 locumz
477 3821 519 3877 rel
539 3838 572 3878 ne
591 3821 717 3878 rideatur
734 3838 867 3894 unaquae-
915 3837 967 3895 quo
988 3837 1153 3894 consequens
1167 3837 1225 3877 cum
1241 3819 1413 3880 antecedente
1430 3819 1568 3893 copulatur·

203 3944 253 4000 que
273 3927 445 4002 peruersitas,
465 3940 519 3983 non
539 3928 700 4004 examinata,
721 3928 769 3984 sed
788 3944 866 4001 prae·
913 3928 970 3985 Aut
981 3929 1053 3985 illam
1067 3933 1173 4001 spectas
1185 3921 1363 4003 θεολογικῶς,
1381 3933 1409 3982 et
1421 3927 1481 3983 lleri
1493 3924 1569 3980 nulla·

204 4033 321 4090 iudicata
343 4034 478 4108 damnari,
506 4033 621 4091 mammo
640 4034 721 4109 haec,
747 4048 866 4107 quaese
914 4040 989 4091 tenus
1008 4040 1115 4109 potest,
1136 4040 1165 4090 nt
1184 4034 1219 4089 iis
1240 4040 1299 4089 tuto
1319 4033 1386 4090 fldas
1406 4032 1568 4095 testantibus,

203 4140 341 4196 existimat
355 4156 454 4196 meram
468 4140 608 4197 veritatem
621 4137 791 4213 possidere.“
821 4139 866 4196 Ad
914 4142 959 4214 qui
983 4141 1044 4197 dum
1071 4141 1291 4215 interpretantur,
1320 4140 1470 4196 arerimtc
1490 4139 1568 4195 disct-

201 4245 269 4303 haee
282 4246 314 4321 b)
328 4252 459 4319 quotquot
471 4245 643 4319 scotreliqua
655 4246 760 4303 Petrum
773 4261 865 4320 opera,
914 4246 986 4303 dune
1027 4246 1092 4303 Cum
1117 4246 1207 4318 itaque
1234 4244 1355 4317 theologi
1375 4246 1414 4302 sit
1432 4246 1468 4303 ad
1487 4236 1567 4322 cippo

203 4358 314 4424 actaque
344 4354 535 4427 conciliorum,
574 4357 615 4408 tot
647 4352 865 4425 eloquentissima
913 4351 988 4423 nter,
1013 4352 1268 4425 consensionemque
1295 4351 1434 4427 redigere,
1461 4349 1568 4425 quaein

201 4457 331 4515 habentur
351 4466 514 4535 argumenta,
536 4459 631 4531 quibos
652 4458 685 4515 de
703 4452 865 4516 cilicio'mo·
914 4459 1056 4516 christiana
1078 4459 1198 4517 doctrina
1213 4458 1323 4533 taciem,
1343 4459 1513 4532 speciemque
1525 4469 1566 4526 op

201 4580 294 4620 nemun
319 4566 500 4623 ostendendae
524 4564 725 4641 consensionis,
759 4582 809 4640 qua
836 4567 864 4621 in
911 4568 1056 4639 positionis
1082 4566 1181 4623 relerre
1201 4564 1338 4642 domur,
1362 4565 1420 4620 eius
1440 4564 1505 4623 item
1524 4558 1565 4618 erit

201 4686 280 4726 unam
313 4672 485 4746 eamdemque
516 4673 674 4729 smtendam
710 4671 864 4745 Scripturas
912 4674 1103 4745 cognationem
1123 4673 1279 4747 ostendere,
1305 4688 1355 4744 qua
1376 4671 1527 4745 Scripturas
1543 4669 1582 4720 el·

202 4783 230 4832 et
253 4769 393 4851 ἐξτηνμυσή
421 4777 539 4836 Traditio
567 4783 733 4835 concurrunt.
775 4778 862 4847 Quare
911 4770 1053 4856 ἐξηρμικῇ
1074 4778 1193 4837 Traditio
1214 4778 1406 4837 devinciuntur.

201 4880 230 4955 c)
252 4883 330 4939 initio
345 4883 526 4958 Theologicae
539 4885 674 4960 Summae,
696 4891 723 4942 et
735 4883 863 4942 librorum
976 4885 1019 4960 ¹⁴)
1051 4885 1124 4942 Sess.
1145 4884 1191 4943 Ν.
1212 4886 1318 4944 Decret.
1339 4886 1373 4943 de
1393 4884 1459 4942 edit
1479 4888 1506 4940 et
1523 4889 1561 4937 net

199 4987 325 5046 adversus
345 4990 461 5049 Gentiles
482 4992 597 5050 Thomas
617 4991 716 5069 edicit,
743 4991 864 5050 eiusdem
912 5006 1048 5049 sauronam
1068 4989 1205 5047 librorum.
