3358 5400
655 252 802 323 carba
842 253 969 323 XXVI.
1442 261 1505 323 tob

130 423 320 509 mmpvobarl,
342 423 423 489 nullo
442 440 564 507 prorsus
585 443 666 491 nem
686 442 754 490 cnm
776 425 923 506 dochino,
943 443 1002 510 qua
1022 424 1125 491 l’etrcs
1146 427 1336 510 conspicuum
1358 427 1504 493 ecclesiae

131 542 212 618 capnt
230 534 371 614 creditum,
392 533 549 598 formulam
569 535 735 600 cohaerere
759 555 816 619 qua
837 536 965 600 ecclesia
986 534 1119 600 eiusdem
1142 553 1249 619 corpus
1271 538 1390 602 dicatur.

230 650 298 709 373.
341 644 428 720 Quod
454 644 543 708 muto
571 645 723 728 apparebit
746 646 926 725 evidentius,
953 645 979 711 ai
1005 643 1044 709 ad
1065 640 1229 710 externum
1256 664 1316 729 quo
1335 647 1383 711 usi
1402 665 1505 712 sumus

129 752 293 837 κριτήριον,
325 760 491 833 menum,
526 773 663 838 quaeque
688 773 728 819 cx
753 772 791 819 eo
818 773 871 819 sua
898 762 1003 837 sponte
1029 754 1192 838 dimanant,
1223 754 1426 849 adiecerimus.
1469 755 1506 820 Ut

128 863 202 927 enirn
222 883 239 927 a
259 864 411 929 vocabulis
432 866 581 947 auspicer,
603 864 708 947 quibus
728 864 852 928 formula
877 872 1005 946 conset,
1033 865 1115 948 quid,
1145 873 1228 948 peto,
1258 867 1339 929 venit
1357 864 1505 930 eccleciae

123 971 260 1037 nominci
288 991 396 1056 eorpus
417 994 456 1038 ne
476 972 655 1061 ἀκέφαλον,
683 993 722 1039 an
742 975 832 1038 satius
853 992 960 1056 corpus
982 974 1109 1054 visibile,
1136 993 1251 1057 suoque
1276 974 1382 1039 visibili
1410 977 1504 1058 capite

123 1080 314 1146 memtctumi
341 1082 419 1149 hane
440 1084 574 1165 superius
591 1087 632 1120 ¹⁸¹
658 1085 889 1149 controversiam
910 1084 1107 1166 absolvimus,
1135 1085 1385 1167 ostendimusque,
1406 1085 1505 1148 eecle-

119 1192 179 1257 siae
204 1193 400 1276 appellatione
430 1193 589 1276 significari
606 1196 649 1228 ¹³²
676 1194 713 1258 iv
733 1195 841 1276 σῶμα,
869 1202 957 1276 atque
977 1194 1053 1258 adeo
1074 1212 1181 1276 corpus
1204 1194 1333 1277 partibus
1355 1194 1500 1277 omnibus,

121 1303 340 1385 conspicuoque
367 1303 498 1385 inprimIs
531 1304 640 1385 capite,
675 1322 733 1385 quo
765 1303 802 1367 ad
836 1304 973 1367 unitatem
1007 1304 1165 1386 redigitur,
1196 1304 1366 1387 peribolum.
1409 1304 1503 1379 Quem

119 1413 207 1495 igitur
228 1431 349 1477 sensum
367 1412 507 1477 redderet
527 1412 660 1493 iormula,
682 1430 739 1495 qua
758 1412 886 1476 ecclesia
906 1432 1017 1493 eorpus
1034 1410 1124 1476 Petri
1145 1412 1317 1478 dicereturi
1339 1414 1417 1478 hunc
1440 1433 1504 1477 om·

120 1524 198 1604 nino,
220 1543 334 1603 corpur
354 1521 475 1586 visibile
495 1529 633 1586 iunctum
650 1521 881 1602 memoremque
901 1543 971 1585 cum
991 1542 1050 1586 auo
1070 1520 1184 1586 visibili
1202 1528 1308 1603 eapite,
1331 1545 1424 1605 ecquae
1439 1521 1501 1588 Pe-

119 1639 168 1696 tro
188 1653 302 1713 eorpus
323 1653 392 1696 me
414 1629 516 1696 Petri.
559 1633 670 1697 Verum
698 1630 844 1714 quidhoc
865 1630 1004 1713 loquendi
1024 1633 1139 1695 mtione
1167 1631 1336 1714 absurdius,
1365 1635 1502 1717 quodque

120 1743 224 1806 maiori
244 1743 357 1807 aurium
378 1743 513 1806 convicio
535 1739 715 1824 excipiatur?
736 1760 788 1807 res
809 1759 885 1824 ergo
906 1742 1037 1806 subiecta
1053 1740 1199 1805 lormulae
1219 1742 1320 1806 verbis
1341 1760 1401 1807 non
1425 1744 1501 1825 sinit,

119 1859 151 1916 ut
170 1851 300 1917 ecclesia
322 1870 429 1935 eorpus
450 1853 527 1917 Petri
548 1860 741 1934 nuncupetur.

227 1962 313 2038 Quod
340 1962 430 2046 longe
458 1964 545 2026 etiam
575 1963 670 2025 minue
689 1961 864 2044 significatio
884 1963 1006 2044 patitur,
1034 1978 1111 2043 quae
1130 1960 1199 2024 huic
1220 1961 1437 2043 metaphoricae
1459 1961 1502 2024 lo·

119 2072 251 2153 quutioni
272 2090 311 2135 ex
329 2089 386 2136 usu
406 2071 531 2152 biblico,
558 2070 820 2153 ecclesiasticoque
849 2071 965 2134 dicendi
986 2072 1120 2136 subiecta
1140 2079 1194 2135 est
1239 2070 1316 2137 Sane
1337 2072 1502 2135 testimonia

118 2182 306 2263 recolantur,
327 2199 403 2264 quae
424 2183 549 2264 ipsemet
568 2181 661 2245 innuit
675 2182 718 2213 ¹³⁸
742 2180 942 2261 lurrettinus,
972 2199 1106 2264 quaeque
1125 2201 1161 2244 ea
1182 2188 1280 2246 mente
1302 2183 1386 2262 citat,
1407 2189 1438 2245 ut
1458 2182 1501 2246 le·

119 2290 251 2355 ctoribus
271 2290 461 2373 persuadeat,
489 2291 647 2355 ecclesiam
673 2309 712 2354 ne
733 2290 828 2354 semel
853 2291 971 2373 quidem
991 2290 1085 2371 Petri,
1114 2298 1282 2357 constanter
1303 2309 1376 2355 vero
1397 2291 1502 2355 Christi

119 2419 228 2482 corpus
246 2399 394 2483 appellari.
438 2400 514 2474 Quid
536 2419 576 2465 ex
595 2400 630 2464 iis
654 2401 781 2481 eruitur,
811 2402 918 2483 quidve
937 2399 1078 2466 inserturi
1106 2402 1228 2466 inlerttu
1256 2422 1292 2467 ea
1314 2403 1435 2486 myctica
1458 2401 1501 2465 di·

121 2511 206 2574 cendi
227 2509 352 2575 formula
373 2509 559 2593 multiplicem
584 2516 692 2588 σχέσιν
711 2511 883 2593 significari,
910 2529 968 2593 qua
984 2514 1024 2546 ¹³⁴
1050 2512 1180 2575 Christus
1205 2532 1368 2592 supremus
1390 2521 1436 2576 eat
1455 2533 1501 2576 ee-

121 2617 234 2685 clesiae
252 2618 422 2701 bonane,
449 2624 484 2684 ἐν
504 2621 600 2685 πᾶσιν
620 2616 786 2702 πρωτεύει,
816 2627 977 2701 onmiuque
998 2618 1070 2698 eibi,
1091 2629 1194 2702 utpote
1215 2623 1500 2703 πρωτότοκος,

121 2726 268 2808 ahmiu,
297 2728 497 2811 mbieciuque
522 2728 628 2794 babet.-
656 2750 713 2813 qua
729 2733 771 2765 ¹³⁵
798 2736 831 2793 iu
856 2729 1032 2829 eccleciam,
1060 2729 1243 2815 singulaque
1263 2738 1329 2795 aava
1352 2728 1501 2807 membra,

120 2848 225 2920 utpote
244 2859 422 2919 supremum
442 2838 584 2904 caelestia
605 2847 687 2904 attae
705 2846 896 2921 principium
920 2847 1065 2921 operetur
1085 2864 1124 2905 ac
1145 2838 1261 2924 instuit,
1283 2859 1340 2923 qua
1357 2843 1399 2877 ¹³⁶
1424 2841 1502 2904 eiua·

121 2949 190 3014 dem
219 2948 392 3030 redemptor
421 2956 467 3013 eat
497 2971 534 3013 ue
561 2949 714 3027 sciemur,
743 2950 881 3032 illamque
895 2951 937 2983 '³⁷
961 2949 1017 3014 sibi
1043 2950 1145 3014 dicimo
1171 2956 1310 3034 cmiapio
1330 2956 1504 3014 erctmaime

121 3060 277 3136 ιὶωῡιωδί,
305 3067 343 3123 ut
362 3065 426 3123 mut
443 3068 554 3123 abacia
576 3069 607 3124 et
627 3058 826 3125 immacculata
850 3066 959 3138 capilio
982 3065 1049 3136 aui,
1079 3067 1189 3141 ruique
1208 3066 1315 3140 apuam
1332 3057 1435 3145 pieria
1455 3080 1501 3122 re-

117 3168 263 3249 pleretur.
306 3168 366 3235 Sed
391 3188 481 3252 quum
509 3170 573 3235 talis
602 3172 640 3235 sit
667 3172 731 3235 eius
758 3170 902 3234 formulae
922 3177 1067 3252 potestas,
1095 3168 1228 3250 talesque
1251 3169 1292 3233 illi
1320 3188 1337 3233 e
1364 3169 1502 3252 loquendi

119 3279 275 3344 bibliouum
295 3296 353 3341 ucrt
367 3279 503 3343 notiones
516 3279 713 3361 subiicientur,
735 3286 821 3345 emnt
841 3299 879 3345 ne
901 3280 952 3362 qui
965 3279 1098 3373 llagitare
1114 3287 1247 3362 pergant,
1270 3298 1323 3343 cur
1344 3298 1501 3362 numquam

118 3389 158 3452 de
177 3390 280 3469 Petro,
306 3406 342 3450 ac
365 3387 403 3451 de
423 3405 483 3451 uno
504 3397 673 3454 constamtcr
693 3388 808 3453 Christo
829 3386 1022 3453 adhibeatur?
1049 3408 1086 3452 an
1107 3389 1221 3470 habuit,
1251 3386 1398 3472 habetque
1419 3388 1501 3454 Chri·

118 3506 183 3563 ctua
206 3517 273 3563 cum
302 3497 406 3581 quibus
429 3517 596 3581 supremum
618 3500 647 3563 in
669 3498 826 3563 ecclesiam
847 3499 1007 3563 dominium
1023 3501 1067 3533 ¹³⁸
1088 3495 1245 3580 partiatur?
1270 3518 1307 3562 an
1335 3499 1418 3563 alteri
1440 3500 1501 3563 eoi-

118 3609 197 3691 piam
224 3626 282 3672 una
308 3625 376 3672 eum
404 3609 518 3673 Christo
544 3609 631 3673 tribui
656 3616 766 3691 potest,
799 3609 877 3691 quod
907 3608 1064 3673 ecclesiam
1090 3625 1145 3672 suo
1167 3609 1311 3691 sanguine
1332 3609 1501 3690 redemerit,

119 3718 200 3802 quod
216 3719 386 3801 aspersione
408 3720 453 3782 sui
474 3719 626 3802 sanguinis
646 3719 791 3782 mundarit
812 3727 842 3781 et
862 3718 989 3799 mundet,
1011 3718 1088 3800 quod
1107 3718 1148 3781 illi
1161 3719 1330 3799 perenniter
1348 3719 1435 3781 vitam
1457 3712 1504 3781 iu-¹

119 3827 183 3907 dat,
211 3845 325 3910 suaque
350 3827 445 3910 gloria
471 3824 647 3910 perhundati
682 3835 749 3892 sunt
773 3827 848 3891 haec
874 3829 959 3892 unius
987 3826 1091 3891 Christi
1118 3828 1249 3910 propria,
1289 3846 1387 3909 oeque
1418 3827 1502 3893 alteri

119 3955 209 4019 quam
232 3935 445 4021 hauvbpoinqa
466 3939 626 4001 convenire
653 3943 777 4019 possunt
796 3944 845 4001 aut
865 3937 960 4001 tribui.
1004 3936 1098 4010 Qum
1119 3937 1209 4019 igitur
1231 3936 1290 4000 huc
1310 3937 1413 4001 redeat
1433 3957 1502 4002 sen-

117 4048 210 4110 tentia
230 4047 387 4129 formulae,
410 4066 467 4130 qua
488 4047 617 4112 ecclesia
638 4047 742 4112 dicitur
762 4064 868 4129 corpus
891 4046 1010 4126 Christi,
1031 4047 1232 4110 necessarium
1254 4047 1307 4110 luit
1325 4065 1365 4110 ne
1387 4046 1424 4110 de
1445 4046 1502 4111 alio
1612 4102 1617 4109 ,

119 4157 256 4239 quopiam
277 4165 476 4240 unnpmeun.

227 4270 297 4328 374.
340 4266 428 4332 Cadus
449 4268 634 4332 necessitatis
655 4274 859 4350 argumentum
885 4284 958 4331 sane
978 4284 1038 4329 non
1059 4266 1153 4329 levius
1174 4284 1193 4329 e
1214 4265 1427 4349 significatione
1448 4286 1500 4350 pe·

117 4376 187 4438 titur
207 4374 489 4440 ucueeeleaiuctiec
512 4377 608 4440 eidem
625 4375 770 4439 lonnulae
791 4375 934 4441 attributa.
976 4376 1197 4458 lnterrcgentur
1217 4377 1295 4439 enim
1310 4375 1411 4440 Patres
1432 4377 1502 4459 quid
1640 4446 1641 4453 ,

185 4564 246 4638 ¹³¹)
266 4582 310 4623 au.
331 4563 399 4623 ato.
420 4581 494 4641 seqq.
899 4565 959 4641 ¹⁸⁸)
979 4567 1046 4624 lbid.
1067 4568 1101 4625 V.
1122 4566 1170 4625 23.
1305 4620 1308 4623 .

186 4670 246 4744 ¹³²)
265 4670 366 4745 Ephcc.
386 4670 433 4729 Ν.
453 4670 481 4728 4.
899 4671 1045 4746 ¹³⁷)1bid.
1067 4688 1111 4729 vv.
1132 4672 1273 4731 26-33.

185 4775 247 4849 aaa)
265 4792 291 4832 n,
311 4774 380 4833 371,
900 4777 960 4852 ¹⁸³)
987 4779 1071 4836 Nemo
1098 4778 1126 4835 id
1153 4778 1267 4855 dixerit,
1302 4778 1345 4835 cui
1370 4782 1435 4835 noia
1463 4778 1500 4834 ait

187 4878 360 4954 uquam.
368 4881 388 4938 1.
399 4880 446 4939 ae.
454 4881 785 4956 connumera-ec.
835 4884 906 4940 nau
932 4885 1064 4941 sennam
1084 4883 1182 4958 apen.
1196 4883 1242 4941 ιν.
1258 4884 1292 4943 e:
1322 4872 1372 4948 de
1391 4871 1497 4958 duwe
1635 4858 1636 4873 Ν

187 4981 250 5058 ¹⁸⁵)
269 4982 367 5057 epta.
387 4987 433 5044 tv.
456 4985 593 5048 lli-lb.
835 5004 889 5053 aua
909 5002 988 5049 meua
1009 5005 1041 5049 ac
1059 4978 1098 5057 εἷς
1116 4978 1192 5053 θεός.
