3324 5382
179 262 243 325 008
671 257 802 323 minuit
842 255 1075 325 summus

179 429 312 509 Christo,
342 429 392 512 qai
412 426 469 493 sibi
489 426 570 491 illum
591 444 648 492 ceu
669 429 861 510 conspicuum
881 429 968 492 muns
989 426 1114 492 aedificii
1135 427 1355 497 bnmmenium
1373 427 1502 508 suffeci,
1525 429 1572 494 di·

177 541 235 603 visi
257 540 441 620 seiunctique
463 545 651 603 corruerent:
686 538 826 620 apostolis
847 555 920 601 vero
942 538 1093 617 omnbus,
1120 558 1159 602 ne
1179 541 1207 602 si
1227 558 1244 603 a
1264 539 1342 603 Petri
1361 539 1420 603 tide
1440 540 1573 604 disside-

178 656 264 729 rent,
293 648 330 712 ab
351 650 416 730 ipsa
436 664 555 730 quoque
577 650 736 730 conspicua
757 647 949 711 orthodoxiae
971 647 1075 730 regula
1097 647 1283 729 aberrarent,
1313 667 1400 732 mam
1419 651 1450 713 in
1469 649 1573 729 Petro,

179 760 303 841 eiusque
324 757 382 821 bde
403 775 439 820 ac
458 757 675 839 praedicatione
696 757 826 822 Christus
848 757 1012 821 collocavit.

287 874 359 931 208.
404 868 505 933 Sentio
537 866 605 948 quid
633 868 725 948 possit
751 885 811 930 non
837 870 903 931 sine
931 868 1056 951 qudam
1085 868 1295 951 probabilitatis
1324 869 1425 951 specie
1445 870 1573 950 reponi:

180 993 257 1059 opns
276 994 336 1039 non
358 975 449 1039 inisse
473 976 613 1058 apostolis
634 976 721 1040 Petro
740 976 956 1060 confirmante,
974 985 1076 1060 utpote
1097 980 1147 1060 qni
1167 978 1203 1043 ab
1225 980 1290 1060 ipso
1312 977 1426 1042 Cbristo
1447 985 1478 1041 et
1497 978 1574 1040 mb-

180 1088 297 1153 sionem
318 1103 401 1149 suam
421 1093 452 1148 et
475 1081 655 1169 ἀσφαλείας
677 1085 785 1150 donum
806 1083 932 1168 ἀμέσως
954 1088 1131 1170 acceperint.
1175 1087 1214 1151 At
1233 1104 1293 1170 ego
1314 1104 1386 1150 nero
1412 1104 1452 1151 ne
1478 1104 1574 1168 repe·

178 1204 239 1260 Ιιιιι
264 1215 341 1278 quae
368 1198 526 1260 occasione
553 1214 612 1259 non
643 1195 791 1259 dissimilia
817 1196 974 1260 admodum
1000 1196 1175 1261 difficultatis
1195 1196 1292 1279 paullo
1314 1197 1449 1279 superius
1462 1198 1489 1230 ¹⁹
1514 1214 1574 1259 ex·

178 1306 311 1388 planari:
346 1324 486 1388 quaeram
513 1306 534 1369 l.
556 1323 615 1387 quo
645 1306 810 1389 pertineant
833 1322 910 1388 quae
932 1307 970 1370 de
990 1307 1077 1370 Petro
1098 1314 1251 1370 nouantur
1265 1308 1290 1340 ¹¹
1315 1308 1346 1369 in
1365 1304 1463 1386 Actis,
1500 1307 1572 1369 sire

179 1434 268 1497 quarn
290 1433 417 1497 superna
437 1414 619 1478 revelatione
642 1414 764 1478 ednotus
777 1419 815 1496 ¹²,
844 1418 975 1479 ananiam
995 1417 1106 1498 primus
1128 1415 1304 1496 declaravit,
1329 1415 1486 1480 advenisse
1507 1417 1572 1478 iarn

178 1532 293 1607 tempus
314 1542 373 1606 quo
401 1525 483 1606 ipsae
512 1527 600 1589 etiam
628 1532 736 1608 gentes
763 1527 794 1587 in
824 1524 952 1589 bdelium
980 1534 1099 1590 coemm
1126 1526 1343 1608 reciperentur:
1378 1529 1443 1590 sive
1475 1543 1573 1607 quum

179 1635 352 1699 solemniter
367 1642 455 1716 atque
469 1632 671 1708 αὐθεντικώς
683 1637 708 1668 ¹³
726 1634 825 1713 edixit,
848 1636 1106 1700 caeremonialium
1122 1637 1334 1699 institutionum
1354 1635 1574 1718 obligationem

177 1746 237 1809 iam
258 1745 373 1827 penitus
394 1744 552 1807 interiisse.
597 1744 629 1809 si
650 1744 718 1827 quid
751 1743 854 1825 video,
891 1745 1017 1828 probant
1043 1748 1099 1809 ista
1126 1745 1305 1822 luculenter,
1340 1747 1376 1809 iis
1396 1745 1516 1809 Petram
1538 1747 1574 1808 in

178 1861 303 1935 uimque
325 1854 514 1917 contentione
536 1852 704 1917 defunctum
726 1873 796 1919 esse
817 1855 964 1938 partibus,
1000 1873 1073 1937 quas
1101 1854 1142 1917 illi
1168 1855 1300 1918 Christus
1326 1854 1573 1936 demandaverat,

177 1964 331 2045 iuquiens:
358 1963 412 2027 noti
432 1962 472 2026 σύ
493 1983 568 2026 ποτε
590 1967 780 2049 dampnatione
801 1962 946 2046 στήριξον
964 1957 1039 2039 τούς
1057 1961 1220 2049 ἀδελφούς
1240 1982 1308 2029 σου.

286 2071 334 2136 Ad
354 2091 426 2155 quas
447 2071 524 2136 Petri
544 2080 642 2155 partes
663 2073 696 2136 ll.
719 2091 780 2136 non
800 2074 928 2138 obscure
949 2073 1046 2137 allusit
1060 2077 1085 2106 ¹⁴
1102 2072 1217 2154 Paulus,
1237 2093 1326 2156 quum
1346 2092 1381 2138 se
1395 2073 1572 2158 Hierosoly·

179 2201 257 2246 mam
279 2184 399 2247 venisse
419 2189 542 2247 testatus
563 2190 617 2263 est,
640 2191 671 2246 ut
694 2183 808 2247 videret
823 2184 950 2263 Petmm,
972 2202 1039 2246 cum
1060 2201 1098 2247 eo
1120 2182 1157 2245 de
1179 2183 1327 2266 evangelii
1347 2184 1571 2266 praedicatione

179 2293 338 2374 conferret,
361 2293 513 2358 dexteram
534 2294 684 2356 societatis
705 2295 864 2375 acciperet,
887 2294 974 2357 nain
994 2311 1118 2356 vacuum
1133 2300 1267 2355 curreret
1286 2300 1335 2356 aut
1355 2294 1546 2357 cucurrisset.

286 2409 356 2466 209.
399 2402 445 2466 Ao
472 2421 545 2467 sane
572 2403 618 2467 ut
640 2403 699 2466 duo
724 2411 792 2467 snnt
820 2403 1087 2467 conuoversiarum
1106 2419 1221 2484 genera
1240 2410 1302 2465 toto
1325 2402 1410 2466 caelo
1431 2401 1572 2466 diuersa:

178 2513 260 2575 initio
281 2513 415 2595 qudem,
450 2521 556 2576 utrum
583 2510 713 2594 apastoli
737 2520 968 2593 promissionem
997 2508 1231 2595 infallibilitatia
1252 2535 1272 2574 a
1295 2509 1418 2575 Clrinto
1439 2512 1570 2597 suffert

178 2618 342 2705 ἄμέσως
373 2629 569 2703 consequuti:
602 2630 663 2686 tum
693 2641 876 2704 veroquam
897 2623 1036 2700 modum,
1073 2642 1202 2702 quantae
1222 2623 1419 2702 exequendae
1436 2631 1570 2702 moenie

179 2739 275 2796 amnia
296 2741 447 2798 rationem
468 2731 613 2796 Gloriatur
635 2732 788 2819 deleqerd
821 2733 866 2796 lle
883 2734 1078 2815 promissione
1099 2750 1227 2813 namque
1247 2732 1464 2814 infallibilitatis,
1490 2752 1571 2815 qaue

179 2841 319 2925 apostolis
340 2840 466 2923 ἀμέσως
487 2842 562 2907 lacta
584 2841 686 2923 luerit,
721 2860 810 2906 nemo
834 2849 881 2907 est
902 2843 952 2924 qui
973 2841 1119 2924 ambigat,
1154 2859 1243 2904 nemo
1271 2843 1321 2923 qui
1341 2841 1420 2904 illam
1443 2860 1504 2904 non
1526 2842 1571 2905 al·

178 2952 275 3016 firmet
294 2971 329 3014 ao
351 2952 498 3016 defendat.
542 2952 614 3016 Tota
637 2954 726 3035 igitur
749 2953 883 3034 quaestio
905 2951 948 3015 ad
966 2951 1090 3015 modiana
1110 2959 1318 3031 rationemque
1338 2950 1485 3036 refertur,
1510 2970 1571 3034 qua

179 3061 259 3125 illam
281 3063 470 3143 exequutioni
492 3062 685 3144 mandandam
708 3061 839 3126 Christus
862 3061 1038 3126 donaverit.
1083 3061 1237 3142 Scripturis
1258 3068 1354 3124 autem
1376 3061 1474 3125 edocti
1500 3080 1570 3125 cre·

180 3169 288 3251 dimus,
326 3191 390 3234 una
412 3192 481 3234 aum
503 3170 575 3235 aliia
597 3180 662 3236 tana
682 3177 815 3233 internis
844 3190 936 3249 quam
964 3176 1104 3232 eatenis
1131 3170 1252 3247 mediis,
1285 3169 1511 3250 praesidiisque
1537 3177 1569 3232 et

179 3280 267 3343 istud
285 3278 432 3364 eeleqiaee
444 3284 470 3316 ¹⁶
495 3279 660 3358 Christum,
684 3289 716 3344 ut
736 3282 765 3344 in
786 3279 882 3361 Petro,
904 3282 1027 3362 eiusque
1047 3279 1105 3343 tide
1124 3296 1160 3342 ac
1180 3279 1398 3361 praedicatione
1420 3278 1569 3361 quoddam

181 3389 271 3453 veluti
293 3392 482 3473 conspicuum
504 3389 709 3474 παράδειγμα
727 3396 900 3472 reponeret,
936 3388 1016 3472 quod
1042 3389 1242 3470 apostolorum
1269 3389 1368 3453 ‚cardis
1398 3397 1569 3454 constanter

181 3498 398 3579 obversaretur,
423 3507 454 3564 et
472 3520 489 3562 a
512 3519 570 3583 quo
592 3502 648 3583 ipsi
667 3518 826 3582 numquam
847 3497 958 3562 vellent
978 3497 1133 3562 recedere.
1323 3490 1331 3504 '

288 3608 373 3683 Quod
399 3616 432 3672 ut
460 3609 576 3692 plenius
604 3610 826 3692 distincmsque
856 3608 1050 3691 intelligatur,
1085 3607 1217 3689 proderit
1242 3607 1290 3672 lv.
1311 3608 1568 3689 animadvertisse,

181 3726 416 3799 eaequutianent
434 3727 606 3799 monicae
627 3718 861 3805 infallibilitate
882 3739 951 3781 aum
973 3739 1012 3780 aa
1032 3724 1103 3797 apte
1123 3724 1203 3781 aatte
1225 3724 1373 3799 compuri,
1395 3739 1457 3798 qua
1479 3716 1568 3782 Deua

181 3828 335 3893 clansam
355 3838 529 3911 exequitur,
552 3832 633 3912 quod
651 3828 912 3913 confirmationem
931 3835 964 3891 ia
982 3833 1087 3912 qratia
1107 3848 1289 3907 nuncupare
1309 3825 1423 3891 solent:
1441 3835 1568 3912 utraque

181 3943 261 4004 enirn
284 3940 471 4024 multiplicem
494 3942 684 4022 internorum,
707 3948 957 4021 externornmque
980 3955 1135 4002 munemm
1156 3938 1267 4001 seriem
1287 3937 1504 4020 complectitur:
1533 3959 1569 4003 ac

181 4057 306 4131 umque
326 4070 343 4114 a
364 4049 429 4114 lleo
448 4069 538 4133 ιιιιιιιιι
558 4069 613 4132 per
633 4069 667 4114 se
689 4057 719 4114 et
739 4049 922 4129 immediate,
958 4057 1019 4112 tum
1040 4066 1095 4129 per
1115 4048 1259 4110 institutas
1280 4046 1427 4110 secundas
1448 4066 1569 4113 mussas

180 4166 270 4241 atque
291 4160 418 4224 mediate
438 4160 592 4243 perficitur.
635 4159 715 4223 lnter
737 4159 883 4224 secundas
904 4176 977 4223 vero
999 4154 1194 4239 exequendae
1215 4155 1424 4220 inlallibibtatis
1445 4175 1568 4223 caumas

178 4286 264 4333 auum
283 4288 352 4334 esse
374 4270 472 4334 locum
486 4271 617 4335 cbristus
636 4269 727 4333 uoluit
747 4269 969 4349 confirmationi,
992 4285 1068 4350 qnae
1088 4264 1205 4329 al’etm
1225 4256 1345 4330 aucmrc
1367 4267 1568 4349 exspectanda

180 4389 270 4462 esset,
294 4399 430 4463 quaeque
451 4381 488 4445 ab
508 4383 572 4465 ipso
593 4382 741 4463 proposita
761 4378 961 4454 addemnatis
981 4377 1040 4441 lide
1060 4375 1260 4441 exhiberetur.

245 4518 289 4595 ¹⁰)
311 4517 374 4590 Gap.
395 4517 464 4576 lllll.
786 4492 795 4505 ’
897 4517 943 4574 nbi
968 4515 1022 4590 boo
1051 4516 1139 4592 ipsum
1172 4515 1282 4572 verbnm
1313 4532 1394 4589 saepe
1423 4516 1568 4593 repetitor,

897 4606 1516 4688 tremulo,u.ren.t12,11ttt.“

246 4709 289 4784 ιι)
315 4708 470 4783 Opportune
489 4709 632 4781 Bergelins
652 4708 679 4765 iu
700 4704 793 4765 Goon.
815 4708 849 4765 ad
963 4711 1007 4787 ¹²)
1030 4711 1091 4768 dat
1106 4710 1139 4768 x.
1151 4708 1298 4785 28-45,
1318 4709 1364 4768 xl.
1381 4707 1407 4766 l.

182 4806 234 4862 ista
254 4805 355 4879 rerba,
383 4797 512 4881 στήριξω
534 4797 600 4870 eoric
623 4795 761 4880 ἀδελφούς
785 4820 849 4875 σου,
964 4808 1007 4883 ¹⁸)
1027 4808 1096 4865 lbid.
1116 4806 1175 4863 XV.
1198 4805 1314 4863 7-10.

181 4905 236 4959 ait:
270 4903 364 4975 „lecit
388 4904 442 4960 boc
466 4903 558 4958 Petras
583 4916 636 4958 non
664 4901 747 4958 mulio
771 4909 849 4977 post,
965 4904 1009 4979 ¹⁴)
1029 4904 1114 4962 Galat
1134 4904 1155 4959 l.
1178 4902 1230 4977 18,
1255 4903 1288 4960 ΙΙ.
1308 4903 1338 4961 2.

186 4996 247 5055 dat
267 4998 300 5055 ll.
321 5014 395 5073 aeq:
424 5005 452 5054 et
473 4998 500 5055 in
520 5005 632 5071 unaque
650 5013 700 5054 aaa
726 4999 851 5076 eputola,
966 5003 1009 5081 ¹⁸)
1030 5003 1092 5062 bac
1112 5001 1195 5061 llllll.
1216 5001 1264 5059 32.
