3266 5416
227 332 247 393 l
745 330 1076 402 Pnounuutrunn

334 505 362 561 3.
394 497 541 561 Hactenus
563 497 699 583 Tbornas,
722 510 751 564 et
772 521 809 566 ea
831 504 947 585 quidem
971 503 1129 568 verborum
1151 505 1307 586 gravitate,
1330 506 1591 588 sententiarumque

227 609 397 690 constantia,
416 617 448 671 ut
467 610 623 692 perspicue
646 620 791 693 appareat,
813 631 872 676 non
892 632 967 677 nova
989 632 1086 696 neque
1108 613 1208 695 dubia,
1235 614 1289 677 scd
1309 615 1404 696 prisca
1427 621 1513 696 atque
1534 623 1593 678 rata

227 736 295 781 esse
324 737 399 799 quae
427 719 528 799 tradit,
557 739 692 802 quaeque
714 722 839 787 Schotae
865 723 1013 805 theologis
1041 723 1229 786 custodienda
1258 723 1437 805 praescribit.
1486 724 1532 787 llx
1552 725 1592 787 bis

227 834 338 908 autem,
365 846 382 890 a
404 828 508 909 quibus
529 849 568 892 nc
589 829 647 893 lato
668 833 785 914 quidem
810 851 909 917 ungue
931 834 1194 913 praestantissimos
1217 851 1350 915 quosque
1371 834 1527 915 theologos
1546 832 1592 895 ali·

227 937 343 1018 quarmo
372 937 544 1003 discessisse
573 948 700 1020 constat,
732 961 856 1024 pronum
884 950 929 1006 est
954 942 1100 1023 arbitrari,
1127 960 1183 1024 qua
1210 943 1339 1006 veritatis
1360 947 1475 1028 specie,
1502 962 1592 1025 quam

225 1045 321 1143 fronte
343 1046 488 1112 affirmare
508 1049 651 1114 lutherus
673 1056 813 1133 potuerit:
834 1053 1064 1134 „scholasticam
1086 1051 1264 1133 theologiam
1287 1069 1355 1114 esse
1375 1066 1454 1128 earn,
1482 1063 1592 1126 quaea

225 1157 429 1238 parisiensium
452 1160 584 1225 Sorbona
605 1165 744 1225 mixtione
768 1162 892 1244 quadam
914 1182 952 1225 ex
976 1163 1078 1224 divinis
1098 1159 1222 1243 eloquiis
1244 1168 1273 1224 et
1288 1157 1495 1243 philosophicis
1510 1157 1592 1217 ratio·

227 1266 320 1346 nibus,
342 1277 478 1350 tanquam
500 1291 539 1335 ex
560 1281 763 1336 centaurorum
787 1290 909 1354 genere,
931 1269 1061 1333 biformis
1083 1270 1233 1352 disciplina
1255 1271 1378 1333 conflata
1405 1269 1479 1330 est“
1524 1264 1592 1327 Tun

225 1374 311 1439 facile
333 1378 516 1462 intelligitur,
539 1383 675 1463 iurene,
702 1402 739 1445 an
761 1384 850 1445 satius
871 1389 901 1443 nt
920 1400 1059 1460 caussae,
1088 1381 1134 1443 cui
1155 1380 1403 1462 patrocinabatur,
1433 1376 1592 1451 inserviret,

224 1486 417 1570 Hieronymus
445 1491 595 1573 :ingestus
623 1493 743 1557 relatam
770 1492 888 1556 lutheri
920 1491 1145 1573 descriptionem
1170 1491 1328 1574 exploserit
1348 1492 1375 1572 ⁹,
1405 1495 1492 1568 atque
1521 1484 1592 1545 hauc

223 1596 264 1658 iili
294 1598 493 1663 sufficiendum
522 1619 590 1665 esse
618 1602 821 1667 contenderit:
858 1600 1058 1681 „Scholastica
1086 1599 1234 1682 theologia
1262 1608 1307 1663 est
1334 1600 1494 1662 divinarum
1526 1592 1593 1657 seri·

222 1715 369 1790 pturarum
388 1711 501 1792 peritia,
522 1720 651 1795 recepto,
674 1732 762 1794 quem
784 1710 910 1774 ecclesia
932 1709 1080 1793 approbat,
1100 1728 1198 1791 sensu,
1220 1724 1283 1773 non
1296 1711 1400 1792 spretis
1417 1704 1591 1770 orthodoxo

222 1838 286 1883 rum
308 1820 462 1885 doctorum
483 1822 766 1904 interpretationibus
789 1829 818 1886 et
839 1823 990 1903 censuris,
1012 1840 1047 1884 ac
1068 1819 1211 1883 interdum
1236 1819 1356 1883 aliarum
1381 1816 1591 1905 disciplinarum

222 1946 281 1991 non
303 1938 469 2012 contempto
491 1930 663 2014 sulimgio.“

329 2046 356 2101 4.
389 2040 420 2102 ln
453 2059 510 2121 qua
541 2041 734 2124 descriptione
762 2044 938 2125 principem,
974 2058 1199 2124 supremumque
1234 2039 1331 2102 iocum
1360 2038 1464 2101 diutinis
1493 2035 1591 2098 litteris

223 2147 332 2213 deferri
360 2169 447 2212 nemo
476 2150 638 2233 mirabitur,
667 2155 716 2236 qui
740 2171 841 2217 secum
863 2159 994 2233 reputet,
1022 2150 1182 2214 cuiusmodi
1210 2152 1267 2213 sint
1293 2150 1493 2231 quaestiones,
1525 2164 1590 2230 quas

222 2255 277 2317 sibi
298 2257 429 2340 theologi
451 2260 634 2343 enodandas,
663 2263 897 2344 dirimendasque
927 2268 1103 2343 proponunt,
1136 2280 1222 2342 quam
1244 2263 1320 2324 viam
1342 2257 1475 2324 catholici
1495 2265 1590 2339 patres

221 2366 347 2448 inierint,
371 2371 537 2452 quaeipsis
560 2372 663 2435 divinis
683 2372 785 2437 litteris
806 2373 889 2436 dotes
912 2372 999 2434 insint
1020 2390 1055 2433 ac
1076 2379 1246 2433 ornamenta
1268 2370 1451 2433 conueniant
1493 2367 1590 2448 ltaque

222 2494 260 2539 eo
281 2479 427 2558 pertinent
447 2477 653 2562 theologorum
674 2482 777 2560 studia,
799 2490 829 2545 ut
851 2482 1030 2564 argumentis
1054 2479 1089 2542 ad
1110 2483 1330 2561 persuasionem
1351 2478 1508 2542 creandam
1533 2477 1590 2540 ido·

221 2588 286 2650 neis
311 2588 358 2651 vel
380 2587 580 2670 δογματικῶς
608 2598 748 2672 statuant,
777 2610 852 2674 quae
873 2590 910 2654 de
931 2590 1068 2653 revelatis
1089 2590 1211 2654 coelitus
1232 2593 1346 2653 arcanis
1367 2587 1494 2651 tenenda
1517 2594 1588 2663 sunt

223 2696 270 2759 vet
299 2698 477 2780 πολεμικῶς
504 2699 672 2764 subvertant
702 2709 732 2765 et
759 2698 974 2784 ἀγωνιστικῶς
1002 2698 1140 2781 refutent,
1170 2720 1245 2782 quae
1271 2701 1309 2763 de
1331 2699 1435 2763 iisdem
1456 2697 1588 2760 homines
1628 2692 1629 2703 ³

222 2807 399 2890 malesani,
427 2828 604 2893 propnoque
634 2810 739 2874 iudicio
758 2812 784 2843 ¹⁰
808 2810 1006 2892 condemnati,
1028 2813 1058 2873 in
1080 2810 1142 2872 dies
1164 2812 1429 2873 comminiscuntur.
1473 2808 1535 2873 Sed
1556 2806 1588 2869 ab

219 2915 286 2997 hoc,
310 2936 397 3000 quem
418 2919 578 3001 praefixum
598 2920 708 2984 habent
728 2922 840 3004 σκοπῷ
860 2921 1117 2984 vehementissime
1140 2920 1319 3000 aberrarent,
1340 2921 1396 2982 nisi
1415 2918 1451 2982 ad
1466 2918 1588 2981 divinam

219 3028 447 3110 revelationem,
474 3030 673 3113 coelestiaque
695 3030 812 3094 oracula
833 3050 867 3093 se
889 3033 1017 3114 inprimis
1039 3033 1217 3112 reciperent,
1247 3047 1408 3109 eorumque
1429 3048 1463 3091 se
1487 3028 1587 3112 clypco

219 3145 377 3201 tuerentur.
409 3139 480 3203 Sunt
500 3149 597 3203 autem
620 3141 794 3224 Scripturac,
818 3161 893 3224 quae
914 3141 982 3204 κατ’
1004 3136 1119 3220 ἐξοχὴν
1139 3140 1257 3204 audiunt
1273 3143 1296 3172 ¹¹
1322 3139 1412 3219 myra
1430 3139 1487 3201 τοῦ
1498 3138 1587 3217 θεοῦ,

220 3254 249 3308 et
279 3248 382 3328 quihus
399 3258 555 3331 ‘supernae
575 3253 601 3284 ¹²
628 3248 847 3333 ἀποκαλύψεις
874 3254 927 3316 καὶ
954 3252 1151 3341 peregrinere
1180 3252 1373 3314 continentur.
1416 3247 1492 3310 Nihil
1515 3265 1587 3330 ergo

220 3373 287 3418 esse
313 3360 456 3439 antiquius
483 3359 623 3442 theologo
651 3361 754 3443 debet,
784 3381 870 3443 quarn
897 3371 928 3425 ut
955 3371 1030 3425 totus
1060 3382 1077 3425 e
1104 3362 1259 3442 Scripturis
1288 3359 1432 3440 pendeat:
1466 3356 1538 3440 has,
1565 3358 1587 3419 si

218 3467 308 3546 sapit,
337 3470 444 3549 iugiter
471 3471 620 3552 consulet,
641 3470 724 3534 bisce
746 3471 874 3551 insistet,
901 3479 930 3534 et
951 3490 1026 3553 quae
1049 3471 1218 3552 consignata
1239 3469 1352 3533 eisdem
1375 3475 1441 3530 sunt
1462 3486 1586 3550 superna

218 3574 334 3637 oracula
356 3577 480 3641 sollicito
501 3599 592 3663 opere
615 3581 850 3663 perscrutabitur.

324 3694 352 3747 5.
389 3685 417 3749 A
437 3705 495 3769 quo
516 3709 554 3753 ne
576 3699 689 3772 cesset,
717 3699 852 3755 auctores
873 3690 913 3753 illi
937 3698 1036 3769 emnt,
1066 3688 1326 3772 adhortatoresqoe
1349 3690 1514 3769 gravissimi
1538 3708 1585 3751 ec·

170 3852 176 3857 .
218 3795 326 3858 clasiae
347 3803 455 3877 patres,
480 3815 602 3879 quorum
624 3799 688 3862 libri
710 3800 830 3863 totidem
849 3807 916 3863 sont
936 3806 1121 3881 argumenta,
1144 3798 1248 3879 quibus
1270 3799 1430 3861 necessitas
1450 3799 1584 3877 adeundi,

217 3905 446 3987 conferendique
467 3908 629 3988 Scripturas
656 3909 833 3972 validissime
860 3908 1060 3990 persuadetur.
1109 3906 1239 3988 Ecquem
1261 3909 1338 3971 enim
1361 3926 1413 3970 eos
1433 3910 1508 3971 inter
1528 3909 1585 3991 pri·

216 4035 304 4099 mum,
327 4036 413 4098 qoem
435 4025 613 4098 postremum
635 4017 805 4081 nominem?
846 4018 988 4081 lustinum
1010 4036 1048 4079 ne
1069 4024 1243 4100 martyrem,
1269 4018 1479 4099 doctoremque
1501 4019 1583 4081 nobi·

214 4123 377 4189 lissimum?
411 4127 465 4190 sed
486 4135 607 4209 utraque
628 4126 759 4190 eiusdem
781 4127 930 4210 apologia,
953 4147 987 4189 ac
1008 4127 1146 4210 prolixus,
1169 4129 1353 4210 optimaeque
1376 4127 1469 4209 hugis
1490 4128 1583 4191 reser-

214 4243 260 4297 tus
280 4235 414 4318 dialogus
436 4256 501 4300 cum
513 4237 679 4321 Tryphone,
702 4239 817 4299 nonnisi
836 4244 978 4315 texturam
999 4236 1167 4318 praeierunt
1187 4241 1404 4315 sententiarum,
1427 4256 1498 4320 quas
1522 4240 1583 4320 ipse

213 4365 231 4407 e
253 4345 407 4428 Scripturis
430 4354 495 4428 apte
517 4347 691 4428 depromsit,
718 4348 890 4429 idoneisque
915 4349 1129 4412 commentariis
1158 4352 1318 4413 exornavit.
1360 4347 1582 4430 Athenagoram

213 4452 274 4517 nei
296 4455 349 4518 sed
371 4455 522 4538 apologia,
552 4474 637 4538 quam
663 4476 716 4540 pro
744 4457 850 4520 tuenda
871 4474 905 4521 re
926 4456 1082 4521 christiana
1103 4459 1140 4521 ad
1162 4459 1355 4542 lmpemtores
1377 4458 1525 4539 exhibuit,
1553 4464 1583 4519 et

213 4561 448 4648 ἁποσπάσματα
470 4585 546 4647 quae
567 4566 662 4629 adhuc
682 4575 749 4631 sunt
767 4568 879 4650 reliqua
901 4567 975 4630 illius
997 4568 1203 4650 disputationis,
1226 4586 1283 4650 qua
1305 4566 1411 4650 δόγμα
1430 4570 1484 4645 τῆς
1504 4565 1581 4632 dnu-
1629 4556 1630 4589 r

272 4736 300 4809 ⁹)
337 4736 366 4791 ln
395 4736 465 4792 libro
492 4737 525 4793 de
551 4737 719 4794 Accedamiis
745 4738 872 4796 adversos
922 4738 967 4795 lv.
991 4737 1036 4813 li,
1057 4746 1085 4796 et
1104 4739 1163 4797 hot
1181 4738 1238 4796 Vll.
1259 4738 1307 4814 38,
1328 4739 1372 4796 ubi
1392 4730 1471 4816 λόγια
1491 4732 1581 4809 {mma
1629 4722 1630 4731 ἵ

212 4841 350 4898 lutherum
372 4858 447 4915 capp.
468 4841 584 4899 tt-ltt
920 4852 1106 4918 nuncupantur.

255 4948 297 5024 ¹⁰)
331 4949 380 5005 Tit.
400 4949 445 5004 ΙΙΙ.
468 4949 513 5006 11.
983 4951 1025 5026 ¹²)
1058 4951 1089 5006 lt.
1117 4952 1178 5008 Cor.
1203 4951 1249 5007 Ν.
1275 4952 1309 5027 2,
1336 4954 1411 5010 ltom.
1432 4953 1502 5011 xvi.
1528 4951 1577 5025 25,

254 5055 297 5130 ΙΙ)
328 5055 402 5111 nom.
424 5054 468 5110 ιιι.
489 5054 517 5131 a,
537 5055 618 5114 neue.
636 5056 670 5115 v.
695 5055 740 5132 aa,
761 5055 782 5113 ι.
799 5057 867 5114 ιιι.
918 5056 974 5115 aar.
995 5057 1014 5112 1.
1038 5056 1074 5113 aa
1095 5090 1133 5099 -
1152 5055 1187 5114 ar
1207 5048 1411 5136 mammea
1427 5040 1523 5133 ipat.
