3266 5416
577 339 723 406 CAPUT
769 339 827 402 ΙΙΙ.
1350 339 1388 399 dt

43 507 142 570 loedere
166 508 355 589 praefigurata
385 509 537 571 contineri.
581 508 654 571 Huic
674 509 830 588 'utriusque
858 505 988 569 foederis
1015 504 1203 568 consensioni
1229 502 1315 566 iidem
1338 521 1391 567 sua

43 617 184 678 aucmritatc
205 617 358 681 conciliant
379 617 508 681 Christum
530 618 593 698 ipse
608 618 647 696 ¹⁶,
670 616 871 698 evangelistae
888 619 925 697 ¹⁷,
949 615 1072 698 apostoli
1091 618 1135 677 ¹⁸:
1161 621 1221 676 tum
1243 613 1390 677 ecclesiae

41 726 154 788 doctores
169 727 203 807 ¹⁰,
225 728 288 789 sive
310 728 394 789 iniis
418 724 698 806 concertationibus,
720 744 792 806 quas
815 743 880 788 cum
901 726 1057 808 gnosticis,
1080 724 1258 788 marcionitis
1280 730 1310 786 et
1330 742 1391 786 ma·

9 892 10 899 ,
37 833 147 898 milacis
170 835 343 918 latuerunt,
372 844 404 899 ut
434 855 499 899 eam
529 831 699 916 ἁρμονίαν,
727 836 1032 917 conspirationemque
1054 834 1250 898 vindicarent:
1277 835 1392 896 sivein

9 922 11 949 '
37 945 65 1004 iis
82 963 148 1024 quac
167 945 294 1026 edidere,
317 953 349 1008 ut
368 948 521 1009 ueritatem
545 946 720 1009 christianae
741 945 925 1008 institutionis
939 948 967 978 ²⁰
990 944 1102 1008 iudaeis
1122 961 1217 1025 aeque
1239 962 1274 1006 ac
1297 944 1391 1027 genti-

34 1052 97 1115 libus
123 1055 335 1136 persuaderent.
377 1054 662 1118 Demonstratiouem
693 1055 771 1118 enim
805 1055 1029 1136 evangelicam,
1063 1055 1107 1117 sin
1139 1055 1234 1116 minus
1264 1055 1392 1115 omnium

9 1206 11 1227 .
34 1161 224 1244 plenissimam,
250 1164 322 1227 nulli
344 1171 424 1229 certe
445 1165 604 1228 secundam
627 1184 693 1227 eam
715 1170 884 1227 constanter
904 1171 1098 1245 censuerunt,
1126 1182 1202 1245 quae
1231 1182 1270 1225 ex
1290 1163 1391 1225 antici·

33 1273 131 1353 palione
154 1293 250 1338 rerum
278 1274 498 1338 christianarum
534 1276 565 1337 in
598 1275 692 1337 veteri
718 1281 803 1356 pacto
831 1273 940 1354 solide,
974 1275 1163 1355 graviterque
1194 1273 1391 1355 colligeretur.

33 1379 85 1442 lam
107 1401 173 1445 aero
199 1402 278 1465 quac
298 1362 345 1445 *ad
372 1382 486 1446 Petrum
512 1392 659 1466 spectant,
693 1383 761 1447 talia
788 1390 871 1465 suut,
901 1391 932 1446 ut
958 1384 993 1446 iis
1020 1402 1080 1447 non
1108 1374 1252 1446 immerito
1280 1401 1390 1446 connu-

33 1499 169 1573 merentur,
190 1512 268 1575 quae
291 1495 321 1556 in
341 1493 495 1557 christiana
516 1495 694 1557 institutione
715 1493 905 1574 doctrinaque
919 1495 945 1526 ²¹
978 1494 1107 1556 eminent
1128 1501 1215 1574 atquc
1237 1493 1391 1557 excellunt.

31 1598 181 1666 incredibile
208 1623 285 1688 ergo
313 1604 406 1666 uideri
431 1621 491 1667 non
518 1602 618 1685 debet,
649 1606 867 1685 σχηματισμὸν
891 1619 993 1667 eorum
1015 1602 1141 1684 aliquem
1163 1604 1266 1684 priscis
1286 1600 1392 1679 ,tabulis

34 1713 211 1794 consignatum
232 1714 367 1794 reperiri.

119 1829 164 1885 28.
207 1822 294 1897 Quod
315 1824 341 1885 si
357 1823 529 1886 incredibile
551 1822 644 1885 videri
664 1839 724 1885 non
745 1821 849 1903 debet,
878 1823 1025 1885 aestimari
1052 1841 1090 1884 ne
1111 1821 1140 1884 id
1161 1825 1266 1904 poterit
1286 1823 1393 1904 proba·

33 1927 91 2010 lile,
116 1940 159 1994 aut
186 1936 277 1996 etiam
307 1930 442 1997 certuml
467 1940 579 1995 certum
607 1932 726 1995 omnino
753 1932 843 2012 leret,
875 1932 900 1995 si
927 1933 1097 1995 auctoritate
1118 1933 1292 2014 scriptorum
1314 1930 1392 1995 ileo·

34 2037 182 2118 nemon,
211 2042 262 2107 vel
287 2043 415 2105 unanimi
436 2041 551 2104 Putmm
572 2039 713 2123 suliragio
743 2043 885 2105 eiusmodi
905 2041 1112 2125 pmeliguratio
1134 2041 1299 2105 doceretur.
1338 2041 1392 2104 Fa·

9 2148 130 2213 tendum
153 2171 225 2216 uero
255 2160 315 2235 cst,
347 2161 480 2216 neutrum
505 2152 589 2215 nobis
617 2160 789 2234 suppetere,
823 2171 921 2234 neque
947 2152 1062 2215 illomm
1091 2153 1304 2231 auctoritatem,
1335 2169 1392 2233 qua

31 2263 137 2339 damur,
157 2280 256 2344 neque
277 2262 382 2324 norun
405 2260 575 2344 sullragium
590 2264 630 2343 ²²,
653 2280 711 2342 quo
732 2269 935 2325 sustentemur.
977 2262 1058 2345 Ergo
1081 2282 1118 2326 nc
1140 2262 1176 2325 ad
1198 2263 1391 2343 coniecturas,

32 2367 160 2451 nudasque
182 2373 367 2453 suspiciones
389 2368 586 2433 devenimusl
608 2370 697 2451 multo
716 2390 784 2435 esse
797 2374 910 2453 potiora
929 2390 1004 2452 quae
1018 2371 1144 2453 proferri
1165 2376 1307 2453 possunt}
1317 2371 1393 2434 ultro

31 2476 99 2539 nolis
119 2480 246 2562 dabitur,
270 2482 295 2542 si
316 2482 413 2543 auimo
435 2488 594 2562 reputetur,
617 2488 784 2544 scismatis
806 2484 895 2544 instar
908 2481 1011 2544 haberi
1032 2500 1136 2562 posse:
1157 2481 1393 2562 „similitudinem

31 2588 197 2653 consiliorum
227 2591 393 2653 divinorum
419 2597 478 2653 tam
504 2589 660 2652 commode
688 2589 789 2653 iulcrri
816 2610 855 2654 ex
881 2591 916 2653 iis
936 2609 1040 2673 posse,
1072 2610 1147 2673 quae
1168 2590 1247 2654 Deus
1268 2588 1394 2670 ἔξωθεν

31 2698 218 2781 manifestarit,
250 2716 338 2780 quam
368 2698 525 2761 similitudo
553 2717 723 2762 caussnrmn
752 2719 791 2762 ex
821 2699 977 2763 ellectuum
1001 2702 1186 2765 similitudine
1215 2701 1393 2783 colligitru.“

35 2804 95 2869 Sicut
119 2812 194 2872 enim
224 2807 348 2872 effectus
376 2808 496 2872 tolidem
524 2809 613 2872 veluti
641 2808 750 2890 gradus
773 2817 945 2890 censentur,
973 2809 1077 2892 quibus
1100 2810 1136 2873 ad
1157 2810 1392 2893 cognoscendas,

37 2911 292 3000 distinguendaspue
312 2938 431 2983 caussas
454 2918 624 3002 attollimur,
645 2921 683 2983 ita
705 2919 821 2982 divinae
840 2920 1088 2983 manifestationes
1110 2938 1166 2983 eeu
1185 2922 1304 2984 totidem
1327 2928 1394 2982 sunt

9 3022 133 3107 ¹indicia,
161 3028 267 3109 quibus
295 3028 349 3092 Dei
376 3028 513 3110 consilia,
539 3037 718 3110 aeternaque
748 3030 866 3093 decreta
893 3037 1072 3094 reserantur.
1117 3028 1214 3102 Quare
1242 3031 1392 3092 sicerum
1441 3081 1443 3087 .

32 3134 125 3217 series,
145 3138 250 3219 quibus
271 3137 325 3202 Dei
348 3158 413 3201 cum
435 3138 603 3203 Abrahamo
624 3112 790 3221 oixovopln
813 3141 986 3221 continetur,
1008 3137 1154 3201 simillima
1175 3137 1214 3201 illi
1237 3140 1282 3221 sit,
1305 3157 1391 3221 quam

30 3364 149 3426 doctomm
169 3376 380 3448 gomericorum,
401 3374 550 3431 Bersclrotlr
570 3391 627 3448 cap.
641 3375 675 3449 V,
727 3375 850 3432 Irenaeus
872 3376 932 3431 adu.
953 3374 1058 3431 haeres.
1086 3374 1132 3430 lib.
1153 3372 1199 3430 lV.
1227 3389 1285 3446 cap.
1306 3371 1390 3430 XXV.

9 3469 122 3547 ‚losephi
151 3479 243 3553 Albo,
282 3481 385 3553 Sepher
417 3481 530 3538 ildrarim
564 3480 610 3537 lib.
631 3480 675 3537 ΙΙΙ.
725 3497 751 3537 n.
773 3481 807 3555 3,
839 3497 897 3552 cap.
922 3480 1018 3538 XXVI.
1051 3498 1076 3536 n.
1101 3480 1135 3556 ¹3
1168 3480 1288 3536 Clemens
1320 3479 1389 3536 alex.

30 3579 159 3657 tapXXl,
180 3584 333 3642 Solomonis
352 3585 444 3643 larchi
465 3587 499 3643 ad
519 3586 561 3642 Ps.
583 3587 619 3661 ll,
649 3593 676 3643 et
727 3587 854 3642 stromat.
876 3586 922 3641 lib.
937 3586 971 3643 V.
992 3603 1035 3642 nn.
1052 3586 1150 3642 6-8.

30 3677 63 3735 ¹³⁸·
73 3683 156 3761 LXXI,
175 3689 287 3746 Dilldss
300 3691 405 3748 ffimhl
421 3693 455 3749 ld
474 3692 582 3748 ²⁰⁸d⁰¹¹¹
604 3693 675 3765 ΡΜ·
788 3724 833 3800 ⁹⁰)
856 3726 1029 3783 Tertullianus
1042 3728 1103 3784 adv.
1115 3728 1272 3797 Marcionem
1287 3724 1333 3781 lib.
1346 3722 1391 3781 111.

30 3799 92 3863 nos,
129 3800 156 3848 et
186 3795 380 3871 Abarbcnelis,
421 3798 526 3855 Zobaclr
567 3800 673 3872 pesach.
725 3831 972 3905 cappuvpl-va’
989 3833 1090 3891 ρρλρρι
1105 3850 1163 3908 ΜΡ,
1177 3831 1285 3906 xxxv,
1302 3829 1389 3886 nav,

31 3889 61 3944 [⁰⁰
79 3896 121 4031 ¹5³
725 3951 783 4008 cap.
805 3937 875 4015 vlt,
900 3937 1030 3995 Eusebius
1056 3941 1207 4013 Praeparat.
1233 3938 1337 4009 Evang.
1366 3942 1393 3991 el

108 4001 121 4075 )
149 4004 209 4060 Joh.
238 4008 271 4064 V.
299 4007 454 4085 39-463
491 4007 552 4066 luc.
579 4009 674 4066 XXIV.
725 4042 903 4101 mmmm
925 4045 1027 4118 Em&

29 4098 303 4189 26-27-45—463
330 4112 391 4169 lue.
412 4114 494 4171 XXll.
515 4115 635 4172 37.

82 4210 122 4285 η)
149 4215 239 4271 mh·
260 4217 291 4273 IL
314 4219 420 4294 5—-6,
453 4219 522 4277 XXI·
548 4222 675 4296 4—42’
787 4182 832 4258 ²¹)
854 4183 895 4239 Ex
910 4187 1026 4259 iis-eninr
1047 4185 1173 4241 iudicium
1193 4184 1299 4258 pendet,
1320 4184 1392 4255 qnod

30 4308 99 4369 xpp·
131 4317 187 4394 42,
217 4321 312 4379 XXVL
340 4326 398 4399 563
438 4325 517 4381 Mum
548 4326 593 4383 W·
623 4326 675 4401 12,
726 4288 759 4343 de
774 4291 877 4345 ratione
898 4290 1028 4346 ecclesiae
1049 4289 1393 4351 administraodseaClrri·

31 4411 89 4472 XIV·
105 4421 157 4499 493
176 4425 381 4504 mavul-10,
402 4430 497 4487 XXIV·
519 4431 676 4488 26-27—
725 4400 768 4450 sto
789 4397 909 4451 instituta
929 4396 993 4452 ierri
1015 4395 1104 4454 debet.

33 4520 150 4605 lit—lli,
173 4531 234 4589 loli.
253 4534 311 4591 Xll.
332 4536 386 4609 40,
414 4535 484 4593 XIX.
506 4536 645 4593 28-29.
787 4534 832 4608 ²²)
853 4534 934 4592 Unius
949 4537 1033 4608 enirn,
1055 4536 1198 4593 alteriusve
1213 4539 1391 4595 testimonium

84 4628 121 4707 Ι“)
147 4635 201 4693 Gal.
222 4639 265 4695 ΙΙΙ.
289 4640 340 4717 163
370 4634 390 4697 1.
412 4642 479 4698 Petr.
502 4643 522 4699 Ι.
546 4641 671 4700 10-11
724 4642 791 4697 tanti
805 4655 858 4697 nou
872 4649 922 4715 est,
943 4648 972 4698 nt
985 4642 1177 4699 dubitationem
1196 4659 1301 4701 omnem
1316 4661 1393 4717 prac-

32 4734 117 4813 ·-12,
145 4741 176 4797 11.
203 4743 255 4821 243
288 4746 368 4804 liebr.
397 4748 416 4803 Ι.
444 4749 480 4822 3;
512 4749 587 4805 Rom.
615 4748 673 4806 XV.
724 4747 805 4803 sidat.
838 4747 896 4804 Abs
917 4765 946 4804 re
966 4755 1053 4806 tantm
1075 4764 1128 4807 non
1148 4750 1228 4807 inerit
1248 4752 1391 4824 monuisse,

34 4835 57 4891 ⁹·
75 4856 140 4917 seqq.
239 4881 244 4891 ·
618 4914 623 4923 ,
724 4853 758 4909 de
782 4853 833 4909 lrao
853 4853 1033 4912 Abrahamum
1060 4857 1130 4911 inter
1156 4855 1313 4927 Petmmque
1332 4853 1393 4909 ¹ool·

86 4947 124 5024 ¹’)
148 4953 265 5011 Clemens
289 4973 357 5014 rom.
378 4958 400 5014 l.
427 4959 461 5015 ad
477 4957 544 5016 Cor.
572 4976 598 5016 n.
621 4960 674 5038 123
724 4957 825 5015 latione
856 4958 1017 5016 Bemardum
1051 4960 1187 5029 cogitasse
1219 4959 1252 5011 de
1273 4953 1391 5007 ¹consid.

31 5046 135 5111 lustinus
160 5060 185 5115 in
213 5060 319 5136 dialogo
347 5081 405 5121 cum
434 5064 532 5138 Vrpplr
563 5082 590 5122 n.
619 5064 675 5143 683
723 5062 770 5119 lib.
785 5063 817 5120 ll.
839 5078 897 5134 cap.
912 5063 956 5119 lX.
993 5103 997 5113 .

1106 5157 1131 5228 4
1148 5156 1171 5203 ⁸&
