3358 5400
576 338 738 411 ΒΑΜ
779 342 904 413 xxvi.
1378 348 1440 412 ibi

65 510 170 576 iamanr
189 511 264 574 inter
283 509 463 576 calvinianos
483 511 642 598 theologos
663 516 849 596 comparavit,
872 514 936 578 sine
957 512 1015 577 ulla
1032 513 1209 579 dubitatione
1226 517 1250 549 ¹²
1275 516 1436 580 concludit:

66 619 215 702 „Damnari
233 640 251 683 a
270 618 359 682 Paulo
382 637 435 682 eos
457 638 579 704 omnes,
612 625 662 705 qui
685 622 858 686 factionibus
880 626 956 686 inter
977 641 1012 688 se
1034 623 1135 705 divisi,
1164 624 1211 688 vel
1231 624 1361 707 Petrum,
1391 627 1438 688 vel

66 729 190 811 Paulum,
220 729 270 793 vel
289 729 396 813 Apollo
425 738 459 794 tn
486 741 578 813 caput
606 733 662 796 sibi
683 732 901 813 admiscebant,
929 734 1074 812 dicentes,
1102 753 1158 818 eqo
1177 755 1249 798 aum
1267 733 1378 813 Pauli,
1409 744 1438 798 et

65 860 117 925 eqo
135 838 253 920 Apollo,
275 847 305 903 et
325 860 380 923 eqo
401 837 521 920 Cephea
527 869 538 918 ,·
558 842 707 922 numquid
723 843 842 905 Nemus
863 852 909 906 est
930 841 1100 906 cinaeos?
1130 866 1172 907 an
1195 841 1318 909 Paulus
1340 851 1437 907 cruet

58 947 147 1030 fieus
167 957 215 1011 est
235 969 293 1028 pro
313 949 412 1029 cebir,
442 960 473 1014 et
497 973 539 1014 nn
569 948 720 1031 baptizoti
746 959 822 1014 estis
851 958 884 1013 in
904 960 1026 1015 nomine
1048 951 1169 1017 Pauus
1207 955 1297 1029 Quasi
1318 955 1437 1035 diceret,

61 1065 92 1121 ut
109 1058 237 1122 Chiistus
257 1077 334 1124 nnus
355 1068 415 1142 est,
443 1080 502 1125 non
530 1061 640 1139 divisus
667 1062 697 1124 in
722 1059 837 1143 plures,
863 1062 902 1123 ita
923 1062 1054 1126 membra
1081 1034 1227 1128 ecclesiae
1248 1081 1308 1126 non
1330 1063 1439 1126 debent

63 1168 206 1250 inpartes
227 1169 324 1232 scindi
345 1170 400 1233 sub
421 1169 479 1234 hoc
499 1172 548 1234 vel
569 1169 619 1233 illo
641 1171 782 1247 ministro,
805 1169 860 1233 sed
881 1172 910 1233 in
931 1170 1020 1235 unum
1043 1175 1215 1238 coalescere
1237 1173 1291 1237 sub
1315 1172 1438 1254 Christo,

62 1280 108 1360 qui
132 1279 213 1343 solus
242 1297 298 1361 pro
326 1279 460 1343 fidelibus
486 1287 532 1343 est
558 1279 730 1360 crucifixus,
757 1285 787 1343 et
812 1280 841 1342 in
865 1282 946 1344 cuius
973 1284 1092 1346 nomine
1113 1302 1214 1347 sumus
1232 1282 1380 1365 baptizati,
1407 1288 1439 1343 ut

60 1389 154 1452 innuat
173 1387 256 1451 illum
277 1389 373 1453 solnm
393 1372 562 1473 procapite
583 1390 631 1451 cui
652 1389 864 1452 adhaereamus
886 1392 1107 1472 agnoscendum
1129 1411 1213 1472 esse,
1240 1393 1290 1473 qui
1308 1408 1362 1471 pro
1383 1407 1437 1452 no-

60 1497 102 1560 bis
123 1505 256 1562 mortuus
277 1507 330 1581 est,
353 1507 382 1562 et
404 1502 433 1563 in
455 1500 536 1562 cuius
550 1499 670 1561 nominc
690 1498 824 1580 baptizati
845 1518 953 1563 suman.
995 1501 1031 1564 Et
1051 1520 1123 1565 sane
1144 1510 1176 1565 ut
1195 1518 1285 1564 unum
1306 1509 1352 1563 est
1371 1517 1438 1562 cor·

59 1628 110 1692 pus
133 1617 163 1672 et
189 1626 268 1671 unns
294 1610 424 1691 spiritus3
452 1610 491 1672 ite
517 1609 635 1671 unicum
655 1614 765 1669 unum
791 1616 877 1691 caput
898 1609 960 1673 dari
982 1592 1100 1673 debet.“
1141 1609 1288 1674 Hactenus
1316 1610 1380 1690 ille,
1406 1611 1437 1672 in

58 1721 137 1782 mins
164 1719 359 1801 disputatione
385 1722 488 1784 nescio
516 1717 586 1801 quid
612 1718 752 1799 primum,
778 1719 885 1800 quidve
912 1719 1043 1784 secundo
1069 1737 1104 1782 ac
1125 1722 1211 1783 tertio
1230 1727 1330 1783 notem
1350 1726 1437 1800 atque

58 1828 281 1911 reprehendam.
731 1832 737 1839 “

162 1946 234 2002 355.
276 1937 381 2019 Neque
409 1939 488 2000 enim
514 1939 656 2020 principio
685 1956 844 2020 assequor,
871 1957 996 2020 quanam
1022 1938 1060 2001 de
1087 1955 1192 2001 caussa
1219 1941 1249 2003 in
1275 1937 1437 2020 allegandis

61 2049 135 2112 Pauli
152 2048 254 2112 verbis
277 2048 413 2127 incisum,
434 2040 497 2128 ἐγώ
522 2046 557 2111 dd
577 2048 732 2129 Χριστοῦ,
753 2048 857 2110 tacitus
878 2048 1077 2129 praeterierit,
1100 2049 1157 2111 nisi
1177 2048 1253 2113 forte
1275 2048 1353 2130 quod
1374 2064 1438 2109 mo-

62 2161 162 2222 lestum
183 2157 256 2222 illud
276 2158 466 2239 experiretur,
489 2176 525 2221 ac
544 2159 669 2222 celatum
684 2164 837 2240 propterea
859 2156 1017 2219 lectoribus
1038 2156 1135 2235 vellet,
1158 2177 1196 2221 ne
1217 2175 1254 2220 eo
1275 2174 1367 2239 prope
1386 2173 1437 2217 ex·
1527 2166 1534 2176 ·

61 2272 136 2333 citati
155 2269 245 2332 Ham
267 2284 335 2331 esse
349 2266 428 2329 Pauli
450 2274 578 2331 mentem
592 2269 818 2349 suspicarentur.
860 2265 964 2349 Neque
986 2267 1093 2330 deinde
1108 2268 1249 2351 intelligo,
1271 2284 1330 2349 quo
1349 2283 1437 2345 nexo,

62 2397 154 2462 quove
178 2379 292 2461 glutine
318 2379 372 2440 ista
401 2378 458 2441 duo
488 2377 679 2457 cohaereant,
706 2376 810 2459 quibus
832 2376 963 2439 eiusdem
986 2378 1079 2440 oratio
1100 2380 1280 2440 continetur:
1313 2376 1439 2439 damnat

13 2558 14 2563 η
63 2486 183 2552 Penius
205 2494 452 2566 eneecraturqne
471 2485 646 2550 schismatis
663 2483 840 2570 stopitium3
861 2506 921 2548 ruo
936 2492 1031 2569 tpttur
1044 2495 1198 2566 cmmpieut
1212 2493 1321 2567 cupitis
1343 2486 1440 2570 diput-

13 2604 15 2687 ,
65 2606 126 2662 tate
145 2596 277 2661 Petrum
298 2594 463 2676 anepoliot.
507 2596 628 2659 Videtur
647 2596 717 2659 mihi
733 2596 877 2659 eiusmodi
896 2595 987 2666 illatio
1007 2596 1076 2659 huic
1098 2616 1166 2661 esse
1181 2596 1342 2661 simiNima:
1364 2594 1439 2657 diei-

13 2696 14 2699 *
64 2716 162 2771 mones
175 2706 396 2792 factionesque
411 2712 523 2769 civium
537 2712 619 2769 omni
639 2727 693 2784 ope
711 2706 872 2784 studioque
887 2706 1132 2788 exstinquendnc
1153 2714 1245 2781 runt5
1260 2703 1347 2789 ferri
1368 2725 1440 2787 erqo

13 2880 15 2901 ,
64 2842 121 2883 non
146 2817 231 2884 dedet
260 2825 296 2879 ut
323 2823 392 2895 quir
417 2822 450 2878 in
477 2821 599 2878 civitate
624 2812 758 2877 illustris
788 2822 972 2877 anctoritate
1000 2822 1109 2894 cepitis
1137 2815 1291 2878 credatur.
1333 2811 1439 2876 Nonne

13 2912 14 2999 l
64 2938 127 2993 sant
152 2932 206 2992 iste
232 2924 412 2998 ἁσύστιιτα,
440 2942 476 2987 ac
502 2941 575 2987 vero
603 2925 690 2986 etiam
719 2926 785 2987 talia
807 2943 825 2986 e
847 2924 951 3006 quibus
972 2926 1106 3006 opposite
1128 2925 1273 2988 sententia
1293 2940 1352 2985 non
1374 2923 1439 2984 sine

13 3028 14 3031 '
64 3041 182 3103 maxima
210 3036 343 3101 veritatis
373 3035 473 3117 specie
502 3030 682 3096 deducerunt
721 3006 853 3116 prbieeto
883 3051 949 3114 quo,
967 3035 1098 3097 deterius
1125 3033 1249 3097 habetur
1275 3030 1440 3095 schismatis

65 3148 181 3229 malum,
211 3155 243 3210 et
262 3146 298 3209 ab
321 3142 467 3208 ecclesiae
488 3143 587 3205 indole
609 3150 768 3223 naturaque
791 3142 930 3221 alienius,
959 3160 996 3205 eo
1018 3142 1181 3205 consultum
1201 3143 1240 3205 illi
1263 3140 1353 3205 luisse
1375 3140 1438 3203 dili-

63 3262 174 3341 gentius
195 3274 285 3321 nemo
307 3273 366 3319 non
388 3255 542 3317 existimet.
585 3250 722 3314 lamvero
743 3250 989 3332 quemadmodum
1011 3262 1092 3316 certo
1106 3255 1226 3317 rationis
1248 3252 1363 3331 iudicio,
1386 3271 1438 3313 ex·

62 3370 278 3450 patientiaeque
312 3363 452 3447 suffragio
487 3361 557 3424 illud
585 3378 653 3423 esse
687 3359 876 3423 indubitatum
904 3362 1066 3426 ostenditur
1093 3362 1171 3446 quod
1200 3363 1393 3445 Hieronymus
1411 3364 1437 3395 ¹⁸

63 3477 174 3559 scribit,
203 3472 354 3539 eeclesiae
374 3472 463 3537 salus
485 3479 517 3534 in
537 3477 648 3533 summi
671 3470 842 3533 sacedotes
864 3470 1012 3554 dtqnitale
1030 3473 1156 3552 pendet,
1184 3479 1234 3535 cui
1254 3479 1283 3533 st
1302 3492 1363 3534 non
1385 3493 1439 3533 erc-

62 3606 127 3646 rerr
148 3584 299 3665 quaedam
320 3591 348 3646 et
369 3582 410 3646 ub
432 3579 570 3645 omnibus
592 3587 728 3643 erninens
751 3576 907 3643 tribuetur
924 3589 1076 3661 poteslas,
1099 3590 1146 3661 tot¹
1164 3590 1197 3643 in
1218 3578 1347 3643 ecclesie
1369 3578 1440 3663 effi-

63 3699 176 3757 cientur
203 3688 372 3757 schismata
403 3700 473 3773 quot
502 3691 694 3766 sacerdotem
721 3690 759 3751 ita
786 3690 899 3751 ratione
920 3689 1006 3752 simul
1028 3692 1267 3772 experientiaque
1288 3691 1438 3772 docemur,

62 3821 155 3893 neque
172 3776 321 3867 'unitatem
350 3803 438 3865 totius
467 3802 597 3882 corporis
625 3800 751 3867 obtineri
778 3817 883 3882 posse,
913 3819 1009 3881 neque
1038 3801 1160 3882 partium
1181 3800 1438 3882 membrorumque

62 3912 214 3977 schismata
244 3912 394 3994 impediri,
422 3912 479 3974 nisi
508 3914 699 3992 conspicuum
725 3910 833 3991 praesit
861 3917 959 3991 caput,
988 3910 1066 3992 quod
1088 3920 1118 3973 et
1143 3916 1240 3993 portes
1267 3914 1383 3994 iungat,
1411 3919 1440 3975 et

61 4019 232 4086 divisionum
264 4024 378 4086 semina
404 4019 574 4103 praefocet,
606 4018 823 4099 [actionumque
852 4021 1036 4083 incitamenta
1061 4022 1185 4102 imperio
1212 4030 1242 4084 et
1269 4023 1440 4085 auctoritate

64 4141 234 4214 compescat.
277 4131 360 4196 Unde
388 4131 460 4195 illud
488 4129 621 4192 eiusdem
643 4129 812 4211 Hieronymi
828 4131 854 4162 ¹⁰
877 4130 974 4191 mitum
1001 4129 1133 4210 quidem,
1161 4132 1216 4195 sed
1235 4139 1333 4194 tamen
1353 4150 1440 4213 repe·

62 4241 190 4322 undum,
219 4249 381 4321 propterea
402 4248 482 4303 inter
502 4236 658 4304 duodecim
680 4258 763 4301 unua
785 4237 925 4323 dieitur,
955 4248 988 4301 ut
1010 4247 1315 4320 capiteomnium,
1341 4239 1439 4303 sebte-

63 4332 149 4413 nate
172 4350 300 4415 tollatur
320 4357 448 4413 occario.

166 4467 235 4523 356.
279 4460 389 4533 Quibus
410 4459 510 4524 verbis
532 4459 692 4523 admoneor
711 4466 743 4521 ut
763 4478 780 4522 a
802 4459 966 4523 Tunettino
987 4460 1127 4543 flagitem,
1140 4460 1218 4542 'quid
1238 4460 1356 4523 tandem
1378 4461 1440 4541 ipse

66 4568 100 4631 de
121 4570 329 4634 corinthiorum
351 4569 476 4633 ecclesia
499 4572 655 4633 censuerit.
698 4569 806 4632 Carere
829 4569 966 4632 ncillam
990 4571 1107 4651 proprio
1134 4570 1279 4651 antistite,
1307 4570 1440 4650 proprio·

65 4694 118 4757 que
138 4677 244 4742 visibili
265 4679 357 4759 capite
378 4678 488 4741 idcirco
510 4678 665 4757 debuisse,
694 4697 732 4740 ne
755 4678 784 4740 in
807 4678 887 4741 Pauli
914 4678 1177 4760 reprehensionem
1199 4678 1380 4759 offenderet,
1410 4685 1441 4742 et

66 4784 93 4845 in
112 4796 208 4868 partes
231 4789 323 4852 scissa
345 4790 497 4871 divisaque
524 4783 696 4852 videretur?
722 4788 747 4849 si
768 4788 798 4849 in
819 4786 876 4850 hac
904 4790 967 4869 ipse
989 4796 1088 4851 mente
1111 4788 1203 4871 foret,
1232 4808 1320 4871 quum
1341 4786 1438 4863 Paulo,

127 4956 169 5032 Μ)
187 4957 315 5035 lnsdtntt
334 4960 483 5033 Theologq.
503 4958 632 5016 Elenctic.
653 4957 725 5017 hoco
839 4958 881 5032 ¹⁸)
901 4958 1009 5030 Dialog.
1030 4973 1091 5013 con.
1112 4957 1225 5015 haciier.
1246 4975 1272 5013 n.
1288 4957 1315 5013 o.

68 5057 159 5122 Ἧι
179 5080 205 5140 v·
221 5061 293 5123 KH
314 5062 340 5138 t·
357 5065 390 5124 X·
839 5060 882 5143 ¹⁹)
903 5061 969 5123 oon.
988 5062 1079 5119 aovin.
1100 5061 1147 5119 ιιι.
1166 5060 1187 5116 1.
1207 5077 1234 5117 a.
1251 5059 1299 5117 ac.
