3374 5388
686 299 832 370 CAPUT
873 302 931 371 IV·
1436 311 1507 371 tib

112 467 220 534 causer
240 487 302 553 cop.
324 469 345 534 l.
370 473 465 552 1—2,
497 489 560 554 cap.
582 470 617 535 V.
643 473 840 554 ot-ta,tm
859 472 927 538 lob.
948 472 970 538 1.
998 478 1157 559 1—t-—43
1183 481 1267 541 recta
1294 493 1313 540 a
1338 475 1424 541 nubis
1445 475 1498 543 de-

110 578 248 662 tenditur,
270 572 363 656 miron
385 580 423 644 ad
440 587 584 661 praetre
595 583 826 661 praecedentem
846 584 972 662 Ἰησοῦν
991 584 1145 667 Χριστόν,
1167 602 1228 649 non
1248 586 1285 650 ad
1306 593 1497 652 remotiorem

111 686 208 752 Deum
227 685 388 767 amorum
407 690 596 755 referendum
618 693 718 757 esse.“

219 798 259 861 At
280 799 349 881 quid
369 799 474 862 borum
495 806 541 863 est
566 802 646 883 quod
671 802 709 865 de
737 809 819 866 textu
839 801 939 866 natm.
962 804 1037 868 xvi.
1062 809 1110 868 ta.
1143 822 1203 869 non
1224 807 1318 888 possit
1336 825 1372 870 ac
1392 806 1499 872 debeat

111 908 219 972 iisdem
246 908 345 973 verbis
373 907 574 991 ingeminorii
602 930 639 974 an
655 912 766 994 quoad
786 911 865 976 bunc
884 920 996 977 tentum
1015 912 1125 998 rapula
1154 914 1239 978 desiit
1268 934 1326 997 qua
1347 916 1498 995 docemur,

111 1019 285 1101 pronomina
307 1019 534 1083 demonstrativa
564 1040 602 1084 ex
624 1039 694 1085 sese
722 1022 760 1085 ad
780 1022 944 1086 subiectum
965 1026 1131 1105 proximum
1151 1023 1311 1090 revocarit
1341 1044 1378 1090 an
1399 1048 1498 1091 maon

113 1129 320 1210 maantam
347 1128 545 1209 interdicitur,
581 1148 619 1193 ne
646 1133 820 1212 pronomina
849 1131 1075 1197 demonstrativa
1104 1134 1142 1196 ad
1163 1133 1326 1198 subiectum
1355 1138 1497 1201 remotus

112 1243 195 1301 eitra
212 1245 425 1301 necersttatem
438 1236 626 1303 reseranturi
649 1260 687 1305 an
709 1239 851 1322 exempla
872 1242 947 1332 apud
960 1242 1137 1307 Matthaeum
1159 1243 1370 1326 desiderantur,
1394 1246 1499 1328 quibus

112 1349 277 1411 mmmunis
299 1348 403 1430 regula
422 1356 539 1412 servata
554 1348 782 1431 comprobetur?
803 1371 842 1416 aa
861 1351 932 1415 latet
946 1352 1050 1415 Christi
1070 1372 1184 1433 scapus
1206 1372 1244 1417 eo
1260 1355 1497 1421 manifestissime

108 1456 280 1540 spectantis,
301 1466 332 1521 ut
352 1457 470 1522 Petrum
491 1459 734 1539 promissionibus
755 1457 938 1543 locupleteti
961 1480 998 1524 an
1020 1461 1126 1525 desunt
1139 1459 1199 1526 lact
1216 1462 1369 1545 paralleli,
1393 1465 1498 1547 quibus

106 1567 213 1632 Petrus
248 1567 383 1632 omnibus
417 1569 600 1649 praepositus
629 1566 832 1652 significaturi
869 1572 959 1633 immo
988 1572 1085 1635 omnia
1121 1571 1226 1636 adsunt
1255 1581 1285 1637 et
1319 1576 1497 1656 conspuant,

107 1676 328 1760 ostenduntque
349 1695 409 1741 nun
431 1677 518 1741 alium
541 1696 629 1760 quam
647 1677 763 1742 Petrum
784 1680 957 1761 pronomine
979 1678 1075 1763 ταύτῃ
1096 1681 1253 1765 designari.

217 1792 266 1849 77.
308 1786 341 1849 ln
363 1805 419 1869 qua
440 1790 585 1851 sententia
608 1787 786 1851 validissima
808 1787 1059 1869 confirmabimur,
1080 1792 1106 1853 si
1127 1798 1158 1854 et
1178 1788 1346 1855 robustam
1366 1799 1498 1857 orationi

107 1902 292 1976 ameriam,
323 1903 353 1959 et
370 1916 578 1976 personarum
599 1904 801 1977 temporisque
829 1897 979 1962 adiuncta
1006 1898 1137 1962 nonnihil
1158 1899 1393 1981 erqrenderimus.
1435 1902 1499 1966 Lex

105 2023 236 2087 namque
257 2012 312 2086 est,
335 2006 382 2068 cui
403 2005 473 2069 boni
496 2024 599 2070 omnes
621 2006 840 2088 prudentesque
861 2005 1070 2090 obsequuntur,
1093 2017 1124 2072 ut
1143 2027 1202 2091 quo
1216 2011 1362 2073 sermonis
1377 2013 1498 2076 materia

109 2122 157 2178 est
172 2115 301 2197 gravior,
324 2131 362 2178 eo
378 2115 467 2179 rerba
482 2115 648 2198 deligantur
662 2116 783 2197 aptiora,
800 2114 975 2198 dicendique
990 2115 1083 2181 torma
1104 2125 1268 2201 usurpetur,
1289 2138 1365 2201 quae
1380 2121 1498 2185 errandi

107 2223 218 2288 aditum
239 2223 415 2305 praecludat
460 2224 668 2288 Gravissimum
691 2242 779 2307 porro
807 2226 972 2307 summique
993 2227 1134 2289 momenti
1155 2226 1184 2290 id
1205 2246 1291 2309 esse,
1324 2229 1362 2293 de
1384 2248 1443 2312 quo
1467 2232 1497 2294 in

105 2335 275 2417 praesentia
291 2336 396 2416 agitur,
419 2353 459 2397 ex
472 2352 541 2399 sese
557 2341 644 2416 patet,
661 2353 748 2416 quum
767 2335 937 2398 admodum
953 2336 1156 2418 rationemque
1170 2337 1367 2404 instituendae
1387 2358 1496 2423 regen-

105 2443 228 2525 daeque
263 2443 411 2507 ecclesiae
442 2445 601 2525 pertineat,
635 2452 695 2508 turn
733 2445 859 2508 dissidiis
891 2443 1054 2507 ostenditur
1084 2444 1201 2510 diutinis
1229 2466 1265 2510 ao
1289 2448 1496 2531 acerbissimis,

106 2570 186 2635 quae
206 2550 291 2615 huius
320 2551 378 2615 loci
406 2553 563 2616 occasione
586 2555 709 2618 extitere
737 2573 773 2616 ac
794 2556 952 2618 etiamnum
979 2556 1114 2618 existunt
1157 2554 1324 2620 Putabimus
1350 2560 1439 2640 igitur
1467 2569 1496 2624 et

105 2661 200 2725 verba
225 2661 336 2725 selecta
363 2661 455 2725 inisse
486 2662 656 2745 diligenter,
684 2671 713 2726 et
741 2682 807 2726 earu
836 2663 952 2727 dicendi
981 2663 1106 2728 sormam
1128 2673 1310 2748 usurpatam,
1342 2686 1417 2750 quae
1444 2686 1497 2731 sua

103 2772 315 2856 perspicuitate
326 2771 535 2835 dubitationem
551 2789 670 2836 ornnem
682 2771 719 2835 de
735 2780 832 2836 mente
844 2775 1047 2855 sententiaque
1062 2773 1208 2856 loquentis
1222 2794 1240 2838 e
1255 2775 1353 2840 medio
1367 2776 1493 2841 tolleret.

104 2883 387 2959 amaveramus
410 2882 526 2946 delectu
546 2882 685 2961 abenius,
716 2889 766 2945 aut
793 2902 810 2944 a
832 2884 1039 2965 perspicuitate
1060 2885 1201 2947 remotius
1224 2904 1260 2947 ea
1284 2887 1437 2968 oratione,
1466 2887 1496 2949 in

106 3011 168 3076 qua
181 3014 293 3056 seruus
308 2990 416 3057 obuiam
430 3015 451 3056 a
464 3013 560 3055 samu
575 3013 647 3055 uero
664 2996 706 3026 ¹⁸⁷
730 2992 903 3075 longissime
919 2992 1014 3075 distel,
1030 3000 1060 3057 et
1074 3000 1164 3067 cuius
1175 3004 1291 3075 partes,
1304 3004 1494 3078 pronomina,

102 3100 298 3184 particulae,
328 3103 413 3166 aliter
433 3108 600 3182 sumantur,
626 3120 662 3165 ac
689 3108 796 3166 uotiua
821 3100 948 3166 iliarum
972 3110 1112 3182 potestus
1134 3107 1250 3189 exigat,
1287 3107 1496 3186 dictorumque

104 3220 205 3278 emes
222 3209 368 3277 suadenti
410 3211 571 3296 Negligunt
583 3212 672 3295 igitur
692 3219 886 3293 protestantes
901 3210 1042 3293 loquendi
1061 3211 1158 3298 leqem
1171 3222 1321 3279 materiae
1339 3223 1496 3301 pravitate

101 3330 345 3405 praescripturo,
376 3322 445 3387 dum
467 3321 637 3404 particulam
657 3322 764 3386 aai'et
784 3340 950 3405 pronomen
970 3323 1064 3407 ταύτῃ
1079 3341 1167 3388 secus
1189 3326 1430 3406 interpretantur,
1459 3345 1495 3389 ac

103 3433 258 3514 utriusque
279 3434 362 3496 tritus
384 3431 578 3515 vulgatasque
601 3450 671 3495 usus
694 3428 844 3514 efflagitet

215 3541 319 3624 Neque
338 3544 434 3607 minus
456 3543 604 3607 adiuncta
632 3542 787 3626 negligunt
805 3562 1012 3622 personarum
1034 3550 1064 3605 et
1090 3549 1242 3624 temporie.
1286 3542 1395 3625 Ecquis
1417 3544 1496 3607 enim

105 3658 154 3716 est
182 3657 234 3731 qm·
261 3648 420 3732 loquitari
462 3651 565 3731 lesus,
594 3649 650 3714 Dei
676 3651 767 3715 Patris
788 3651 938 3730 Verbum,
972 3650 1144 3735 dimotusque
1172 3652 1322 3716 bominum
1350 3654 1496 3718 institutor

103 3769 194 3842 amno
208 3760 319 3823 domur.
362 3759 417 3832 Qui
437 3778 512 3823 vero
527 3758 660 3841 sunt'qui
675 3759 828 3825 audiuml
850 3781 954 3824 omnen
977 3767 1147 3824 amoerrtm
1167 3760 1307 3842 apostoli,
1330 3780 1404 3844 quos
1420 3782 1493 3844 prae

104 3870 217 3934 ceteris
239 3870 340 3934 dilexit
355 3873 409 3949 ¹⁸⁸,
429 3888 561 3951 suaeque
584 3871 734 3956 doctrinae
755 3878 865 3952 testes,
891 3888 1116 3953 praeconesque
1137 3872 1296 3935 ordinavit:
1318 3878 1379 3934 turn
1400 3878 1495 3935 norni-

103 3975 359 4060 natimletrug
376 3998 465 4061 quem
489 3979 526 4043 ab
549 3982 686 4045 eximiam
710 3982 778 4045 fidei
800 3981 1018 4045 consessionem
1033 3980 1156 4044 ornabat
1177 3980 1319 4061 laudibus,
1341 3982 1494 4063 praemiis-

103 4106 165 4173 que
187 4087 359 4152 cumulabat.
404 4089 469 4162 Quo
486 4096 583 4154 numm
598 4099 729 4171 tempore
749 4093 804 4155 ista
819 4087 914 4154 dunat
937 4108 1025 4172 quum
1046 4092 1172 4172 primurn
1187 4094 1230 4127 ¹⁸⁹
1252 4109 1306 4154 suo
1330 4109 1383 4155 ore
1399 4088 1492 4154 eccle-

173 4299 233 4375 ¹⁸')
266 4299 326 4357 lam
355 4299 434 4357 buius
464 4300 627 4358 discriminis
656 4303 776 4375 superius
825 4302 891 4378 Dei,
918 4317 1041 4359 seorsum
1067 4302 1235 4377 enudesbat,
1262 4305 1375 4377 siquae
1402 4319 1492 4361 coram

106 4406 235 4482 uramini,
263 4406 335 4481 quod
356 4421 390 4463 eo
410 4408 541 4481 pertinet,
566 4413 595 4464 ut
614 4422 708 4464 seusus
728 4406 777 4463 ob-
825 4410 976 4484 promiscua
1004 4408 1171 4467 mrdtitudiae
1196 4410 1337 4466 obscurius
1369 4411 1492 4485 implica·

104 4514 144 4570 rii
172 4513 281 4569 nomine
307 4513 400 4571 veniat
425 4532 522 4572 sensas
546 4514 709 4588 simpiciter
734 4515 777 4571 ita
825 4517 929 4589 tiusque
950 4515 1073 4572 dixisset.

105 4619 213 4689 dictam
234 4636 366 4695 quemque
385 4621 471 4679 aerbo
487 4621 699 4696 praeostatum
726 4635 775 4676 uo·
890 4621 950 4698 ¹⁸⁹)
976 4622 1034 4679 iioc
1061 4622 1131 4678 enim
1159 4621 1271 4695 pomum
1297 4627 1418 4695 tempore
1443 4640 1491 4680 er·

105 4726 179 4783 niue
208 4731 296 4782 summ
328 4742 422 4783 sensas
456 4729 513 4785 reri
545 4731 570 4786 is
602 4730 775 4804 exprimatur
824 4729 931 4786 tituram
951 4728 1068 4786 bdelium
1095 4729 1253 4785 societatem
1281 4729 1418 4787 acclamas
1443 4746 1492 4787 uo·

105 4849 187 4909 mess
206 4840 305 4890 auctm
324 4833 452 4891 intendit.
825 4837 895 4893 ruina
926 4836 1094 4910 designarit3
1128 4828 1213 4908 oeque
1247 4842 1324 4891 autea
1354 4836 1491 4894 murtae

172 4939 234 5013 Ι“)
258 4938 296 4997 Et
321 4939 419 5012 quibus
445 4946 600 5015 propterca,
627 4948 721 5015 utpote
740 4942 775 4999 iis
827 4942 955 5016 muniuit,
977 4959 1056 5016 quam
1067 4942 1144 5001 Petri
1158 4948 1292 5013 tamquam
1304 4941 1407 5015 proprii
1421 4942 1491 4998 aius·

104 5046 203 5122 quibus
224 5046 315 5104 datum
341 5052 415 5102 assst
438 5062 519 5105 nasse
545 5047 673 5119 mysteria
698 5048 776 5120 requi
825 5049 885 5107 deur
905 5049 1069 5106 fundamenti
1088 5046 1253 5121 meminerit,
1284 5053 1313 5104 ut
1331 5061 1425 5103 omnes
1444 5048 1489 5119 qui
