3358 5400
215 362 275 423 m
734 360 865 424 12le
905 356 1072 426 eamus

214 528 272 591 duo
293 544 353 590 non
375 528 470 590 minus
492 526 529 590 ab
550 527 676 591 invicem
698 529 817 610 distant,
839 547 924 612 quam
949 548 966 592 a
987 527 1154 611 particulari
1176 534 1206 590 et
1223 526 1342 591 definito
1359 525 1526 590 universale
1545 528 1586 597 in·

213 637 383 719 finitumque
409 635 504 701 baut.
548 638 623 712 Ouid
649 636 760 721 porrol
790 640 866 702 istud
892 641 1043 721 nimirum,
1070 638 1188 702 Paulum
1210 643 1240 701 et
1259 636 1422 699 Bamabam
1443 637 1481 699 ita
1501 635 1586 699 suum
1658 690 1659 699 ,

213 755 362 829 pastores,
395 754 427 809 ut
458 749 666 811 oecumenicus
697 751 826 811 omnium
855 751 1010 832 episcopus
1040 757 1071 812 et
1096 755 1197 831 pastor
1220 765 1296 809 unus
1323 745 1424 809 Petrus
1458 747 1586 808 extiterit.
1658 772 1659 793 t

215 856 299 930 Quod
327 855 507 921 nobilissima
535 859 663 940 imagine
693 858 917 941 chrysostomus
931 861 961 892 ²⁸
983 858 1124 940 depinxit,
1153 858 1306 939 inquiens:
1350 851 1519 937 Καθάπερ
1543 876 1587 928 τις
1658 882 1659 893 ¹

216 963 387 1048 στρατηγὸς
409 965 528 1048 περιῄει
549 966 608 1043 τοὶς
629 966 730 1045 τάξεις
751 962 809 1043 τοὶς
829 970 1025 1042 ἐπισκοπῶν,
1055 970 1148 1030 ποῖον
1172 964 1217 1041 alp
1237 972 1524 1048 συγκεκροτημένον
1541 971 1588 1045 με

216 1096 283 1155 ρος,
305 1079 399 1139 ποῖον
419 1080 453 1140 ἐν
474 1078 592 1160 κόσμῳ,
614 1081 708 1141 ποῖον
725 1080 778 1154 τῆς
798 1074 898 1142 αὑτοῦ
917 1076 1018 1141 δέοιτο
1039 1075 1222 1158 παρουσίας.
1266 1074 1355 1148 Quasi
1373 1076 1433 1138 dux
1446 1072 1587 1152 circuibat,

218 1185 337 1249 ordines
358 1186 566 1269 considerans,
597 1206 672 1269 quae
698 1206 766 1269 pars
789 1195 870 1252 esset
890 1188 1066 1267 coadunata,
1096 1205 1171 1269 quae
1193 1193 1310 1267 ornata,
1340 1203 1417 1266 quae
1438 1201 1491 1247 sua
1510 1200 1588 1264 prae·

215 1294 311 1357 sentia
332 1302 446 1376 egeret.

322 1436 392 1494 245.
434 1431 532 1513 Atque
552 1431 628 1495 banc
649 1435 778 1515 supremi
798 1433 880 1497 ducis
902 1435 1103 1497 auctoritatem
1126 1442 1186 1498 lum
1209 1434 1295 1496 etiam
1318 1431 1477 1514 apostolos,
1499 1429 1589 1491 senio·

217 1557 326 1622 resque
348 1541 434 1603 Petro
457 1541 597 1605 detulisse
619 1552 744 1624 constat,
774 1562 862 1625 quum
885 1546 1090 1626 gravissimum
1118 1543 1266 1607 dissidium
1294 1540 1513 1605 ecclesiasticae
1532 1538 1591 1600 uui·

215 1650 267 1712 tati
286 1648 431 1713 intensum
454 1655 572 1735 exarsit,
594 1672 766 1735 summaque
788 1654 949 1716 animorum
972 1656 1159 1716 contentione
1182 1660 1317 1715 vocatum
1343 1653 1373 1714 in
1395 1650 1589 1734 quaestionem

217 1756 284 1840 fuit,
313 1778 350 1822 an
370 1764 418 1842 qui
441 1781 458 1825 e
480 1763 637 1844 gentilibus
659 1763 696 1826 ad
716 1761 804 1825 fidem
826 1763 1018 1843 accederent,
1040 1765 1233 1826 mosaicarum
1256 1762 1357 1844 legum
1379 1759 1527 1865 custodiae
1547 1775 1590 1820 es

217 1876 284 1933 seut
302 1869 483 1934 subiiciendi.

323 2004 438 2069 Etenim
467 2026 484 2069 e
510 2008 690 2071 circumcisis
717 2007 851 2071 lidelibus
872 2026 932 2071 uon
957 2010 1057 2090 pauci,
1086 2010 1165 2090 iique
1186 2009 1408 2090 potissimum²⁹
1432 2007 1482 2089 qui
1502 2003 1590 2087 phari·

216 2132 352 2178 saeorum
373 2115 491 2178 haeresi
504 2116 533 2149 ³⁰
557 2117 740 2198 studuerant,
769 2125 798 2181 et
818 2117 957 2181 tenebant
977 2119 1045 2200 ipsi,
1075 2124 1104 2180 et
1124 2117 1197 2180 alios
1218 2117 1383 2181 edocebant
1396 2119 1445 2178 ⁸¹:
1474 2110 1519 2176 δἐι
1539 2104 1591 2173 ata

218 2217 261 2305 μή
283 2222 513 2306 περιτέμνησθε
534 2226 578 2309 τῷ
599 2223 671 2289 ἔθει
686 2226 860 2304 Μωϋσέως,
882 2223 920 2290 σύ
936 2223 1081 2290 δύνασθε
1100 2225 1266 2302 sodium.-
1289 2226 1446 2308 quodnisi
1467 2223 1590 2288 mosaico

169 2320 173 2327 ¹
220 2334 278 2395 ritu
292 2336 321 2367 ³²
348 2335 595 2399 circumcidamini
608 2338 650 2417 ³³,
670 2335 793 2399 salutem
816 2337 997 2419 consequi³⁴
1020 2353 1080 2399 nou
1100 2338 1230 2418 potestis.

323 2485 576 2568 Repugnabant⁸⁵
599 2488 703 2552 Paulus
731 2497 761 2552 et
786 2490 949 2570 Barnabas,
977 2497 1007 2552 et
1033 2508 1083 2552 ros
1109 2488 1147 2553 ad
1172 2486 1280 2552 στάσιν
1307 2506 1401 2569 usque
1430 2487 1590 2551 devenerat

219 2594 272 2659 oo
292 2602 324 2657 ut
344 2595 460 2659 obviem
480 2598 583 2678 betur,
611 2598 750 2680 expedire
764 2600 793 2633 ³⁸
817 2601 910 2662 visum
929 2605 989 2679 est,
1020 2606 1052 2661 ut
1074 2597 1183 2679 aliquot
1205 2617 1244 2660 ex
1263 2598 1416 2678 utriusqus
1436 2596 1591 2660 seutenbac

217 2704 365 2787 patronis,
395 2712 425 2767 et
451 2705 557 2771 Paulus
582 2710 762 2789 potissimum
788 2728 824 2772 ac
850 2709 999 2773 Barnabas
1026 2707 1062 2771 ad
1088 2706 1235 2790 apostolos
1263 2714 1294 2769 et
1322 2706 1589 2789 hierosolymitanos

217 2813 406 2896 presbyteros
434 2817 625 2881 mitterentur.
667 2817 722 2892 Oui
750 2827 781 2881 ut
806 2820 930 2900 primum
958 2818 1189 2899 Hierosolymam
1221 2835 1349 2897 venere,
1377 2815 1586 2899 quamquam⁸²

218 2922 256 2985 ab
279 2923 421 3006 ecclesia,
442 2925 590 3006 apostolis,
612 2927 851 3010 presbyterisque
871 2927 1018 2991 benevole
1038 2931 1253 3010 reciperentur,
1274 2929 1414 2990 continuo
1436 2935 1532 2990 lamen
1550 2924 1590 2984 in·

217 3032 411 3115 tellexerunt,
440 3053 479 3097 ex
505 3038 541 3099 iis
568 3036 667 3118 plures
693 3039 743 3118 qui
772 3034 835 3101 sind
855 3040 908 3115 τῆς
930 3038 1078 3118 αἱρέσεως
1103 3039 1169 3100 τῶν
1194 3036 1377 3121 φαρισαίων
1403 3034 1589 3109 crediderant,

219 3141 338 3209 banc'l
361 3144 490 3226 profiteri
512 3145 686 3209 doctrinam:
709 3142 756 3210 δἐι
777 3145 827 3209 δεῖ
841 3153 1031 3231 περιτέμνειν
1050 3144 1177 3222 αὐτούς,
1198 3146 1426 3229 νινραγρέλλειν
1445 3167 1477 3208 τε
1496 3142 1591 3223 τηρεῖν
1658 3172 1659 3237 y

107 3336 117 3351 .
220 3252 274 3317 τὸν
296 3257 394 3336 νόμον
416 3254 598 3329 Μωῦσέωςτ
619 3255 697 3336 quod
721 3265 833 3338 oportet
848 3265 954 3340 gentes
969 3257 1111 3321 Cbristum
1126 3257 1275 3339 amplexas
1295 3256 1515 3335 circumcidere,
1535 3260 1589 3314 uum
1658 3260 1659 3283 ¹

220 3362 276 3426 illis
295 3365 466 3447 praecipere
487 3371 518 3427 ut
536 3364 637 3428 bloisis
658 3365 757 3448 legem
778 3367 949 3430 custodiant

284 3623 329 3699 Η)
351 3624 380 3680 1¹¹
400 3623 470 3680 Am
493 3623 589 3699 ΛΡΜ
610 3626 682 3683 hm·
703 3626 773 3683 XXI·
794 3628 865 3705 1122.
935 3627 995 3684 daei
1018 3627 1051 3683 ab
1073 3629 1132 3685 abis
1153 3628 1258 3701 populis
1278 3626 1509 3697 discernebantur,
1536 3611 1591 3676 κατ’

287 3746 332 3821 2⁹)
355 3745 417 3804 Ᾱθῑ·
438 3747 496 3803 XV·
518 3748 618 3835 ‚¹''5·
935 3724 1034 3809 ἐξοχὴν
1053 3740 1200 3807 usurpatur.

996 3837 1042 3915 ⁸³)
1069 3838 1104 3895 El
1129 3856 1178 3913 per
1207 3839 1438 3895 circumcisionem
1462 3850 1512 3893 vos
1538 3830 1590 3888 uni-

936 3960 1029 4000 versae
1049 3944 1105 4016 legi
1126 3944 1262 4001 obnoxios
1282 3945 1467 4017 profiteamini.

1000 4050 1044 4125 ³⁴)
1067 4051 1092 4105 Α
1111 4066 1163 4123 qua
1184 4051 1349 4123 rigidissima
1363 4053 1492 4135 senentis
1511 4047 1529 4103 ii
1549 4042 1592 4099 ab·

285 3870 330 3945 Ν)
356 3870 397 3930 ue
427 3870 479 3926 bac
505 3871 660 3928 iudaeorum
685 3879 772 3947 secta,
800 3873 886 3945 deque

222 3976 327 4050 placitis
348 3977 442 4048 quibos
464 3977 691 4051 distinguebatur,
712 3978 786 4052 plura
805 3978 887 4035 babet

223 4082 366 4157 losepbua,
382 4082 565 4155 Archaeolog
581 4083 628 4140 lib.
642 4084 711 4140 Xlll.
729 4102 805 4158 capp
819 4086 887 4142 V·—

223 4188 887 4265 vt-lx-x‚ttb.xtllteap.11,tib.xvltl.
936 4157 1101 4232 ''mill‘’
1152 4158 1197 4230 ‘¹¹¹¹
1239 4173 1293 4214 ¹¹⁰⁰
1332 4157 1416 4214 ⁸⁰¹¹¹¹¹¹
1455 4149 1592 4230 tf⁰⁸⁸¹l¹¹⁸

224 4310 330 4378 „p
304 4296 328 4351 Ι.
357 4297 390 4353 d,
416 4299 489 4355 Bello
518 4298 579 4355 Μ
606 4297 652 4353 hy,
673 4296 706 4352 Π.
734 4313 792 4370 „p
813 4296 888 4353 vm,
939 4270 1026 4355 [2333
1048 4265 1165 4321 iustitiae
1179 4269 1207 4319 et
1221 4263 1394 4339 circumcisis,
1416 4258 1591 4320 verumetiam

224 4402 320 4475 plura
312 4405 500 4476 ioeuangeliia
514 4394 664 4477 occumulat,
678 4402 768 4458 blattb
781 4403 825 4458 tu.
843 4403 889 4478 to,
937 4401 1081 4473 proselytis
1108 4398 1203 4479 optol]
1232 4406 1326 4473 portae
1356 4408 1383 4457 ct
1410 4392 1592 4456 inctmumcieis

225 4508 258 4565 Χ·
280 4510 314 4586 ⁶3
338 4509 401 4567 ΜΝ·
423 4510 456 4568 X·
482 4511 600 4585 33a····
627 4524 738 4582 ΨΜ
764 4508 890 4581 idemque
938 4553 1014 4612 spem
1034 4537 1128 4595 salutis
1152 4537 1294 4603 iaciebant.
1334 4538 1374 4594 Cf.
1400 4535 1535 4593 Scldennru
1559 4529 1590 4585 de
1658 4538 1659 4555 ¹

224 4616 448 4692 mmmm,
468 4616 649 4688 Af⁰¹³⁸⁶⁰¹⁰ffi
671 4614 717 4688 dd·
732 4614 799 4671 3¹⁸·
814 4630 889 4686 wll·
938 4644 1002 4701 lure
1022 4652 1076 4701 nat
1098 4651 1125 4700 et
1144 4650 1217 4716 gent
1237 4643 1283 4699 lib.
1305 4642 1337 4699 ll.
1423 4632 1432 4645 ’

225 4722 367 4796 diligenter
386 4725 504 4797 collegit
999 4750 1044 4825 υ)
1066 4750 1126 4806 ,aoy
1147 4751 1205 4807 xv
1227 4750 1255 4806 2.

287 4846 333 4924 ³¹)
354 4846 414 4903 llct.
435 4846 494 4903 XV.
518 4844 543 4902 l.
1066 4857 1134 4913 lbid.
1155 4874 1182 4913 v.
1204 4857 1231 4913 3

287 4969 334 5047 ⁸²)
354 4969 481 5028 Gsuemle
507 4983 605 5027 nomeu
629 4962 698 5034 idac
724 4967 758 5025 de
782 4968 888 5042 ritibus,
999 4857 1046 5040 :3
1066 4962 1133 5020 ibid.
1154 4980 1180 5018 v
1202 4961 1230 5018 4.

999 5071 1044 5146 ³⁸)

225 5077 311 5154 deque
330 5077 435 5152 legibus
455 5075 706 5153 caeremonialibus,
732 5074 828 5151 quibus
849 5076 889 5133 iu·
1066 5071 1133 5127 lbid.
1154 5072 1220 5127 v.5
