3324 5382
158 272 222 335 esa
350 348 359 363 .
647 265 781 333 uuest
819 265 1056 335 sucessuum

158 456 220 502 non
240 436 411 512 advertunt,
440 453 530 519 qurum
552 433 657 499 (brristi
676 435 753 519 apud
773 435 884 501 bneam
905 450 1075 502 sermonem
1096 433 1292 500 enarrandum
1310 432 1554 520 approbantur?

158 549 185 612 si
205 547 264 611 boe
283 566 318 611 se
339 553 424 628 paeto
446 552 595 628 gererent,
617 544 697 609 illico
718 553 958 627 assequerentur,
981 545 1070 609 telem
1091 563 1161 609 esse
1180 553 1360 626 emtoxtum,
1382 553 1414 609 nt
1433 546 1555 629 quidvis
1656 526 1657 553 ¹

159 658 256 740 potius
278 656 392 720 facilins
413 656 464 735 sit,
500 672 589 737 quam
613 672 682 718 eum
708 672 879 719 sermonem
900 654 938 718 ab
959 675 1022 718 uae
1045 651 1141 720 Petro
1163 657 1201 721 ad
1222 677 1326 721 amam
1346 662 1553 721 somnum·

160 765 315 847 apostolor
336 769 506 829 transterre.

270 880 338 938 186.
382 875 519 938 Ceterum
540 892 599 956 qna
619 873 674 956 ipsi
694 873 742 936 via
764 873 993 938 consensionem
1016 890 1120 938 eorum
1138 874 1295 941 ostendent
1308 894 1385 958 quse
1398 875 1555 941 dobannes

159 985 267 1067 refert3
289 984 393 1049 eadem
413 1001 469 1047 uos
491 1001 567 1065 quae
587 1001 681 1065 penes
702 1000 770 1046 eum
791 990 859 1047 sunt
878 1001 946 1047 eum
964 984 1001 1048 iis
1022 1002 1100 1067 quae
1119 985 1216 1050 Luees
1236 985 1391 1067 deseribit,
1411 985 1556 1051 conmm-

159 1095 265 1160 bimus.
297 1094 357 1157 lllis
371 1110 444 1157 uero
458 1093 502 1156 nd
519 1090 709 1157 demortua
731 1092 911 1157 adducendis
931 1101 976 1157 sat
996 1101 1043 1158 est
1063 1095 1265 1176 considerem,
1288 1093 1347 1159 bae
1368 1094 1458 1160 ueluti
1477 1095 1553 1179 lege

160 1222 214 1287 pro
235 1203 408 1268 fidelibus²⁸
430 1220 534 1266 orasse
555 1201 709 1283 Christum
732 1210 764 1266 ut
783 1220 867 1266 suam
889 1202 946 1285 ipsi
964 1201 1054 1267 iidem
1073 1203 1113 1268 ad
1135 1203 1335 1288 apostotorum
1356 1202 1555 1287 praedicatio·

161 1332 230 1377 nem
253 1314 418 1396 exigerent
461 1311 562 1376 Oravit
580 1332 638 1393 pro
654 1309 804 1394 fidelibus
825 1312 993 1377 immediate
1015 1311 1161 1391 Christus,
1196 1315 1327 1379 orauit¹⁹
1352 1320 1383 1377 et
1399 1333 1458 1394 pro
1476 1333 1555 1393 opo

161 1420 267 1504 stolis3
301 1423 356 1487 sed
375 1438 428 1505 pro
449 1420 496 1484 bis
517 1428 675 1502 tamquam
694 1428 854 1506 maqtstria
875 1443 914 1485 oe
933 1419 1127 1502 pastoribus,
1149 1440 1203 1505 pro
1221 1422 1277 1487 titis
1298 1441 1371 1487 uero
1393 1430 1555 1503 empnam
1658 1480 1659 1525 p

161 1530 321 1612 mamete
351 1539 380 1596 et
408 1529 525 1595 eodm.
576 1531 676 1596 Oratio
704 1514 793 1614 igitur
816 1551 875 1611 pro
897 1529 1045 1614 fidelibus
1072 1551 1091 1596 a
1119 1531 1236 1596 Christo
1264 1531 1329 1596 fusa
1355 1549 1393 1597 eo
1419 1533 1556 1615 inprimis
1658 1528 1659 1545 ¹

162 1644 321 1727 spectavit,
357 1651 394 1705 ut
415 1642 508 1706 iidem
534 1648 681 1722 superate
705 1641 895 1705 dmrmeatur
921 1650 1051 1727 mattis,
1085 1641 1191 1723 quibus
1215 1649 1344 1722 possem
1371 1660 1408 1705 ae
1434 1640 1556 1706 sedeat

162 1751 302 1837 apostotis
320 1751 460 1834 obsequi,
491 1759 523 1816 et
541 1750 709 1834 preedieato
731 1749 768 1813 ab
789 1750 929 1833 apostolis
951 1750 1043 1815 uerbo
1062 1751 1228 1815 firmissime
1249 1751 1420 1817 ndbnerere.
1466 1751 1557 1826 Quod

162 1881 252 1946 quum
267 1862 479 1944 seripturarum
502 1862 631 1925 omnium
653 1858 818 1942 ἀναλογίᾳ,
842 1868 903 1925 tum
922 1860 1059 1925 adhibitis
1079 1860 1224 1925 aCbristo
1244 1860 1395 1941 uerbis'·‚
1418 1858 1473 1925 dmi
1493 1862 1556 1925 τοῦ

161 1971 261 2054 λόγου
282 1968 398 2048 αὐτῶν,
416 1973 573 2055 perspicue
595 1969 792 2035 confirmatur.
1659 2036 1660 2051 χ

269 2081 408 2146 Jamvero
427 2083 543 2146 ratione
563 2099 624 2145 non
645 2078 779 2144 dissimili
801 2085 831 2142 et
851 2096 905 2161 pro
925 2077 983 2143 tide
1004 2089 1098 2143 sams
1112 2075 1212 2157 Petri,
1233 2086 1264 2143 et
1278 2097 1333 2162 pro
1347 2077 1405 2143 tide
1419 2085 1557 2143 omniun
1659 2056 1660 2083 ¹

162 2188 371 2271 apostolorum
398 2208 502 2255 orasse
531 2189 663 2255 Christus
689 2189 832 2255 dioendus
859 2196 914 2253 est
960 2189 1062 2267 Orayit
1090 2206 1144 2271 pro
1172 2188 1230 2253 bde
1255 2189 1341 2253 unius
1370 2188 1461 2270 Petri,
1495 2189 1555 2253 sed

162 2309 319 2381 tampuom
349 2307 432 2378 etus,
467 2301 517 2383 qui
547 2305 682 2363 amodum
711 2307 819 2379 capra,
853 2305 1046 2379 annuaque
1070 2297 1303 2381 firmamentum
1335 2296 1446 2361 tutunus
1477 2306 1554 2361 erut.

163 2410 264 2476 Orarit
285 2417 315 2474 et
334 2427 389 2492 pro
408 2408 464 2473 fide
486 2409 616 2473 omnium
638 2408 852 2492 apostotorum,
873 2409 928 2473 sed
949 2416 981 2472 ut
999 2409 1142 2473 erendum
1161 2428 1219 2488 pro
1239 2414 1279 2471 tta
1300 2415 1380 2488 erat,
1402 2413 1456 2487 pua·
1475 2404 1558 2471 artu

163 2526 296 2584 semaco
321 2541 343 2582 o
369 2526 481 2600 eapite,
509 2515 587 2582 add
612 2540 634 2581 o
661 2539 720 2581 ruo
742 2516 940 2601 firmamento
969 2516 1073 2582 aomar
1097 2515 1157 2581 stbt
1185 2524 1296 2581 nerim
1322 2515 1555 2597 ροιίἰεειειιιιιτ.

164 2629 262 2703 Quare
283 2628 421 2711 precibus
441 2647 495 2710 pro
516 2628 602 2692 Petro
624 2627 729 2693 oblatis
751 2628 781 2692 id
803 2647 823 2693 a
845 2628 929 2693 Patre
948 2627 1080 2693 Christus
1099 2628 1281 2710 impetrauit,
1317 2633 1349 2690 ut
1377 2626 1427 2690 itte
1449 2644 1556 2708 quam·

164 2758 251 2821 quam
271 2740 417 2803 acerrime
437 2744 579 2815 tentatus,
616 2742 650 2800 ta
670 2758 706 2801 se
725 2736 852 2818 stabilis,
888 2739 1084 2820 immotumque
1105 2738 1295 2803 redderetur:
1324 2737 1456 2801 orabone
1479 2755 1557 2801 uero

162 2867 217 2932 pro
236 2848 378 2931 apostolis
400 2854 599 2929 oonsequntus
621 2854 681 2927 est,
716 2855 748 2911 nt
768 2847 799 2910 hi
820 2846 900 2911 nulio
921 2854 1126 2929 tempestatum
1146 2847 1281 2929 turbine,
1315 2845 1461 2928 numme
1482 2863 1556 2928 pro·

163 2959 247 3022 cellis
268 2981 290 3021 o
311 2953 402 3021 Petri
424 2963 592 3032 cormortr'o,
626 2957 792 3037 eademque
811 2978 882 3022 rum
902 2978 938 3021 eo
957 2957 1090 3022 tenenda
1107 2955 1394 3042 promutuandopue
1409 2953 1476 3038 fide
1495 2953 1556 3019 ub·

163 3065 388 3131 straberemtur.

275 3181 344 3239 187.
387 3176 433 3239 Ao
454 3176 719 3258 opportunissimae
741 3195 814 3241 mne
835 3176 954 3241 inerunt
978 3194 1103 3260 preees,
1140 3196 1230 3260 quum
1260 3193 1365 3240 omues
1390 3176 1421 3239 in
1451 3183 1558 3257 aperto

165 3287 262 3367 uitae,
285 3284 446 3367 satiusque
467 3284 638 3349 discrimine
660 3294 857 3351 versorentur.
900 3286 985 3360 Quod
1005 3295 1038 3350 ut
1057 3286 1189 3351 Christus
1211 3284 1408 3369 signiticaret,
1427 3301 1557 3349 exorsus

165 3397 209 3461 sie
230 3398 336 3459 est³¹:
371 3393 512 3478 Σίμων,
533 3392 669 3477 Σίμων,
702 3414 760 3478 qua
781 3396 907 3460 nominis
927 3395 1096 3461 uehementi
1117 3397 1292 3479 repetitione
1311 3395 1426 3459 animos
1447 3395 1556 3475 erexit,

163 3505 351 3587 intentosque
373 3504 458 3589 seuit:
480 3504 553 3570 tdod
575 3525 646 3569 ecce
667 3506 725 3570 iam
746 3504 816 3569 illud
837 3506 924 3571 instat
944 3512 1087 3589 astupet
1107 3505 1187 3588 quod
1207 3524 1256 3570 me
1277 3503 1432 3571 sollicitum
1454 3502 1557 3584 habet,

165 3616 302 3698 quodque
324 3614 408 3679 vobis
430 3614 593 3697 impendet:
630 3615 648 3677 d
667 3618 807 3691 σατανᾶς
828 3615 1031 3680 amassem·
1050 3613 1104 3679 otte
1128 3613 1198 3680 καί
1217 3607 1335 3692 ἐξοχὴν
1355 3619 1386 3676 et
1405 3612 1558 3679 bomieida

165 3725 202 3789 ab
223 3727 305 3790 initio
326 3723 493 3810 ἐξῃτήσατο
507 3728 535 3760 ³²
561 3723 645 3808 ὑμᾶς
664 3746 719 3788 eos
740 3724 914 3806 depoposcit
942 3733 974 3789 ut
1000 3725 1043 3790 illi
1069 3724 1223 3790 dedamini
1264 3725 1305 3787 At
1332 3739 1392 3805 quo
1419 3721 1557 3804 musitio,

165 3836 335 3918 quemvein
355 3832 467 3899 ment
488 3835 658 3919 metaphora
672 3838 700 3870 '⁸
724 3854 743 3899 e
763 3854 797 3900 re
817 3834 1006 3900 frumenturia
1027 3836 1115 3918 petitu
1135 3833 1232 3899 subdit
1251 3834 1354 3898 iesus:
1374 3834 1433 3897 τοῦ
1453 3834 1558 3898 ermol

166 3962 220 4010 σαι
241 3941 287 4020 αἱς
308 3942 365 4007 τόν
384 3949 488 4021 σῖτον,
508 3953 544 4009 at
564 3966 619 4010 aes
639 3950 735 4008 tritici
755 3950 857 4008 butor
875 3949 1062 4023 comeret⁸⁴,
1084 3942 1263 4020 ventilaret,
1288 3940 1456 4020 cribraret,
1482 3960 1557 4007 oon·

165 4071 328 4135 cessosque
357 4053 433 4117 inter
461 4054 599 4137 patens⁸⁵
622 4056 685 4138 igni
717 4055 877 4119 destinatas
909 4055 1056 4119 retineret
1108 4055 1172 4129 Quo
1208 4071 1281 4117 vero
1315 4059 1417 4134 paeto,
1454 4070 1556 4135 quoue

230 4266 275 4342 ²⁸)
296 4265 364 4322 ibid
385 4281 412 4321 ι.
428 4265 476 4323 20.
885 4271 914 4323 et
932 4266 1078 4325 sedatione
1097 4267 1151 4324 loet
1170 4282 1206 4323 ex
1224 4264 1323 4324 tobi„
1340 4263 1481 4323 11-12,
1508 4281 1561 4341 ap·

228 4396 274 4471 ιι)
294 4395 363 4453 stip·
383 4413 429 4454 W,
448 4397 475 4454 9·
495 4414 571 4473 „W
884 4379 970 4447 pnret,
989 4388 1071 4430 sensu
1088 4388 1143 4431 nou
1163 4372 1286 4430 dissimili
1306 4371 1438 4429 adbiberi.

229 4529 258 4562 a·
295 4528 354 4586 Μ
429 4529 468 4587 2⁰
946 4477 992 4555 ⁸³)
1018 4479 1191 4555 lietapborae
1211 4495 1247 4536 ex
1270 4478 1324 4536 boe
1348 4478 1423 4535 tonte
1449 4479 1556 4553 petitae

261 4530 275 4606 )
326 4546 413 4587 Μ’
469 4570 477 4585 ’
883 4591 1025 4643 eooununt
1043 4587 1070 4642 in
1092 4585 1499 4661 Scripturisbequeatissimee.

228 4662 274 4737 ³¹)
295 4662 357 4720 itt·
378 4662 461 4719 ffl·
481 4661 530 4719 ³¹·
945 4692 990 4768 Ν)
1011 4692 1093 4750 nuos
1112 4692 1236 4750 onerem
1255 4690 1347 4749 vinu
1363 4690 1441 4749 amr
1459 4697 1553 4766 pens·

227 4795 273 4870 ³²)
293 4795 412 4852 Verbum
434 4787 545 4862 daem
570 4793 692 4852 elassiois
719 4799 834 4872 seriptu-
883 4799 952 4873 apud
972 4798 1116 4857 sabbatier
1135 4799 1249 4856 reddunt
1274 4788 1386 4867 σνιᾶζω
1413 4788 1474 4856 rino*
1499 4795 1556 4856 sori

165 4901 239 4957 ribus
253 4907 308 4975 este
321 4900 691 4975 postutoadpaossb'oaoar,
712 4903 832 4977 adesp-
881 4902 955 4974 oute,
975 4908 1113 4979 emutio,
1133 4906 1203 4964 ande
1224 4903 1320 4975 nestor,
1339 4904 1469 4963 cribrum.

164 5006 291 5077 plicitum.
338 5004 368 5062 ln
394 5004 426 5062 Ν.
447 5004 477 5062 Τ.
504 5011 547 5063 eti
571 4994 651 5075 ἇσαξ
676 4998 833 5083 hyb'pmr,
944 5011 991 5089 ³⁸)
1011 5013 1105 5073 luidb·
1125 5010 1170 5069 ΠΙ.
1193 5010 1238 5068 12.
1259 5010 1322 5069 ooll-
1342 5010 1405 5069 buo.
1425 5010 1471 5069 ΠΙ.
1494 5009 1543 5069 11.
