3374 5388
633 294 781 366 CAPUT
821 298 893 367 vu.
1396 302 1455 363 tot

70 467 201 531 intimo
224 466 344 547 recidit,
373 464 502 548 Πέτρον
522 484 611 547 esse,
636 467 673 532 sd
694 486 783 550 quern
805 466 964 535 salvatoris
984 464 1090 547 verba,
1120 468 1175 533 um
1194 465 1294 531 π’ύλιιι
1316 460 1399 551 ᾅδου
1419 466 1459 533 οὕ

70 573 323 656 κατισχύσουσιν,
341 584 486 657 prom
499 577 670 660 diriguntur.
700 577 759 643 Sed
773 579 948 660 interpretes
964 576 1097 659 plerique
1112 594 1226 655 omues,
1248 577 1328 660 quod
1341 576 1459 642 iiioom

70 684 162 748 iieid⁴
181 687 393 766 animadvertit,
416 704 506 751 secus
526 687 701 767 emsdmom,
724 695 754 751 et
774 704 937 769 pronomen
956 684 1053 763 αὐτῆς
1073 687 1111 750 ad
1130 686 1297 765 ἐκκλησίαν
1316 687 1458 769 referunt,

71 802 140 859 ιιινι
160 803 234 876 prtia
252 795 398 860 eiusmodi
418 800 524 874 σχέσις
548 804 693 861 snucmm
714 798 778 880 ipsa
799 796 959 860 verborum
987 795 1141 877 studetur,
1171 805 1238 859 tum
1264 804 1339 879 quia
1364 816 1459 863 canon

73 913 120 969 est
141 907 259 970 minime
280 906 394 987 dubius,
418 906 657 972 mensorum
674 912 871 988 ριιιισιιιιιιιι,
892 907 948 969 nisi
963 905 1033 988 qnid
1045 906 1222 988 refragetur,
1243 906 1282 970 sd
1294 906 1458 971 subiectum

75 1022 210 1096 spectare
230 1014 356 1098 spese,-
375 1016 572 1095 antecedens,
597 1017 676 1099 quod
694 1015 763 1079 heic
785 1025 911 1081 estnon
933 1021 1030 1098 ampo
1050 1017 1105 1081 sed
1125 1017 1280 1095 ἐκκλησία.

182 1125 274 1200 Ouium
294 1144 355 1210 ego
375 1127 595 1191 dissensionem
615 1126 849 1208 componendam
870 1146 940 1190 esse
963 1126 1102 1207 arbitror,
1132 1144 1223 1208 quum
1247 1133 1383 1191 neudum
1404 1126 1457 1215 sslf

74 1252 143 1298 sum
169 1236 220 1315 sit,
249 1238 339 1300 immo
366 1245 538 1319 auumque,
570 1237 687 1301 diversa
709 1237 778 1301 lieet
798 1236 836 1300 de
857 1254 978 1316 caussa,
1008 1235 1148 1301 affirmari
1172 1237 1267 1319 possit
1284 1255 1321 1300 ae
1342 1236 1458 1301 debeat

72 1343 190 1426 Duplex
206 1365 332 1428 nomque
354 1347 504 1413 relationis
518 1349 660 1411 terminus
674 1346 900 1431 distinguendas
914 1333 969 1427 est,
988 1352 1212 1430 prummatteus
1232 1346 1307 1409 niter
1327 1344 1459 1428 ipsisque

72 1454 171 1519 verbis
192 1455 406 1541 significatus,
434 1476 471 1521 ac
491 1457 566 1521 niter
585 1455 699 1536 serite,
728 1455 861 1543 imma,
890 1463 921 1520 et
939 1456 1058 1521 nonnisi
1083 1455 1182 1521 verbis
1211 1453 1457 1541 udrtpratfieatos.

71 1564 161 1628 Porro
184 1556 406 1648 grammaticam
426 1567 579 1632 relationis
599 1569 771 1650 terminum,
804 1567 944 1648 iliumque
972 1565 1167 1648 signiiicstmn
1192 1584 1262 1629 esse
1283 1565 1457 1645 ἐκκλησίαν,

75 1676 253 1739 monendum
273 1695 334 1741 non
354 1685 417 1759 est;
445 1676 499 1741 sed
520 1694 618 1759 neque
640 1680 783 1742 montore
805 1695 879 1761 opus
901 1684 948 1741 est
967 1685 998 1741 ut
1018 1675 1211 1759 intelligatur,
1233 1676 1361 1758 realem,
1383 1676 1459 1759 logi·

73 1804 154 1869 oum,
188 1787 481 1870 adsigniiicstumque
510 1788 666 1850 terminum
694 1788 814 1851 nomine
843 1793 958 1867 πέτρας
984 1785 1093 1851 efferri.
1136 1785 1219 1850 llaec
1244 1789 1323 1851 enim
1353 1785 1458 1866 rmiis,

72 1895 161 1979 logici
184 1916 221 1960 se
242 1899 416 1979 pronomine
438 1895 532 1974 αὐτῆς
554 1896 746 1979 adsignificsti
767 1899 900 1979 proxime
929 1898 1046 1961 termini
1065 1904 1114 1960 vo
1136 1905 1166 1960 et
1189 1900 1270 1960 ratto
1297 1895 1458 1959 convenire

70 2006 152 2070 atteri
174 2010 278 2089 nequit
299 2026 385 2089 quam
405 2004 560 2083 subtecto,
582 2004 754 2088 quodsum
776 2014 837 2087 est,
860 2013 957 2092 oripo,
979 2004 1181 2090 efficiensque
1200 2005 1277 2070 iliius
1298 2004 1459 2070 stabilitatb

68 2123 262 2199 principium,
284 2117 323 2180 ob
345 2134 432 2199 quam
454 2115 584 2180 scelesto
602 2115 711 2179 invicto
731 2116 841 2181 robore
862 2124 985 2181 constat
1028 2117 1169 2180 Invictum
1191 2123 1288 2179 autem
1310 2113 1458 2179 ecciesiae

70 2226 161 2289 robm
184 2234 310 2307 epatre
330 2227 458 2291 dimanat
480 2227 527 2290 uui
549 2225 704 2305 incumbit,
735 2233 876 2308 petraque
903 2229 965 2310 ipsa
992 2248 1086 2308 quum
1107 2233 1140 2290 tn
1160 2247 1231 2289 sese
1255 2228 1375 2289 immota
1395 2232 1457 2305 est,

69 2344 134 2399 tum
163 2338 357 2400 constantiam
385 2336 609 2417 firmitatemque
638 2335 785 2399 ecciesiae
812 2343 945 2417 tmperttt
974 2356 1060 2420 qnam
1089 2342 1242 2400 sustentat.
1293 2336 1344 2398 Vis
1372 2336 1459 2418 igitur

68 2447 207 2528 ratioque
228 2447 353 2527 termini,
377 2447 413 2510 sd
430 2464 518 2528 quem
539 2443 642 2528 oque,
664 2444 849 2526 realiter-que
868 2465 1033 2528 pronomen
1053 2442 1314 2525 monogramme
1334 2452 1457 2528 spectat,

71 2557 181 2638 quique
210 2557 384 2637 pronomine
409 2553 505 2632 αὐτῆς
531 2562 673 2635 prom
692 2555 924 2640 adsignificator,
956 2555 1093 2622 subtecto
1117 2558 1210 2635 inest,
1243 2555 1321 2637 quod
1352 2551 1457 2636 rem,

67 2674 235 2746 petraeque
256 2665 422 2729 nominibus
443 2667 621 2747 exprimitur.
1457 2724 1461 2733 .

177 2781 229 2837 stt.
273 2774 384 2849 Quibus
405 2775 611 2840 confirmandis
633 2774 869 2859 iiiustmndisque
889 2776 971 2859 pluro
994 2794 1090 2859 eoque
1111 2774 1356 2859 opportunissima
1378 2773 1456 2854 apud

71 2892 204 2948 vetustos
225 2885 372 2950 ecciesiae
394 2886 554 2967 scriptores
575 2893 747 2967 occurrunt,
772 2906 791 2950 e
814 2904 938 2969 quorum
960 2904 1083 2950 numero
1104 2885 1254 2969 Origenes
1274 2889 1297 2963 ⁸,
1326 2882 1458 2947 adductis

71 2995 180 3075 serbis,
202 3014 265 3057 non
283 2993 506 3073 praevalebunt
527 2995 679 3059 adsersus
700 3014 777 3076 eom,
802 3015 820 3058 c
842 2997 969 3079 vestigio
990 2995 1101 3061 subdit:
1131 2992 1254 3076 ,Τίνος
1275 2994 1319 3070 δέ,
1341 2992 1457 3070 αὐτῆς,

71 3098 135 3184 ἄρα
152 3100 221 3188 γάρ
242 3106 295 3180 τῆς
317 3111 449 3185 πέτρας,
470 3103 524 3191 ἐφ’
545 3098 584 3183 ἣν
601 3104 740 3187 Χριστός
761 3103 927 3189 οἰκοδομεῖ
948 3100 1002 3184 τήν
1023 3105 1189 3183 ἐκκλησίαν
1195 3130 1207 3185 ,·
1235 3098 1255 3182 r'p'
1276 3106 1330 3181 τῆς
1351 3103 1458 3180 ἐκκλη-

72 3214 160 3293 olom
199 3210 382 3301 ἀμφίβολος
410 3213 474 3298 γὰρ
502 3213 521 3293 ἡ
551 3212 690 3300 φράσις.
727 3208 748 3293 ri
769 3212 814 3291 ὠς
834 3213 905 3291 ἐνὸς
925 3217 977 3280 καὶ
997 3219 1054 3279 τοῦ
1074 3213 1173 3280 αὐτοῦ
1194 3218 1246 3293 τῆς
1266 3220 1380 3297 πέτρας
1405 3215 1458 3279 καὶ

71 3324 123 3399 τῆς
142 3323 328 3402 dempster,
355 3326 446 3389 τοῦτο
467 3324 498 3387 δ’
522 3320 614 3407 οἶμαι
634 3322 756 3402 ὀληθὲς
777 3323 962 3406 τυγχάνειν,
988 3319 1060 3390 οὔτε
1083 3323 1148 3408 γάρ
1169 3328 1221 3404 τῆς
1244 3330 1376 3406 πέτρας,
1405 3323 1460 3410 ἐφ’

68 3424 105 3510 ἧς
132 3436 151 3496 o'
181 3431 323 3516 Χριστὸς
357 3432 523 3516 ολκοδομιῖ
555 3426 612 3511 τήν
644 3433 827 3511 ἐκκλησίαν,
866 3429 937 3500 οὔτε
969 3438 1023 3512 τῆς
1053 3435 1216 3512 ἐκκλησίας
1247 3434 1341 3499 πύλαι
1376 3430 1459 3518 ᾆδον

71 3540 330 3622 eorreptionem.
373 3544 467 3618 Quam
489 3550 600 3624 sutem,
623 3546 716 3607 eom?
738 3564 776 3608 sn
795 3553 929 3625 petram,
952 3564 1151 3627 superquam
1173 3544 1305 3609 Christus
1326 3543 1460 3608 aedificat

72 3650 254 3717 ecciesismi
275 3672 313 3716 sn
334 3651 526 3717 ecclesiam?
546 3653 684 3736 ambigam
706 3655 814 3737 quippe
835 3655 965 3737 loquutio
988 3662 1044 3718 est.
1088 3652 1137 3717 An
1157 3657 1250 3719 instar
1268 3657 1353 3718 unius
1379 3655 1458 3716 eius·

72 3762 201 3845 demque
228 3764 275 3826 rei
296 3761 385 3826 babet
401 3772 522 3845 petrem
543 3773 573 3828 et
592 3763 783 3828 scelestam?
812 3764 870 3828 boc
898 3783 957 3846 ego
986 3784 1089 3829 verum
1119 3785 1189 3830 esse
1218 3767 1370 3846 existimo,
1400 3782 1458 3826 nec

72 3875 151 3936 enirn
173 3873 326 3937 adversus
343 3881 479 3953 petrem,
502 3891 701 3956 superquam
723 3874 855 3939 Christus
877 3874 1035 3938 ecclesiam
1056 3874 1204 3953 aedificat,
1227 3893 1284 3938 nec
1304 3874 1457 3938 σάσσνιιιι

71 3981 235 4045 ecelesiam
256 3992 358 4066 portae
380 3982 465 4046 inieri
485 3983 728 4066 praevalebunt.“

179 4091 283 4175 Neque
298 4091 382 4156 sliter
396 4092 632 4175 Chrysostomus,
656 4096 726 4175 qui⁶
748 4115 787 4159 ex
801 4094 905 4158 iisdem
923 4094 1022 4157 uerbis
1041 4094 1099 4157 boc
1119 4093 1206 4158 infert
1226 4096 1457 4159 consectarium:

72 4196 138 4283 ,dt
159 4200 195 4266 δὲ
211 4202 327 4280 ἐκείνης
347 4200 407 4265 mi'
429 4198 662 4280 κατισχύσουσι,
684 4204 793 4289 πολλῷ
813 4204 937 4287 μᾶλλον
955 4205 1043 4285 ἐμοῦ.
1081 4203 1111 4269 Si
1132 4224 1205 4269 vero
1227 4205 1369 4268 adversus
1390 4224 1455 4269 cam

72 4310 259 4392 (ecclesiam)
286 4332 346 4376 non
372 4312 596 4396 praevalebunt,
630 4312 725 4378 nrulto
751 4322 850 4399 magis
879 4316 1035 4378 adversum
1059 4335 1107 4378 me
1128 4335 1187 4378 non
1215 4314 1457 4398 praevalebunt.“

71 4417 236 4484 Pronomen
258 4424 347 4506 igilur
367 4422 463 4501 αὐτῆς
484 4422 595 4507 logice,
625 4423 809 4506 reniumque
829 4426 866 4488 od
889 4445 955 4488 eum
979 4432 1117 4490 manime
1143 4427 1269 4509 pertinet
1292 4424 1341 4507 qui
1366 4420 1457 4504 petro

72 4538 132 4611 est,
163 4532 325 4616 diciturque
355 4533 511 4597 ecclesiae.
560 4533 643 4597 Petra
673 4543 771 4598 sutem
799 4535 946 4600 ecciesiae
975 4535 1045 4600 κατ’
1065 4531 1180 4613 elapsio
1204 4543 1265 4616 est,
1295 4534 1457 4616 diciturque

73 4638 219 4725 Christus,
248 4662 284 4707 sc
305 4643 414 4706 altera
437 4642 553 4707 Christo
573 4643 691 4721 Petrus,
721 4644 759 4709 de
781 4663 840 4726 quo
862 4644 1119 4728 cumsosmmm·
1152 4645 1265 4710 subdit:
1309 4638 1368 4721 ,ζᾺ
1392 4638 1456 4727 ydp

132 4820 169 4900 ’λ
181 4827 209 4884 ¹¹¹
229 4835 286 4885 ¹¹⁰l·
309 4828 342 4885 ld
362 4828 389 4884 h·
411 4829 427 4885 Ι·
847 4831 875 4907 ⁷)
895 4794 1011 4890 niodo
1031 4820 1246 4908 ἄννισχιῖσσνσιν.

133 4931 209 5029 ο)Ἰιι
230 4921 321 4992 liattin
343 4934 417 4992 lom.
430 4933 490 4991 xli.
511 4951 536 4991 n.
552 4932 601 5033 ll.
847 4938 875 5013 ⁸)
893 4938 1019 5014 Breaius,
1045 4938 1093 4996 sed
1114 4936 1211 4994 eodem
1231 4952 1311 4994 mesu
1331 4936 1455 5011 Prosper,

134 5036 211 5118 ⁸)'ln
231 5042 320 5101 litttb.
341 5041 415 5100 bom.
429 5038 496 5099 liv.
517 5043 552 5099 si.
565 5042 619 5102 ΙΝ.
639 5062 666 5102 n.
682 5044 711 5105 2.
788 5044 831 5103 uei
851 5044 970 5121 quisquis
991 5052 1087 5103 auctor
1106 5050 1149 5103 est
1164 5042 1293 5101 librorum
1314 5044 1349 5104 rte
1364 5058 1454 5102 soca·
1577 5121 1580 5127 Α
