3266 5416
224 318 266 380 to
740 313 1071 393 PROOEGOMENA

222 483 373 568 Bolgenii,
405 484 524 551 Gerdilii
543 485 636 551 iustos
662 494 765 565 eontra
791 505 826 552 se
846 487 991 552 clamores
1005 488 1208 570 *exciussenn
1242 504 1367 570 eamque
1395 486 1524 550 nominis
1551 487 1585 549 iu

223 593 340 658 nmium
362 594 418 660 sibi
445 598 672 679 conscivissent,
701 615 757 679 qua
785 614 854 678 spes
883 597 960 662 nulla
988 596 1110 682 affulget
1137 598 1202 662 lore
1231 605 1264 660 ut
1290 596 1409 660 tandem
1438 594 1585 677 siquando
1626 630 1627 633 =

222 710 392 786 pungennn.

743 1120 974 1215 olidi
1026 1122 1067 1214 l.

538 1307 652 1376 Modus
664 1334 703 1378 ac
719 1322 801 1380 ratio
812 1320 1071 1395 interpretationis
1085 1313 1248 1396 definitur:
1267 1351 1308 1360 —
1323 1309 1444 1393 'aliquant
1458 1312 1587 1376 eiusdat

433 1440 565 1485 canones
594 1433 805 1504 proponuntur
835 1432 865 1487 et
891 1422 1104 1489 illustrantem
1133 1461 1175 1470 —
1211 1444 1249 1485 ac
1279 1420 1330 1485 tlte
1357 1427 1515 1502 neptim,
1545 1427 1588 1500 qui

435 1536 578 1596 usinum
598 1530 769 1620 ὁμοφωνίᾳ
789 1541 819 1597 et
839 1530 978 1616 cippario
997 1539 1175 1596 continetur.

327 1798 375 1855 33.
446 1810 486 1856 on
505 1793 661 1858 admodum
682 1793 719 1857 ad
735 1812 857 1858 caussae
871 1795 1080 1878 cognitionem,
1103 1793 1299 1875 iudiciumque
1318 1791 1467 1855 conferret
1490 1793 1586 1855 insnu-

221 1912 320 1968 menta
340 1906 475 1983 novisse,
506 1922 524 1965 e
545 1902 648 1985 quibus
668 1905 762 1985 repeti
781 1910 937 1987 utrumque
959 1904 1061 1985 debet,
1089 1905 1114 1966 si
1134 1920 1237 1966 eonem
1259 1920 1335 1983 quae
1356 1903 1394 1965 sit
1414 1902 1533 1965 sincera
1552 1903 1586 1964 in

218 2015 388 2095 terpretatio
408 2013 603 2094 ignoraretur,
625 2012 674 2075 vel
695 2011 773 2093 quod
793 2011 922 2078 deterius
943 2014 1033 2096 longe
1048 2012 1133 2091 ioret,
1156 2031 1192 2075 ea
1213 2020 1403 2094 praepostere
1424 2029 1588 2095 comumne-

220 2130 309 2187 retur.
352 2120 448 2195 Quare
475 2122 629 2183 recensitis
654 2122 843 2203 testimoniis,
870 2142 946 2206 quae
970 2131 1030 2186 tam
1055 2120 1240 2184 defendenda
1263 2127 1333 2184 sunt
1353 2139 1440 2203 quarn
1468 2121 1587 2197 moena

221 2237 430 2311 compertoque
448 2228 566 2311 ordine,
593 2247 651 2310 quo
673 2248 707 2292 se
728 2238 828 2294 mutuo
850 2233 1011 2315 excipiunt3
1033 2230 1102 2294 nihil
1124 2249 1192 2319 esse
1212 2229 1354 2314 theologo
1376 2232 1525 2312 antiquius
1545 2229 1587 2291 de-

219 2340 285 2420 bet,
317 2358 404 2421 mam
434 2336 472 2401 de
498 2338 586 2402 modo
612 2339 761 2422 legitimae
790 2343 977 2422 expositionis
1008 2343 1173 2423 inquirere,
1212 2339 1390 2422 regulasque
1424 2339 1587 2420 praefinire,

221 2466 342 2531 quarum
364 2448 491 2511 doeens
512 2465 569 2531 ope
589 2467 628 2511 ne
647 2449 787 2512 tantillum
808 2450 925 2534 quidem
947 2430 1041 2514 ab'ea
1063 2450 1165 2515 devius
1187 2450 1312 2514 aberret.
1355 2448 1398 2511 Eo
1419 2449 1469 2511 vel
1490 2451 1587 2532 mago,

221 2557 308 2640 qnod,
327 2565 359 2621 ut
380 2559 534 2622 samsima
555 2557 694 2624 dmdtius
718 2562 724 2592 ¹
749 2567 865 2623 monet:
887 2579 945 2641 „ea
964 2561 1022 2623 iam
1044 2566 1090 2622 est
1109 2576 1258 2622 sacrarum
1273 2557 1435 2621 litterarum
1456 2561 1587 2637 conditio,

220 2676 252 2731 ut
278 2687 316 2731 ne
344 2669 429 2732 unius
457 2667 573 2749 quidem
600 2668 664 2732 lere
692 2669 832 2733 versiculi·
855 2670 1054 2752 interpretatio
1082 2667 1200 2750 probari
1226 2669 1332 2749 possit,
1359 2668 1416 2730 nisi
1443 2669 1588 2733 conciliata

219 2780 299 2862 prius
320 2777 407 2841 inerit
427 2780 529 2862 supina
550 2778 599 2843 illa
619 2785 650 2842 et
669 2777 818 2842 fastidiosa
838 2779 1004 2859 iudicatrix,
1034 2796 1109 2859 quae
1138 2778 1256 2840 criticae
1278 2776 1454 2841 sublimioris
1476 2782 1588 2845 nomine

221 2886 389 2951 cathedram
410 2905 524 2950 sacram
545 2887 666 2969 insedit,
692 2905 803 2970 suaque
824 2886 929 2970 placita
957 2891 1085 2965 (somnia
1105 2889 1199 2969 potius
1220 2886 1343 2964 dixeris)
1362 2905 1417 2968 pro
1438 2887 1535 2955 effatis
1554 2890 1588 2952 di·
1626 2900 1627 2973 l

221 2999 295 3061 vinis
316 2997 446 3061 vendit“
488 2997 597 3060 Verum
618 2998 644 3059 si
665 2996 788 3061 candide
810 3000 934 3081 agimus,
959 2997 1112 3080 studioque
1134 2994 1257 3077 partium
1278 2998 1417 3077 seposito,
1439 3001 1526 3064 uitas
1546 3018 1589 3062 ve
1626 3032 1627 3057 r

221 3109 313 3171 litatis
335 3125 436 3170 amore
455 3114 604 3187 tenemur,
632 3114 767 3170 nentmm
787 3108 872 3171 uobis
893 3107 940 3170 vel
962 3107 1083 3169 arduum
1104 3106 1172 3183 erit,
1201 3104 1249 3166 vel
1269 3105 1414 3169 eiusmodi
1435 3110 1516 3190 quod
1536 3109 1590 3192 plu·
1626 3090 1627 3185 l

218 3217 299 3281 ribus
319 3216 457 3301 indigeat.
500 3217 604 3301 Liquet
625 3216 703 3279 enim
725 3234 822 3297 neque
847 3216 935 3280 adum
960 3214 1169 3297 interpretandi
1189 3214 1308 3278 modum
1328 3218 1421 3298 recipi
1444 3214 1586 3301 oportere,
1626 3216 1627 3301 l

220 3346 307 3409 mam
334 3329 383 3408 qui
408 3324 446 3388 ad
468 3333 580 3407 certas,
608 3331 745 3407 ratasque
773 3325 858 3409 leges
884 3326 971 3390 luerit
1000 3343 1174 3408 expressus,
1203 3344 1300 3406 neque
1322 3325 1393 3389 alias
1414 3327 1587 3403 adhibendas

221 3454 290 3499 esse
308 3434 408 3517 leges,
431 3454 518 3517 quam
538 3452 613 3516 quae
635 3432 672 3497 nd
694 3436 872 3499 enarrandas
892 3437 948 3499 rite
970 3435 1132 3516 Scripturas
1153 3438 1164 3467 ²
1187 3437 1315 3499 unanimi
1336 3435 1517 3500 entditorum
1538 3435 1588 3501 sul-

219 3544 315 3626 lruqic
337 3544 584 3608 commendantur.
627 3544 706 3617 Quas
727 3561 786 3626 ego
809 3562 897 3627 quum
918 3546 1038 3626 possim,
1058 3561 1094 3605 ac
1114 3543 1178 3607 iure
1191 3547 1278 3608 etiam
1292 3546 1417 3610 debeam
1436 3546 1588 3612 lectoribus
1626 3598 1627 3607 ,

220 3654 294 3718 meis
322 3660 503 3736 compertus,
529 3654 753 3737 exploratasque
780 3672 921 3737 censer03
947 3660 1103 3735 propterea
1133 3673 1234 3717 earum
1262 3655 1357 3719 solum
1385 3655 1495 3738 aliquot
1516 3675 1589 3721 com-

220 3762 327 3846 pendio
349 3761 493 3845 referam,
514 3780 636 3844 quarum
656 3780 727 3826 usus
749 3761 930 3845 frequentior
950 3763 1089 3844 deinceps
1111 3766 1182 3843 erit,
1203 3782 1239 3827 ac
1260 3766 1458 3847 opportunitas
1477 3768 1575 3831 maior.

326 3921 375 3978 34.
416 3915 517 3996 ltaque
538 3912 587 3976 illa
606 3914 730 3994 primum
750 3915 910 3979 recolenda
931 3924 991 3998 est,
1018 3934 1075 3998 qua
1098 3924 1219 3979 cavetur
1244 3936 1303 3997 „ne
1323 3919 1354 3980 in
1375 3918 1589 3984 determinanda
1626 3944 1627 3973 r

218 4025 383 4106 phrasium,
415 4041 580 4104 vocumque
601 4023 827 4106 significatione,
853 4020 891 4088 ab
912 4044 947 4089 ea
969 4027 1081 4089 animus
1102 4033 1255 4105 avocetur,
1285 4045 1372 4107 mam
1393 4037 1531 4111 receptus
1551 4027 1588 4090 lo·
1626 4024 1627 4043 ¹

219 4133 328 4214 quendi
349 4151 419 4197 usus
439 4136 450 4167 ³
472 4140 702 4215 praemonstrat,
731 4132 921 4217 subiectaque
942 4136 1066 4199 orationi
1088 4138 1224 4200 materies
1245 4135 1384 4220 efflagitat
1404 4142 1427 4219 ⁴,
1456 4138 1503 4202 vel
1524 4154 1588 4221 prae
1626 4192 1627 4207 ,

284 4344 310 4420 ¹)
339 4345 378 4403 lte
406 4346 485 4421 loco,
515 4345 559 4419 qui
579 4352 654 4403 extat
674 4345 743 4419 apud
763 4346 880 4403 Jesaiam
929 4364 983 4406 non
1011 4349 1081 4405 maie
1106 4348 1139 4404 ab
1166 4349 1234 4406 Jahn
1265 4350 1426 4408 declaratum
1456 4344 1540 4408 hahes
1565 4350 1588 4405 in

219 4450 525 4524 mpxxlv-xxvul
536 4452 705 4510 vindicando.
726 4452 880 4526 llamburgi.
929 4454 1064 4512 Euchirid.
1085 4456 1113 4529 s.
1127 4455 1190 4529 Vll,
1211 4457 1256 4529 qui
1277 4463 1364 4514 tamen
1388 4457 1467 4514 nobis
1487 4458 1588 4515 minime

222 4556 307 4613 loto.
930 4562 1056 4633 pmlratur
1087 4578 1166 4633 quum
1198 4563 1296 4619 docet:
1338 4563 1438 4639 „Usum
1469 4560 1588 4637 loquendi

281 4687 309 4761 a)
328 4686 369 4746 pe
386 4687 429 4744 qq,
448 4687 554 4761 ,βψω
574 4688 667 4745 ,mser
685 4695 808 4746 mum,
827 4691 882 4748 dis,
930 4683 990 4723 esse
1018 4668 1132 4741 primurn
1163 4673 1190 4724 et
1219 4685 1348 4725 summum
1382 4669 1586 4727 hermeneuticae

218 4799 350 4851 somnum
378 4794 546 4852 Franciscum
564 4794 708 4852 Xarctium
731 4796 880 4872 Patritium,
930 4775 1103 4846 Pfi¹¹⁰ili¹¹¹¹¹t
1125 4789 1206 4845 “1¹¹⁰
1227 4789 1319 4831 (ΜΒ
1339 4775 1448 4848 “Um
1466 4778 1586 4849 intelli*

216 4899 412 4972 nannenten.
433 4901 543 4977 Scriptt
564 4918 633 4959 sacr.
654 4901 700 4958 lilr.
714 4901 735 4958 l.
929 4880 1003 4936 “ndi
1023 4874 1169 4952 lefldffllf‘

279 5031 309 5108 ³)
333 5032 430 5101 Quanti
449 5033 571 5091 iacienda
593 5035 631 5091 sit
648 5035 722 5093 reto
743 5033 881 5109 loquendi
993 5034 1021 5109 ⁴)
1041 5033 1125 5107 Jahn,
1145 5032 1280 5091 llnclririd.
1301 5034 1328 5108 ς.
1344 5034 1403 5093 llll.
