3300 5402
184 248 246 309 390
675 240 805 306 utnon
848 238 1083 309 securibus

185 414 290 478 modus
305 413 458 495 deligatur,
482 411 667 477 manifestum
689 420 751 475 est:
774 412 796 474 l.
812 411 904 474 verba
919 412 1078 478 Salvatoris
1100 420 1131 476 et
1144 431 1221 495 quae
1235 411 1347 476 eisdam
1362 411 1569 495 signiioantar,

185 525 222 588 ad
244 545 340 586 narem
361 523 512 588 Simonem
533 523 649 585 Petrum
670 524 834 604 pertinere:
867 522 901 584 ll.
924 539 963 585 eo
983 530 1118 603 spectare
1141 522 1302 603 Christum,
1330 528 1362 584 ut
1382 523 1469 585 nous
1489 521 1570 584 donis

184 634 301 698 Petrum
323 640 462 696 exornet:
494 632 540 695 lll.
561 631 607 695 bis
628 634 688 694 vim
708 632 912 712 rationemque
933 632 1033 693 inesse
1060 633 1112 707 τῆς
1133 628 1325 712 οἱντιδωρέας
1345 649 1399 713 pro
1427 651 1462 694 ea
1484 650 1569 713 qiam

185 742 235 806 ille
262 742 352 805 edidit
379 741 585 805 consessione:
615 759 649 802 ac
676 749 834 822 propterea
861 740 908 803 lil.
939 759 1016 821 qnae
1042 740 1111 803 heio
1135 747 1418 821 commemorantur,
1446 749 1570 820 propria

186 872 255 917 esse
269 852 355 932 Petri,
379 849 588 914 excellentiae
606 871 720 935 gerim
741 848 962 932 comprehendi,
984 870 1020 914 ao
1041 852 1149 914 idonea
1171 851 1302 932 inprimis
1324 868 1392 913 esse
1414 851 1458 914 ad
1478 873 1569 929 qnae·

107 958 111 964 ’
185 970 314 1026 attonem
335 962 373 1024 de
395 962 470 1025 illins
493 962 706 1043 praerogativis
728 960 940 1054 dirimendam.

295 1078 343 1135 54.
386 1072 447 1137 Sed
461 1073 552 1153 ipsam
568 1071 626 1134 iam
642 1069 747 1134 Christi
761 1071 987 1152 responsionem
1001 1069 1194 1151 proferamus.
1232 1070 1374 1133 Continuo
1391 1072 1415 1102 '⁴
1433 1069 1570 1134 subiecit:

180 1180 248 1247 ’Ότι
269 1175 307 1246 οὐ
329 1178 359 1245 εἶ
379 1180 511 1263 Πάρος,
533 1181 586 1244 καὶ
608 1180 695 1244 lni¹⁶
718 1179 812 1262 ταύτῃ
832 1181 870 1261 τῇ
890 1184 989 1262 πέτρᾳ
1009 1176 1211 1261 οἰκοδομήσω
1231 1200 1296 1260 μου
1315 1175 1373 1256 τήν
1391 1179 1569 1256 ἐκκλησίαν·
1642 1182 1643 1257 ζ

185 1293 266 1356 ldest
283 1292 416 1355 Juvenoo
435 1293 460 1325 ¹⁸
484 1292 661 1372 interprete:

527 1403 565 1458 Tu
584 1417 681 1459 nomen
701 1402 771 1460 Petri
790 1402 871 1475 digna
891 1403 989 1458 virtute
1009 1403 1101 1476 tueris,

527 1508 583 1565 llas
607 1511 634 1565 in
659 1510 730 1565 mole
750 1509 814 1564 mihi
833 1510 945 1581 saxique
971 1509 998 1563 in
1018 1507 1118 1564 robora
1137 1510 1236 1580 ponam*

526 1615 638 1688 Semper
658 1630 794 1672 mensuras
815 1615 931 1671 aeternis
953 1612 1093 1670 moenibus
1114 1613 1205 1671 aedes.

293 1716 336 1780 lie
370 1714 427 1780 hac
456 1726 552 1782 autem
581 1718 678 1781 dimna
709 1718 814 1781 Christi
847 1717 1044 1799 responsione
1073 1716 1150 1779 istud
1184 1716 1272 1779 video
1300 1735 1317 1778 a
1348 1716 1572 1797 protestantibus

187 1829 314 1890 maxime
336 1829 451 1909 quaeri,
483 1834 579 1890 utrum
607 1828 749 1892 vocabula
775 1831 886 1907 πέτρος
913 1845 948 1890 aa
969 1832 1066 1907 πέτρα
1094 1824 1357 1909 sinisterrimus,
1390 1845 1427 1888 ao
1449 1825 1488 1888 de
1513 1842 1572 1887 uno

186 1937 351 2019 eodemque
367 1937 500 2000 subiecto
522 1937 727 2001 adhibeantur:
750 1944 845 2000 utrum
860 1936 939 1999 idem
960 1938 997 1999 sit
1012 1938 1062 2018 qul
1076 1940 1186 2016 πέτρος
1208 1936 1316 2017 quique
1338 1941 1436 2017 πέτρα
1449 1934 1571 1999 didm:

186 2065 222 2109 ao
242 2055 337 2109 uuum
359 2045 396 2109 de
417 2046 505 2110 Petro
526 2046 686 2111 affirmetur
708 2046 781 2125 lore,
803 2053 835 2108 ut
857 2045 985 2108 eeclesia
1007 2063 1097 2127 super
1117 2044 1198 2108 illum
1219 2044 1401 2108 aedilioetur.

293 2156 329 2218 Et
351 2174 526 2237 quamquam
543 2160 567 2191 '²
592 2158 671 2238 mihi,
692 2175 728 2220 ao
748 2157 789 2218 uti
811 2157 915 2237 opinor
936 2154 1072 2237 prudenti
1086 2155 1189 2234 enims,
1211 2172 1309 2235 neque
1324 2171 1429 2216 caussa
1444 2153 1573 2217 obseura

186 2267 223 2327 sit
249 2283 347 2346 neque
369 2265 468 2345 dubia,
499 2285 587 2348 mum
615 2269 653 2330 ita
681 2274 835 2330 nectamur
860 2263 967 2343 verba,
997 2271 1156 2345 partesque
1187 2263 1374 2345 copulentur,
1408 2270 1440 2326 ut
1468 2264 1496 2326 si
1523 2265 1573 2344 qui
1642 2248 1643 2257 ἵ

186 2373 390 2437 contenderint
410 2375 497 2438 alium
518 2378 618 2439 vocari
639 2382 761 2457 πέτρον,
782 2382 898 2452 πέτρον
918 2373 1016 2453 ulum,
1038 2391 1139 2454 neque
1152 2372 1277 2454 Πέτρον
1298 2391 1377 2451 esse,
1400 2374 1447 2435 eui
1467 2372 1573 2435 lunda·

75 2498 84 2507 ·
187 2484 276 2546 menti
305 2482 431 2564 dignitas
459 2487 649 2568 promittitur,
689 2485 719 2548 hi
746 2484 839 2547 videri
866 2483 992 2547 debeant
1019 2500 1079 2545 non
1110 2484 1295 2565 interpretari
1328 2485 1491 2546 orationem
1517 2484 1573 2546 sed

187 2610 387 2674 eorrumpere,
410 2611 470 2657 non
488 2595 627 2677 impedita
650 2594 798 2671 enodare,
821 2592 875 2657 sed
890 2591 1026 2674 expedita
1040 2591 1208 2675 implicare,
1232 2593 1419 2656 nihilominus
1442 2611 1481 2655 ne
1505 2593 1573 2674 quid

185 2704 411 2783 praetermittam
439 2702 476 2766 ad
506 2723 572 2766 eam
592 2706 649 2767 rite
674 2702 857 2767 statuendam
885 2701 1038 2783 idoneum,
1068 2692 1162 2764 studia
1191 2703 1312 2786 arrigunt
1339 2702 1572 2784 protestantium,

186 2830 262 2893 quse
284 2810 362 2876 nulla
383 2812 457 2875 lorte
479 2814 509 2876 in
531 2833 565 2875 re
587 2813 642 2877 alia
663 2822 712 2877 aut
733 2813 885 2876 eminuere
906 2813 1015 2894 magis,
1045 2820 1093 2875 aut
1114 2829 1148 2874 se
1171 2811 1350 2875 manifestius
1371 2812 1572 2894 prodiderunt.

186 2920 324 2984 Referam
351 2921 440 3003 igitur
468 2922 692 3004 describamque
714 2925 831 2987 sineere
853 2941 929 3004 quae
953 2921 1179 3004 Christopborus
1202 2919 1345 3001 Wotuus,
1377 2920 1573 3004 eiusdemque

186 3032 312 3094 nominis
333 3029 508 3095 Koeeberns
528 3050 580 3112 pro
602 3050 656 3095 suo
678 3034 816 3113 instituto,
838 3049 952 3115 proque
973 3049 1080 3096 caussa
1102 3032 1184 3095 ouius
1204 3030 1346 3093 madens
1366 3040 1572 3112 susceperant,
1642 3104 1643 3127 ,

186 3140 356 3221 eollegere3
379 3139 563 3223 efficiamque
586 3148 616 3203 ut
636 3140 722 3205 lateri
744 3144 868 3224 quisque
890 3140 1012 3219 debeat,
1049 3157 1109 3203 non
1133 3138 1219 3202 nobis
1242 3157 1344 3202 verum
1366 3140 1438 3221 ipsis
1460 3140 1574 3204 adscri-
1642 3224 1643 3231 ἵ

185 3249 314 3314 bendum
336 3249 563 3333 protestantibus
589 3250 614 3313 si
636 3250 758 3313 meliora
782 3268 841 3312 non
862 3249 1078 3313 adduxerimus.

296 3367 345 3422 55.
389 3358 513 3423 Wollius
534 3360 632 3441 itaque
650 3360 681 3422 in
702 3360 779 3422 euris
800 3358 987 3442 philologieis
1002 3366 1033 3420 et
1054 3359 1163 3421 oritids
1178 3357 1216 3420 ad
1236 3358 1314 3420 buno
1334 3356 1431 3420 looum
1456 3360 1575 3422 scribit:

188 3468 279 3548 „Quis
295 3486 349 3548 per
367 3476 488 3547 petram
507 3469 555 3531 bie
570 3469 779 3552 intelligendus
794 3471 841 3548 sit,
863 3476 893 3531 et
913 3476 1032 3531 ratores
1047 3467 1195 3532 ecelesiae
1208 3466 1347 3539 doctores
1362 3471 1389 3500 ¹⁸
1413 3475 1444 3530 et
1464 3488 1575 3531 recen

253 3696 296 3771 Η)
317 3696 407 3753 llattb.
428 3696 498 3753 xvt.
522 3697 568 3754 ts.
903 3695 970 3752 lta.
991 3712 1082 3769 seqq,
1118 3695 1151 3751 bl.
1179 3694 1242 3751 Ant.
1270 3695 1304 3751 de
1330 3696 1452 3752 bominis
1479 3697 1529 3753 lib.
1552 3698 1574 3753 1.

252 3829 294 3903 ΙΒ)
326 3829 441 3886 Codices
467 3830 541 3885 latini
569 3847 629 3886 oum
655 3845 708 3886 uno
734 3832 853 3887 alterove
903 3818 961 3876 ΜΡ·
976 3803 1021 3859 Ἡ·
1043 3803 1076 3858 ‘¹⁰
1096 3800 1206 3874 Belum·
1234 3801 1441 3877 E⁰⁰¹⁰⁸i¹⁸li⁰⁸t
1470 3803 1575 3860 ΟΜ·

186 3951 286 4008 gisem
301 3935 429 3992 exhibent
445 3935 595 4008 lectionem,
617 3935 662 3993 ἐπὶ
681 3932 785 4011 ταύτην
804 3928 854 4010 τήν
902 3909 1001 3966 b⁰¹¹¹¹¹¹¹
1031 3907 1149 3965 Efflll·
1177 3907 1361 3964 Mll'ssml·
1387 3907 1454 3983 XV>
1490 3917 1519 3966 θ*
1545 3912 1574 3966 Ῐῦ

186 4042 298 4116 πέτρον.

904 4015 1100 4071 Casaubonian.
1134 4028 1197 4086 pag.
1218 4012 1265 4068 83.
1301 4030 1360 4069 oum
1393 4017 1467 4071 notis
1503 4018 1575 4073 mais

252 4173 295 4247 ΗΞ)
316 4172 383 4228 llist.
403 4171 559 4243 Evangelio.
580 4173 626 4230 lib.
641 4172 685 4229 lll.
903 4118 1575 4300 ξὶῧχῗὸἰοῖζὼῖῗᾙὲζᾝαῇηζὲ

253 4305 295 4380 ¹⁷)
317 4304 375 4361 ω’
396 4304 417 4360 ¹·
442 4321 486 4360 ¹¹¹¹·
508 4305 555 4360 42·
577 4321 652 4378 ”ll
903 4349 961 4389 rum
975 4332 1004 4388 T.
1019 4331 1051 4388 lh
1071 4267 1209 4407 Thesauri,
1229 4348 1312 4406 pagg.
1327 4333 1395 4390 698.
1411 4269 1497 4409 seqq,
1519 4335 1575 4392 Du·

254 4439 295 4512 ¹⁸)
328 4437 367 4494 De
395 4439 509 4512 sanquis
536 4437 667 4496 ecelesiae
696 4440 854 4496 doctoribus
903 4440 1004 4512 pinium
1038 4439 1071 4495 de
1104 4440 1212 4512 antiqua
1241 4438 1380 4497 sensim
1414 4440 1574 4515 disdiplin,

189 4559 252 4601 mox
279 4543 368 4601 addit:
403 4545 464 4618 „lix
485 4545 606 4602 Patribus
631 4544 675 4602 alii
695 4553 798 4619 petram
819 4547 854 4603 da
904 4545 974 4603 Part.
987 4545 1033 4604 tv.
1061 4562 1120 4619 oap.
1135 4545 1161 4619 l,
1189 4553 1217 4603 et
1242 4546 1362 4603 Natalem
1389 4546 1573 4615 simmam

192 4650 298 4708 Christo
319 4653 395 4724 ipso,
423 4652 458 4709 de
477 4651 558 4709 Petro
580 4652 641 4725 alii,
662 4652 707 4708 alil
728 4653 764 4711 da
784 4669 854 4710 οοο-
906 4652 932 4707 in
953 4650 985 4707 ll.
1005 4649 1037 4707 ll.
1059 4652 1120 4708 Sec.
1135 4652 1155 4709 l.
1176 4652 1243 4709 diss.
1257 4652 1302 4711 lV.
1328 4652 1460 4709 Pontiltoii
1481 4656 1574 4727 itaque

187 4758 310 4830 sasione
329 4756 420 4828 Petri,
441 4757 485 4814 alil
507 4758 542 4815 de
562 4757 693 4831 apostolis
712 4760 854 4831 aooipiunt.
904 4772 957 4814 non
978 4756 1092 4831 bahent,
1120 4774 1167 4815 our
1193 4759 1228 4815 ad
1253 4759 1438 4815 anctoritatem
1465 4759 1573 4817 ritmo

190 4864 262 4921 boos
290 4864 453 4935 singulorum
475 4863 537 4920 vide
557 4864 626 4937 apud
646 4865 690 4921 lo.
710 4864 855 4920 hundium
904 4880 935 4920 se
954 4861 1115 4937 rmiptmtt‘
1153 4864 1232 4932 Quod
1252 4870 1337 4921 ntrnrn
1359 4867 1490 4939 graviter,
1511 4882 1574 4939 prn-

194 4970 220 5026 in
254 4970 377 5043 epistolis
411 4970 479 5028 Part
507 4971 541 5026 v.
574 4971 654 5044 epist.
681 4970 739 5029 vlt
772 4985 855 5044 pagg.
905 4970 1048 5045 deumne
1067 4969 1167 5030 dietum
1187 4972 1238 5043 ait,
1261 4970 1369 5029 interius
1388 4972 1500 5046 patebit.
