3258 5400
599 329 745 398 CAPUT
786 331 894 398 xvii.
1370 329 1432 391 15⁷

66 502 136 581 init,
164 508 196 564 et
222 518 281 584 quo
307 499 464 563 ecclesiam
491 516 574 562 suam
605 498 783 579 distinctam,
810 500 1015 581 insignemque
1043 495 1145 577 voluit,
1182 493 1233 559 iao
1258 494 1371 570 πάντες
1398 494 1435 557 ia

71 603 130 674 εἶσι·
160 605 282 684 andoin
304 607 361 689 στί,
389 606 503 689 πάτερ,
532 612 568 672 ἐν
586 609 671 692 ίμοί,
702 606 793 691 edroi
812 613 847 672 ia
866 607 933 684 σοί,
962 606 1014 671 iae
1042 606 1095 669 καὶ
1121 602 1213 669 αὐτοί
1238 609 1273 669 da
1297 602 1373 688 ἡμῖν
1398 603 1434 666 aa

72 712 143 783 iac·
171 719 227 785 isa
246 721 265 782 d
288 721 406 801 κόσμος
427 715 590 803 πιστεύσῃ,
612 717 659 781 dha
679 715 719 782 σύ
739 740 779 801 με
800 714 998 792 ἀπέστειλοςτ
1025 723 1070 793 et,
1091 714 1155 797 ἐγώ
1176 718 1211 778 n
1230 710 1355 791 αὐτοῖς,
1378 714 1432 778 sai

68 827 145 892 aiio
164 829 255 911 epot-
282 829 333 891 ἵνα
353 820 411 892 ὦσι
432 826 655 910 τετελειωμένοι
675 832 721 903 εὶς
741 832 790 902 iv,
819 828 872 890 καὶ
893 825 946 891 ίνοι
965 822 1103 909 γινοίσκῃ
1123 826 1141 888 τί
1161 825 1297 906 κόσμος,
1325 819 1371 887 ὅτι
1393 822 1433 886 στί

63 961 95 1019 με
112 938 315 1015 ἀπέστειλας,
337 938 391 1002 καί
410 934 574 1018 ἠγάπησας
594 933 725 1014 αὐτούς,
749 936 866 1012 καθείς
886 940 942 1018 apt
963 931 1146 1016 alysiaqoac:
1166 942 1226 997 tum
1246 935 1364 997 omnino
1378 934 1433 996 im·

61 1046 173 1129 pletum
196 1047 422 1131 perfectumque
443 1046 622 1109 credendum
644 1053 704 1125 cst,
727 1065 814 1128 quum
835 1046 911 1111 Petri
934 1045 1093 1108 ministerio
1112 1042 1241 1106 ecclesia
1263 1044 1368 1124 exunt,
1396 1043 1434 1107 de

60 1174 200 1237 quarere
222 1157 427 1235 affirmaretur,
449 1156 546 1218 multis
567 1154 645 1219 illam
667 1156 847 1239 corporibus,
869 1156 923 1220 sed
944 1174 1004 1219 non
1026 1154 1131 1235 multis,
1154 1161 1187 1217 ut
1206 1153 1388 1235 Augustinus
1402 1156 1431 1188 ⁸⁸

60 1265 191 1349 loquitur,
215 1269 322 1331 animis
343 1268 518 1332 constitisse.

137 1376 257 1450 -Quore
279 1378 305 1440 si
325 1377 410 1441 nobis
429 1371 480 1442 res
500 1377 597 1459 potius
613 1375 694 1439 cordi
715 1376 773 1439 sint
794 1378 881 1458 quam
896 1374 996 1457 verba,
1019 1373 1151 1438 dabimus
1171 1389 1231 1436 non
1253 1375 1343 1455 inviti,
1365 1393 1431 1438 eam

57 1503 116 1549 asso
142 1485 289 1551 Actorum
314 1486 480 1569 historiam,
510 1504 567 1569 qua
588 1485 745 1569 singdaris
765 1484 841 1548 Petri
862 1480 1019 1567 ὑπεροχή,
1046 1482 1213 1565 bicipitis,
1241 1485 1430 1567 supremique

56 1597 197 1680 cagani,
224 1597 423 1680 principisque
445 1595 595 1661 architecti
616 1597 723 1661 eximia
744 1594 871 1678 dignitas
891 1593 1120 1658 luculentissime
1141 1593 1356 1676 comprobatur.

546 2038 780 2134 tlibi
835 2037 941 2134 llll.

372 2248 440 2325 Quo
458 2272 547 2315 aean
569 2273 638 2316 cans
659 2253 808 2337 dignitate
828 2257 964 2333 supremi
983 2257 1154 2337 magisterii
1173 2251 1256 2315 edita
1276 2248 1431 2315 noemia

266 2360 495 2423 ieataenarar:
515 2398 557 2410 -
578 2362 652 2442 qaid
668 2361 761 2445 sacto
786 2383 863 2442 apua
888 2369 984 2441 esaei,
1013 2369 1080 2425 sice
1098 2370 1134 2426 at
1155 2358 1273 2425 Petrus
1294 2366 1431 2441 supremi

264 2470 395 2534 doctoris
415 2492 529 2534 manas
550 2458 675 2548 abiisse,
696 2477 763 2535 aine
782 2479 819 2536 ast
839 2467 946 2537 Ιιτισσε
967 2493 1003 2537 eo
1021 2480 1180 2553 spectasse
1198 2471 1372 2552 videretur,
1394 2478 1431 2533 at

265 2575 415 2656 Petraei,
438 2588 594 2661 tamquam
611 2601 788 2661 sapreaaana
805 2589 990 2667 magistrum
1009 2588 1272 2663 repraesentaret:
1293 2620 1333 2631 —
1352 2603 1428 2646 nasa·

266 2696 349 2752 trasna
369 2686 508 2773 defuisse
528 2691 713 2755 ostenditur:
733 2727 775 2739 -
796 2698 984 2773 comparatio
1001 2696 1181 2771 proponitur
1203 2686 1362 2755 Christum
1382 2699 1430 2754 in-

263 2804 311 2861 ter
337 2807 367 2861 et
390 2796 538 2863 Petrum.-
566 2822 604 2864 ac
633 2800 731 2865 deraso
756 2807 837 2864 inter
861 2797 980 2865 anaaa
1002 2796 1150 2864 Actorum
1175 2807 1370 2880 sanctarena,
1398 2809 1429 2865 et

262 2905 436 2973 Jobannean
457 2906 619 2993 Evangelii
639 2918 811 2975 auctorem.-
829 2947 870 2959 -
892 2908 1049 2991 eepoitor
1068 2916 1267 2990 comparatio,
1288 2919 1317 2973 et
1340 2908 1430 2974 Petri

260 3027 494 3103 pramngata'cae
514 3019 748 3103 confirmantur.

154 3286 226 3343 195.
262 3224 361 3351 Quae
383 3280 470 3343 luerit
488 3283 563 3344 ratio
585 3281 735 3363 apostolici
759 3281 929 3362 magisterii,
952 3298 1028 3362 quac
1050 3279 1142 3344 torma
1163 3282 1326 3363 primitivae
1347 3284 1428 3347 insti·

45 3389 162 3454 tutionis
177 3389 267 3454 docet
280 3388 384 3456 Paulus
398 3395 404 3424 ¹
441 3390 477 3453 ad
491 3390 656 3455 Corinthios
669 3389 818 3454 scribens:
861 3385 933 3453 Καὶ
951 3388 1076 3472 didyoc
1088 3411 1152 3473 μου
1166 3389 1267 3455 καὶτὸ
1282 3390 1427 3475 κήρυγμά

46 3517 106 3575 μου
117 3498 180 3563 οὐκ
194 3504 230 3563 ἐν
243 3500 371 3576 πειθοῖς
392 3504 403 3534 ²
421 3498 651 3581 importare
676 3498 793 3583 σοφίας
806 3498 922 3580 λόγοις,
939 3496 1010 3563 dit'
1026 3503 1061 3563 ia
1075 3497 1233 3579 ἀποδείξει
1249 3502 1426 3584 πνεύματος

46 3606 297 3690 καὶδυνάμεως·
318 3611 371 3674 ίνοι
391 3607 410 3687 a}
432 3612 532 3685 πίστις
552 3608 644 3691 ὑμῶν
663 3608 706 3691 μή
727 3600 747 3693 ᾖ
765 3613 799 3671 ἐν
812 3609 914 3692 σοφίᾳ
929 3606 1127 3691 ἀνθρώπων,
1148 3607 1218 3673 ἀλλ’
1239 3616 1274 3674 ἐν
1294 3609 1425 3693 δυνάμει

45 3712 135 3781 θεοῦ.
185 3718 223 3782 Et
241 3738 341 3783 sermo
362 3737 460 3798 meus,
492 3727 521 3782 et
542 3719 718 3801 praedicatio
740 3737 822 3797 mea,
850 3719 1046 3800 universaque
1065 3720 1203 3784 institutio
1216 3724 1247 3802 ⁴,
1277 3740 1334 3802 qua
1356 3740 1425 3804 apo·

45 3827 137 3891 dolioi
166 3829 258 3912 legali
288 3846 410 3892 munere
442 3828 555 3890 functus
584 3846 665 3908 sum,
699 3845 758 3890 non
790 3826 975 3891 sermonibus
1005 3829 1157 3894 constabat
1189 3832 1238 3912 qui
1270 3850 1352 3895 suam
1387 3850 1425 3894 ox

44 3936 171 4004 humana
199 3940 340 4020 sapientia
363 3937 558 4018 persuadendi
577 3937 635 3999 vim
665 3943 876 4017 mutuarentur,
906 3938 960 4000 sed
982 3938 1221 4003 demonstrationi
1242 3939 1424 4021 innitebatur,

45 4066 118 4128 quae
140 4049 257 4133 pondus
280 4067 365 4112 suum
388 4068 405 4110 e
427 4046 608 4109 charismatis
630 4046 767 4127 Spiritus,
793 4046 959 4128 editisque⁸
992 4049 1138 4113 miraculis
1158 4047 1318 4113 hauriebat.
1361 4049 1425 4124 Ouo

104 4309 152 4384 ”l
174 4309 202 4366 ln
223 4310 265 4366 Pa.
286 4264 414 4366 cxxxii
759 4307 811 4362 huc
841 4323 901 4364 essa
932 4326 966 4366 ex
991 4326 1018 4365 v.
1041 4307 1097 4382 1³,
1132 4325 1165 4366 nc
1195 4309 1289 4368 Paulus
1319 4324 1424 4367 omnem

105 4416 131 4488 ¹)
154 4416 174 4472 l.
190 4416 251 4472 Cor.
274 4415 305 4471 lt
327 4415 427 4471 ‹l—b.
760 4415 869 4470 omnino
890 4415 1051 4489 sapientiam
1071 4414 1211 4488 repudiare
1231 4416 1374 4472 rideretur.

99 4521 130 4595 1)
164 4521 204 4579 lle
236 4522 371 4591 lorragiaa
401 4520 533 4575 variarum
567 4516 709 4575 lectionum

44 4638 91 4694 pm
104 4626 221 4700 'dm’
242 4628 361 4694 Μοῖς’
381 4624 484 4680 mmuh
497 4623 710 4696 mmmm
758 4677 956 4734 distributionis
999 4675 1046 4733 acl
1071 4668 1088 4734 ὁ
1112 4666 1195 4751 λόγος
1219 4695 1274 4753 poc
1320 4675 1366 4733 sai
1393 4670 1426 4735 ad

44 4728 165 4801 bachius,
186 4738 214 4788 et
234 4734 261 4787 in
281 4730 475 4788 commentarii
494 4729 581 4785 lulius
601 4728 669 4785 l’ott
786 4775 793 4794 ,
876 4773 884 4795 ,
964 4719 972 4753 '
1281 4718 1289 4746 '

102 4835 131 4912 Ι)
159 4837 245 4905 Quum
270 4836 373 4910 plurimi
398 4837 524 4910 codices,
552 4852 585 4891 ac
609 4834 710 4909 aliquot
758 4800 884 4858 mma
904 4799 967 4857 W*

46 4944 166 5014 autiquae
193 4942 332 5000 versiones
359 4948 469 5000 careant
496 4943 634 5016 apposito,
660 4930 709 4996 αἰ·
818 4942 847 5015 ⁵)
860 4940 959 4998 Passim
974 4939 1256 5012 retcrasiutcrprataa,
1271 4936 1424 4993 acomulno

46 5045 208 5125 θρωσίιης,
233 5052 292 5105 sunt
310 5051 353 5124 qui
372 5049 532 5124 coniiciunt,
554 5047 708 5105 brustatum
758 5063 793 5103 ex
820 5044 946 5116 analogia
973 5043 1004 5100 ll.
1032 5043 1079 5116 'l'.‚
1110 5041 1234 5114 nomina,
1261 5031 1370 5109 σειῦμα
1397 5045 1426 5096 et

819 4573 846 4646 ⁴)
874 4572 946 4628 llaec
966 4588 1026 4628 ossa
1047 4574 1153 4630 videtur
1172 4574 1335 4645 significatio
1356 4572 1426 4628 illius
1509 4592 1511 4597 ·
