<?xml version="1.0" encoding="UTF-8"?>
<!DOCTYPE html PUBLIC "-//W3C//DTD XHTML 1.0 Transitional//EN"
    "http://www.w3.org/TR/xhtml1/DTD/xhtml1-transitional.dtd">
<html xmlns="http://www.w3.org/1999/xhtml" xml:lang="en" lang="en">
 <head>
  <title>
</title>
<meta http-equiv="Content-Type" content="text/html;charset=utf-8" />
  <meta name='ocr-system' content='tesseract 3.04.00' />
  <meta name='ocr-capabilities' content='ocr_page ocr_carea ocr_par ocr_line ocrx_word'/>
</head>
<body>
  <div class='ocr_page' id='page_1' title='image "./commentariusdep00passgoog_0081.png"; bbox 0 0 3266 5416; ppageno 0'>
   <div class='ocr_carea' id='block_1_1' title="bbox 635 342 1438 412">
    <p class='ocr_par' dir='ltr' id='par_1_1' title="bbox 635 342 1438 412">
     <span class='ocr_line' id='line_1_1' title="bbox 635 342 1438 412; baseline 0.001 -4"><span class='ocrx_word' id='word_1_1' title='bbox 635 342 780 411; x_wconf 70' lang='lat' dir='ltr'>CAPUT</span> <span class='ocrx_word' id='word_1_2' title='bbox 822 346 865 412; x_wconf 80' lang='lat' dir='ltr'>V·</span> <span class='ocrx_word' id='word_1_3' title='bbox 1396 349 1438 409; x_wconf 81' lang='lat' dir='ltr'>ott</span> 
     </span>
    </p>
   </div>
   <div class='ocr_carea' id='block_1_2' title="bbox 58 510 1436 3119">
    <p class='ocr_par' dir='ltr' id='par_1_2' title="bbox 75 510 1436 705">
     <span class='ocr_line' id='line_1_2' title="bbox 77 510 1436 597; baseline 0.002 -21"><span class='ocrx_word' id='word_1_4' title='bbox 77 514 167 576; x_wconf 64' lang='grc' dir='ltr'>πον*</span> <span class='ocrx_word' id='word_1_5' title='bbox 187 510 327 594; x_wconf 87' lang='lat' dir='ltr'>apostoli,</span> <span class='ocrx_word' id='word_1_6' title='bbox 355 519 386 576; x_wconf 85' lang='lat' dir='ltr'>et</span> <span class='ocrx_word' id='word_1_7' title='bbox 412 520 479 596; x_wconf 90' lang='lat' dir='ltr'>post</span> <span class='ocrx_word' id='word_1_8' title='bbox 506 513 671 596; x_wconf 90' lang='lat' dir='ltr'>apostolos,</span> <span class='ocrx_word' id='word_1_9' title='bbox 701 513 876 597; x_wconf 74' lang='lat' dir='ltr'>quicumque</span> <span class='ocrx_word' id='word_1_10' title='bbox 900 531 1003 579; x_wconf 90' lang='lat' dir='ltr'>omnes</span> <span class='ocrx_word' id='word_1_11' title='bbox 1018 515 1043 548; x_wconf 83' lang='lat'>¹⁸</span> <span class='ocrx_word' id='word_1_12' title='bbox 1067 513 1097 576; x_wconf 91' lang='lat' dir='ltr'>in</span> <span class='ocrx_word' id='word_1_13' title='bbox 1119 510 1274 576; x_wconf 88' lang='lat' dir='ltr'>christiana</span> <span class='ocrx_word' id='word_1_14' title='bbox 1295 514 1436 583; x_wconf 86' lang='lat' dir='ltr'>societate</span> 
     </span>
     <span class='ocr_line' id='line_1_3' title="bbox 75 621 744 705; baseline -0.001 -19"><span class='ocrx_word' id='word_1_15' title='bbox 75 622 197 703; x_wconf 76' lang='lat' dir='ltr'>nombb,</span> <span class='ocrx_word' id='word_1_16' title='bbox 218 621 451 705; x_wconf 79' lang='lat' dir='ltr'>eruditionisque</span> <span class='ocrx_word' id='word_1_17' title='bbox 471 622 547 687; x_wconf 83' lang='lat' dir='ltr'>fama</span> <span class='ocrx_word' id='word_1_18' title='bbox 570 623 744 687; x_wconf 90' lang='lat' dir='ltr'>claruerunt.</span> 
     </span>
    </p>

    <p class='ocr_par' dir='ltr' id='par_1_3' title="bbox 63 732 1436 1362">
     <span class='ocr_line' id='line_1_4' title="bbox 164 732 1436 817; baseline 0 -22"><span class='ocrx_word' id='word_1_19' title='bbox 164 732 242 806; x_wconf 79' lang='lat' dir='ltr'>Quae</span> <span class='ocrx_word' id='word_1_20' title='bbox 265 749 356 813; x_wconf 89' lang='lat' dir='ltr'>quum</span> <span class='ocrx_word' id='word_1_21' title='bbox 377 733 416 795; x_wconf 89' lang='lat' dir='ltr'>ita</span> <span class='ocrx_word' id='word_1_22' title='bbox 440 734 514 813; x_wconf 92' lang='lat' dir='ltr'>sint,</span> <span class='ocrx_word' id='word_1_23' title='bbox 544 732 629 796; x_wconf 83' lang='lat' dir='ltr'>facile</span> <span class='ocrx_word' id='word_1_24' title='bbox 659 733 861 817; x_wconf 77' lang='lat' dir='ltr'>intelligimus,</span> <span class='ocrx_word' id='word_1_25' title='bbox 890 733 927 797; x_wconf 91' lang='lat' dir='ltr'>ab</span> <span class='ocrx_word' id='word_1_26' title='bbox 954 751 1006 813; x_wconf 91' lang='lat' dir='ltr'>eo,</span> <span class='ocrx_word' id='word_1_27' title='bbox 1033 733 1081 814; x_wconf 90' lang='lat' dir='ltr'>qui</span> <span class='ocrx_word' id='word_1_28' title='bbox 1109 733 1213 796; x_wconf 83' lang='lat' dir='ltr'>ducier</span> <span class='ocrx_word' id='word_1_29' title='bbox 1237 740 1267 795; x_wconf 88' lang='lat' dir='ltr'>et</span> <span class='ocrx_word' id='word_1_30' title='bbox 1294 734 1436 815; x_wconf 88' lang='lat' dir='ltr'>magister</span> 
     </span>
     <span class='ocr_line' id='line_1_5' title="bbox 70 838 1435 924; baseline 0 -19"><span class='ocrx_word' id='word_1_31' title='bbox 70 842 227 905; x_wconf 68' lang='lat' dir='ltr'>christiam</span> <span class='ocrx_word' id='word_1_32' title='bbox 255 841 411 924; x_wconf 77' lang='lat' dir='ltr'>religionis</span> <span class='ocrx_word' id='word_1_33' title='bbox 438 840 550 905; x_wconf 79' lang='lat' dir='ltr'>baturus</span> <span class='ocrx_word' id='word_1_34' title='bbox 574 844 627 924; x_wconf 89' lang='lat' dir='ltr'>sit,</span> <span class='ocrx_word' id='word_1_35' title='bbox 653 861 689 906; x_wconf 92' lang='lat' dir='ltr'>ea</span> <span class='ocrx_word' id='word_1_36' title='bbox 716 842 809 924; x_wconf 85' lang='lat' dir='ltr'>probe</span> <span class='ocrx_word' id='word_1_37' title='bbox 830 842 956 906; x_wconf 89' lang='lat' dir='ltr'>tenenda</span> <span class='ocrx_word' id='word_1_38' title='bbox 985 860 1070 922; x_wconf 91' lang='lat' dir='ltr'>esse,</span> <span class='ocrx_word' id='word_1_39' title='bbox 1098 860 1173 924; x_wconf 90' lang='lat' dir='ltr'>quae</span> <span class='ocrx_word' id='word_1_40' title='bbox 1194 840 1232 903; x_wconf 93' lang='lat' dir='ltr'>ad</span> <span class='ocrx_word' id='word_1_41' title='bbox 1258 838 1435 923; x_wconf 73' lang='grc' dir='ltr'><em>θεολογίαν</em></span> 
     </span>
     <span class='ocr_line' id='line_1_6' title="bbox 66 949 1434 1034; baseline 0 -20"><span class='ocrx_word' id='word_1_42' title='bbox 66 951 113 1014; x_wconf 80' lang='grc' dir='ltr'>καὶ</span> <span class='ocrx_word' id='word_1_43' title='bbox 131 950 330 1031; x_wconf 83' lang='grc' dir='ltr'><em>οίκονομίαν,</em></span> <span class='ocrx_word' id='word_1_44' title='bbox 355 970 489 1034; x_wconf 88' lang='lat' dir='ltr'>quaeque</span> <span class='ocrx_word' id='word_1_45' title='bbox 511 951 548 1014; x_wconf 90' lang='lat' dir='ltr'>ad</span> <span class='ocrx_word' id='word_1_46' title='bbox 568 951 685 1033; x_wconf 84' lang='lat' dir='ltr'>implete</span> <span class='ocrx_word' id='word_1_47' title='bbox 708 952 842 1033; x_wconf 89' lang='lat' dir='ltr'>oracula,</span> <span class='ocrx_word' id='word_1_48' title='bbox 864 952 1000 1034; x_wconf 87' lang='lat' dir='ltr'>editaque</span> <span class='ocrx_word' id='word_1_49' title='bbox 1021 953 1106 1034; x_wconf 90' lang='lat' dir='ltr'>signa</span> <span class='ocrx_word' id='word_1_50' title='bbox 1126 949 1301 1014; x_wconf 83' lang='lat' dir='ltr'>reseruntur.</span> <span class='ocrx_word' id='word_1_51' title='bbox 1344 951 1434 1032; x_wconf 80' lang='lat' dir='ltr'>Atqui</span> 
     </span>
     <span class='ocr_line' id='line_1_7' title="bbox 66 1038 1432 1144; baseline 0.001 -21"><span class='ocrx_word' id='word_1_52' title='bbox 66 1078 145 1123; x_wconf 86' lang='lat' dir='ltr'>unum</span> <span class='ocrx_word' id='word_1_53' title='bbox 163 1079 200 1123; x_wconf 82' lang='lat' dir='ltr'>ex</span> <span class='ocrx_word' id='word_1_54' title='bbox 220 1061 361 1124; x_wconf 90' lang='lat' dir='ltr'>omnibus</span> <span class='ocrx_word' id='word_1_55' title='bbox 376 1060 490 1124; x_wconf 87' lang='lat' dir='ltr'>Petrum</span> <span class='ocrx_word' id='word_1_56' title='bbox 506 1060 636 1126; x_wconf 86' lang='lat' dir='ltr'>Christus</span> <span class='ocrx_word' id='word_1_57' title='bbox 657 1061 756 1143; x_wconf 88' lang='lat' dir='ltr'>elegit,</span> <span class='ocrx_word' id='word_1_58' title='bbox 780 1063 826 1125; x_wconf 89' lang='lat' dir='ltr'>cui</span> <span class='ocrx_word' id='word_1_59' title='bbox 845 1061 986 1144; x_wconf 79' lang='lat' dir='ltr'>singulari</span> <span class='ocrx_word' id='word_1_60' title='bbox 1001 1061 1136 1144; x_wconf 89' lang='lat' dir='ltr'>quodam,</span> <span class='ocrx_word' id='word_1_61' title='bbox 1159 1038 1326 1142; x_wconf 81' lang='lat' dir='ltr'>eximioque</span> <span class='ocrx_word' id='word_1_62' title='bbox 1346 1068 1432 1142; x_wconf 92' lang='lat' dir='ltr'>pacto</span> 
     </span>
     <span class='ocr_line' id='line_1_8' title="bbox 64 1166 1431 1254; baseline 0.002 -23"><span class='ocrx_word' id='word_1_63' title='bbox 64 1187 159 1231; x_wconf 82' lang='lat' dir='ltr'>arcane</span> <span class='ocrx_word' id='word_1_64' title='bbox 178 1166 356 1252; x_wconf 75' lang='grc' dir='ltr'><em>θεολογίας</em></span> <span class='ocrx_word' id='word_1_65' title='bbox 385 1172 438 1235; x_wconf 83' lang='grc' dir='ltr'>καὶ</span> <span class='ocrx_word' id='word_1_66' title='bbox 463 1171 647 1252; x_wconf 84' lang='grc' dir='ltr'><em>οίκονομίος</em></span> <span class='ocrx_word' id='word_1_67' title='bbox 671 1172 813 1252; x_wconf 80' lang='lat' dir='ltr'>aperiret,</span> <span class='ocrx_word' id='word_1_68' title='bbox 843 1189 988 1254; x_wconf 90' lang='lat' dir='ltr'>quemque</span> <span class='ocrx_word' id='word_1_69' title='bbox 1010 1187 1113 1233; x_wconf 90' lang='lat' dir='ltr'>eorum</span> <span class='ocrx_word' id='word_1_70' title='bbox 1135 1169 1247 1232; x_wconf 88' lang='lat' dir='ltr'>laceret</span> <span class='ocrx_word' id='word_1_71' title='bbox 1266 1168 1431 1249; x_wconf 79' lang='grc' dir='ltr'><em>αὐτόπτην,</em></span> 
     </span>
     <span class='ocr_line' id='line_1_9' title="bbox 63 1278 1273 1362; baseline -0.001 -19"><span class='ocrx_word' id='word_1_72' title='bbox 63 1280 155 1362; x_wconf 78' lang='lat' dir='ltr'>qubus</span> <span class='ocrx_word' id='word_1_73' title='bbox 174 1280 336 1345; x_wconf 83' lang='lat' dir='ltr'>uniuersae</span> <span class='ocrx_word' id='word_1_74' title='bbox 357 1278 505 1344; x_wconf 86' lang='lat' dir='ltr'>christiani</span> <span class='ocrx_word' id='word_1_75' title='bbox 526 1280 695 1343; x_wconf 85' lang='lat' dir='ltr'>institutioni</span> <span class='ocrx_word' id='word_1_76' title='bbox 715 1278 788 1343; x_wconf 87' lang='lat' dir='ltr'>tides</span> <span class='ocrx_word' id='word_1_77' title='bbox 809 1287 897 1362; x_wconf 88' lang='lat' dir='ltr'>atque</span> <span class='ocrx_word' id='word_1_78' title='bbox 917 1280 1073 1343; x_wconf 85' lang='lat' dir='ltr'>auctoritas</span> <span class='ocrx_word' id='word_1_79' title='bbox 1094 1279 1273 1342; x_wconf 89' lang='lat' dir='ltr'>conciliatur.</span> 
     </span>
    </p>

    <p class='ocr_par' dir='ltr' id='par_1_4' title="bbox 58 1372 1430 3119">
     <span class='ocr_line' id='line_1_10' title="bbox 157 1372 1430 1473; baseline 0.001 -21"><span class='ocrx_word' id='word_1_80' title='bbox 157 1396 204 1452; x_wconf 80' lang='lat'>53.</span> <span class='ocrx_word' id='word_1_81' title='bbox 249 1388 332 1453; x_wconf 86' lang='lat' dir='ltr'>Sane</span> <span class='ocrx_word' id='word_1_82' title='bbox 354 1372 442 1473; x_wconf 64' lang='lat' dir='ltr'>pum</span> <span class='ocrx_word' id='word_1_83' title='bbox 462 1390 560 1453; x_wconf 92' lang='lat' dir='ltr'>omnia</span> <span class='ocrx_word' id='word_1_84' title='bbox 580 1389 637 1451; x_wconf 90' lang='lat' dir='ltr'>siat</span> <span class='ocrx_word' id='word_1_85' title='bbox 661 1389 690 1451; x_wconf 93' lang='lat' dir='ltr'>in</span> <span class='ocrx_word' id='word_1_86' title='bbox 711 1388 874 1472; x_wconf 87' lang='lat' dir='ltr'>evangeliis</span> <span class='ocrx_word' id='word_1_87' title='bbox 895 1389 1138 1471; x_wconf 84' lang='lat' dir='ltr'>praeclarissima,</span> <span class='ocrx_word' id='word_1_88' title='bbox 1160 1390 1209 1451; x_wconf 86' lang='lat' dir='ltr'>vix</span> <span class='ocrx_word' id='word_1_89' title='bbox 1229 1397 1327 1453; x_wconf 89' lang='lat' dir='ltr'>tamen</span> <span class='ocrx_word' id='word_1_90' title='bbox 1348 1391 1430 1472; x_wconf 90' lang='lat' dir='ltr'>quid-</span> 
     </span>
     <span class='ocr_line' id='line_1_11' title="bbox 61 1496 1429 1580; baseline 0.001 -18"><span class='ocrx_word' id='word_1_91' title='bbox 61 1518 137 1580; x_wconf 88' lang='lat' dir='ltr'>quam</span> <span class='ocrx_word' id='word_1_92' title='bbox 158 1499 195 1563; x_wconf 91' lang='lat' dir='ltr'>ad</span> <span class='ocrx_word' id='word_1_93' title='bbox 215 1497 461 1562; x_wconf 78' lang='lat' dir='ltr'>manifestandam</span> <span class='ocrx_word' id='word_1_94' title='bbox 482 1496 657 1580; x_wconf 75' lang='grc' dir='ltr'><em>θεολογίαν</em></span> <span class='ocrx_word' id='word_1_95' title='bbox 677 1504 708 1560; x_wconf 90' lang='lat' dir='ltr'>et</span> <span class='ocrx_word' id='word_1_96' title='bbox 728 1498 925 1580; x_wconf 83' lang='grc' dir='ltr'><em>οίκονομίαν,</em></span> <span class='ocrx_word' id='word_1_97' title='bbox 954 1499 1153 1580; x_wconf 77' lang='lat' dir='ltr'>neutriusque</span> <span class='ocrx_word' id='word_1_98' title='bbox 1175 1500 1326 1562; x_wconf 89' lang='lat' dir='ltr'>veritatem</span> <span class='ocrx_word' id='word_1_99' title='bbox 1349 1517 1429 1563; x_wconf 93' lang='lat' dir='ltr'>eom·</span> 
     </span>
     <span class='ocr_line' id='line_1_12' title="bbox 60 1606 1428 1694; baseline -0.001 -22"><span class='ocrx_word' id='word_1_100' title='bbox 60 1608 227 1691; x_wconf 90' lang='lat' dir='ltr'>probandam</span> <span class='ocrx_word' id='word_1_101' title='bbox 258 1608 508 1672; x_wconf 74' lang='lat' dir='ltr'>accommodatius</span> <span class='ocrx_word' id='word_1_102' title='bbox 535 1608 660 1691; x_wconf 88' lang='lat' dir='ltr'>prolerri</span> <span class='ocrx_word' id='word_1_103' title='bbox 686 1625 776 1690; x_wconf 88' lang='lat' dir='ltr'>posse</span> <span class='ocrx_word' id='word_1_104' title='bbox 803 1609 916 1673; x_wconf 83' lang='lat' dir='ltr'>uidetur</span> <span class='ocrx_word' id='word_1_105' title='bbox 929 1610 955 1642; x_wconf 87' lang='lat'>¹⁴</span> <span class='ocrx_word' id='word_1_106' title='bbox 985 1626 1021 1672; x_wconf 90' lang='lat' dir='ltr'>ea</span> <span class='ocrx_word' id='word_1_107' title='bbox 1042 1606 1146 1672; x_wconf 81' lang='lat' dir='ltr'>Christi</span> <span class='ocrx_word' id='word_1_108' title='bbox 1172 1608 1428 1694; x_wconf 78' lang='grc' dir='ltr'><em>μεταμορφώσετ,</em></span> 
     </span>
     <span class='ocr_line' id='line_1_13' title="bbox 62 1715 1430 1801; baseline -0.001 -20"><span class='ocrx_word' id='word_1_109' title='bbox 62 1737 110 1801; x_wconf 88' lang='lat' dir='ltr'>qua</span> <span class='ocrx_word' id='word_1_110' title='bbox 128 1719 201 1783; x_wconf 91' lang='lat' dir='ltr'>illius</span> <span class='ocrx_word' id='word_1_111' title='bbox 222 1717 321 1781; x_wconf 86' lang='lat' dir='ltr'>iacies</span> <span class='ocrx_word' id='word_1_112' title='bbox 341 1715 455 1781; x_wconf 83' lang='lat' dir='ltr'>refulsit</span> <span class='ocrx_word' id='word_1_113' title='bbox 475 1715 520 1793; x_wconf 78' lang='grc' dir='ltr'><em>τίς</em></span> <span class='ocrx_word' id='word_1_114' title='bbox 539 1717 643 1797; x_wconf 80' lang='grc' dir='ltr'><em>ήλιος,</em></span> <span class='ocrx_word' id='word_1_115' title='bbox 665 1721 713 1782; x_wconf 90' lang='lat' dir='ltr'>cui</span> <span class='ocrx_word' id='word_1_116' title='bbox 731 1717 842 1782; x_wconf 84' lang='lat' dir='ltr'>bloises</span> <span class='ocrx_word' id='word_1_117' title='bbox 864 1724 894 1781; x_wconf 90' lang='lat' dir='ltr'>et</span> <span class='ocrx_word' id='word_1_118' title='bbox 911 1716 990 1780; x_wconf 86' lang='lat' dir='ltr'>Elias</span> <span class='ocrx_word' id='word_1_119' title='bbox 1011 1716 1180 1797; x_wconf 79' lang='lat' dir='ltr'>adfuerunt,</span> <span class='ocrx_word' id='word_1_120' title='bbox 1203 1735 1260 1798; x_wconf 89' lang='lat' dir='ltr'>qua</span> <span class='ocrx_word' id='word_1_121' title='bbox 1280 1717 1365 1780; x_wconf 87' lang='lat' dir='ltr'>Pater</span> <span class='ocrx_word' id='word_1_122' title='bbox 1387 1719 1430 1779; x_wconf 89' lang='lat' dir='ltr'>in·</span> 
     </span>
     <span class='ocr_line' id='line_1_14' title="bbox 63 1819 1429 1913; baseline 0.001 -23"><span class='ocrx_word' id='word_1_123' title='bbox 63 1829 172 1892; x_wconf 81' lang='lat' dir='ltr'>badum</span> <span class='ocrx_word' id='word_1_124' title='bbox 193 1827 358 1911; x_wconf 88' lang='lat' dir='ltr'>Unigenito</span> <span class='ocrx_word' id='word_1_125' title='bbox 379 1846 483 1891; x_wconf 89' lang='lat' dir='ltr'>munus</span> <span class='ocrx_word' id='word_1_126' title='bbox 503 1829 653 1912; x_wconf 79' lang='lat' dir='ltr'>patefecit,</span> <span class='ocrx_word' id='word_1_127' title='bbox 683 1848 778 1913; x_wconf 91' lang='lat' dir='ltr'>eaque</span> <span class='ocrx_word' id='word_1_128' title='bbox 800 1829 876 1892; x_wconf 91' lang='lat' dir='ltr'>edita</span> <span class='ocrx_word' id='word_1_129' title='bbox 897 1845 989 1908; x_wconf 87' lang='lat' dir='ltr'>voce,</span> <span class='ocrx_word' id='word_1_130' title='bbox 1018 1819 1108 1900; x_wconf 74' lang='grc' dir='ltr'><em>οὗτος</em></span> <span class='ocrx_word' id='word_1_131' title='bbox 1132 1828 1214 1888; x_wconf 73' lang='grc' dir='ltr'><em>ἐστιν</em></span> <span class='ocrx_word' id='word_1_132' title='bbox 1240 1827 1257 1887; x_wconf 85' lang='grc' dir='ltr'><strong>ό</strong></span> <span class='ocrx_word' id='word_1_133' title='bbox 1280 1828 1345 1902; x_wconf 63' lang='lat' dir='ltr'>cide</span> <span class='ocrx_word' id='word_1_134' title='bbox 1365 1848 1429 1910; x_wconf 81' lang='grc' dir='ltr'>μου</span> 
     </span>
     <span class='ocr_line' id='line_1_15' title="bbox 66 1929 1430 2021; baseline 0 -21"><span class='ocrx_word' id='word_1_135' title='bbox 66 1936 266 2020; x_wconf 78' lang='grc' dir='ltr'><em>ὁτίγαπτπός,</em></span> <span class='ocrx_word' id='word_1_136' title='bbox 297 1940 332 2000; x_wconf 80' lang='lat' dir='ltr'>iv</span> <span class='ocrx_word' id='word_1_137' title='bbox 351 1929 381 2021; x_wconf 81' lang='lat' dir='ltr'>qi</span> <span class='ocrx_word' id='word_1_138' title='bbox 399 1934 571 2017; x_wconf 80' lang='grc' dir='ltr'><em>εὐδόκησα·</em></span> <span class='ocrx_word' id='word_1_139' title='bbox 596 1937 691 2004; x_wconf 78' lang='grc' dir='ltr'><em>αὑτοῦ</em></span> <span class='ocrx_word' id='word_1_140' title='bbox 720 1936 866 2017; x_wconf 79' lang='grc' dir='ltr'><em>ἀκούετε,</em></span> <span class='ocrx_word' id='word_1_141' title='bbox 892 1936 1066 2016; x_wconf 79' lang='lat' dir='ltr'>declaravit,</span> <span class='ocrx_word' id='word_1_142' title='bbox 1096 1952 1163 1998; x_wconf 88' lang='lat' dir='ltr'>eum</span> <span class='ocrx_word' id='word_1_143' title='bbox 1191 1936 1248 1998; x_wconf 86' lang='lat' dir='ltr'>iarn</span> <span class='ocrx_word' id='word_1_144' title='bbox 1275 1936 1430 2000; x_wconf 87' lang='lat' dir='ltr'>advenisse</span> 
     </span>
     <span class='ocr_line' id='line_1_16' title="bbox 63 2044 1429 2134; baseline -0.002 -23"><span class='ocrx_word' id='word_1_145' title='bbox 63 2049 233 2131; x_wconf 89' lang='lat' dir='ltr'>prophetam,</span> <span class='ocrx_word' id='word_1_146' title='bbox 254 2047 308 2129; x_wconf 89' lang='lat' dir='ltr'>qui</span> <span class='ocrx_word' id='word_1_147' title='bbox 329 2046 347 2109; x_wconf 87' lang='grc' dir='ltr'><em>ό</em></span> <span class='ocrx_word' id='word_1_148' title='bbox 367 2048 529 2134; x_wconf 77' lang='grc' dir='ltr'>προφήτης</span> <span class='ocrx_word' id='word_1_149' title='bbox 550 2058 632 2114; x_wconf 89' lang='lat' dir='ltr'>esset</span> <span class='ocrx_word' id='word_1_150' title='bbox 647 2053 672 2085; x_wconf 76' lang='lat'>¹⁶</span> <span class='ocrx_word' id='word_1_151' title='bbox 695 2050 764 2113; x_wconf 65' lang='grc' dir='ltr'>κατ’</span> <span class='ocrx_word' id='word_1_152' title='bbox 785 2044 917 2127; x_wconf 79' lang='grc' dir='ltr'><em>ἐξογήν,</em></span> <span class='ocrx_word' id='word_1_153' title='bbox 947 2063 1093 2128; x_wconf 89' lang='lat' dir='ltr'>quemque</span> <span class='ocrx_word' id='word_1_154' title='bbox 1112 2047 1141 2107; x_wconf 93' lang='lat' dir='ltr'>in</span> <span class='ocrx_word' id='word_1_155' title='bbox 1163 2045 1261 2108; x_wconf 89' lang='lat' dir='ltr'>Horeb</span> <span class='ocrx_word' id='word_1_156' title='bbox 1282 2065 1337 2128; x_wconf 93' lang='lat' dir='ltr'>per</span> <span class='ocrx_word' id='word_1_157' title='bbox 1357 2046 1429 2109; x_wconf 86' lang='lat' dir='ltr'>bloi·</span> 
     </span>
     <span class='ocr_line' id='line_1_17' title="bbox 61 2151 1429 2242; baseline -0.001 -21"><span class='ocrx_word' id='word_1_158' title='bbox 61 2176 114 2221; x_wconf 90' lang='lat' dir='ltr'>sem</span> <span class='ocrx_word' id='word_1_159' title='bbox 128 2161 152 2193; x_wconf 82' lang='lat'>¹⁸</span> <span class='ocrx_word' id='word_1_160' title='bbox 179 2156 456 2240; x_wconf 83' lang='lat' dir='ltr'>praenunciaverat</span> <span class='ocrx_word' id='word_1_161' title='bbox 499 2157 611 2242; x_wconf 82' lang='lat' dir='ltr'>Ecquid</span> <span class='ocrx_word' id='word_1_162' title='bbox 637 2160 716 2223; x_wconf 89' lang='lat' dir='ltr'>enim</span> <span class='ocrx_word' id='word_1_163' title='bbox 744 2157 790 2221; x_wconf 90' lang='lat' dir='ltr'>his</span> <span class='ocrx_word' id='word_1_164' title='bbox 818 2175 878 2222; x_wconf 89' lang='lat' dir='ltr'>non</span> <span class='ocrx_word' id='word_1_165' title='bbox 905 2151 1091 2219; x_wconf 63' lang='lat' dir='ltr'>continetur?</span> <span class='ocrx_word' id='word_1_166' title='bbox 1120 2156 1285 2220; x_wconf 87' lang='lat' dir='ltr'>continetur</span> <span class='ocrx_word' id='word_1_167' title='bbox 1311 2156 1429 2239; x_wconf 88' lang='lat' dir='ltr'>pluralis</span> 
     </span>
     <span class='ocr_line' id='line_1_18' title="bbox 61 2264 1429 2351; baseline -0.001 -21"><span class='ocrx_word' id='word_1_168' title='bbox 61 2268 208 2331; x_wconf 81' lang='lat' dir='ltr'>dirinrrum</span> <span class='ocrx_word' id='word_1_169' title='bbox 228 2266 433 2350; x_wconf 71' lang='lat' dir='ltr'>hypostaseon</span> <span class='ocrx_word' id='word_1_170' title='bbox 453 2285 608 2351; x_wconf 89' lang='lat' dir='ltr'>numerus,</span> <span class='ocrx_word' id='word_1_171' title='bbox 637 2269 720 2333; x_wconf 87' lang='lat' dir='ltr'>Patre</span> <span class='ocrx_word' id='word_1_172' title='bbox 746 2276 776 2332; x_wconf 92' lang='lat' dir='ltr'>et</span> <span class='ocrx_word' id='word_1_173' title='bbox 795 2267 867 2331; x_wconf 82' lang='lat' dir='ltr'>Filio</span> <span class='ocrx_word' id='word_1_174' title='bbox 889 2264 1084 2348; x_wconf 86' lang='lat' dir='ltr'>compellatis:</span> <span class='ocrx_word' id='word_1_175' title='bbox 1114 2268 1278 2329; x_wconf 88' lang='lat' dir='ltr'>continetur</span> <span class='ocrx_word' id='word_1_176' title='bbox 1297 2264 1370 2329; x_wconf 89' lang='lat' dir='ltr'>fides</span> <span class='ocrx_word' id='word_1_177' title='bbox 1392 2265 1429 2328; x_wconf 91' lang='lat' dir='ltr'>de</span> 
     </span>
     <span class='ocr_line' id='line_1_19' title="bbox 61 2375 1429 2459; baseline -0.001 -20"><span class='ocrx_word' id='word_1_178' title='bbox 61 2396 122 2442; x_wconf 84' lang='lat' dir='ltr'>uera</span> <span class='ocrx_word' id='word_1_179' title='bbox 141 2378 204 2442; x_wconf 84' lang='lat' dir='ltr'>Filii</span> <span class='ocrx_word' id='word_1_180' title='bbox 225 2384 351 2457; x_wconf 87' lang='lat' dir='ltr'>natura,</span> <span class='ocrx_word' id='word_1_181' title='bbox 377 2395 434 2458; x_wconf 87' lang='lat' dir='ltr'>qua</span> <span class='ocrx_word' id='word_1_182' title='bbox 455 2394 513 2440; x_wconf 91' lang='lat' dir='ltr'>non</span> <span class='ocrx_word' id='word_1_183' title='bbox 533 2376 625 2442; x_wconf 74' lang='grc' dir='ltr'><strong><em>θέσει</em></strong></span> <span class='ocrx_word' id='word_1_184' title='bbox 644 2378 719 2443; x_wconf 87' lang='lat' dir='ltr'>iilius</span> <span class='ocrx_word' id='word_1_185' title='bbox 741 2385 802 2459; x_wconf 90' lang='lat' dir='ltr'>est,</span> <span class='ocrx_word' id='word_1_186' title='bbox 830 2378 872 2440; x_wconf 92' lang='lat' dir='ltr'>uti</span> <span class='ocrx_word' id='word_1_187' title='bbox 891 2375 1000 2441; x_wconf 86' lang='lat' dir='ltr'>bloises</span> <span class='ocrx_word' id='word_1_188' title='bbox 1015 2378 1040 2409; x_wconf 76' lang='lat'>¹²</span> <span class='ocrx_word' id='word_1_189' title='bbox 1065 2384 1095 2440; x_wconf 90' lang='lat' dir='ltr'>et</span> <span class='ocrx_word' id='word_1_190' title='bbox 1112 2376 1207 2457; x_wconf 89' lang='lat' dir='ltr'>Elias,</span> <span class='ocrx_word' id='word_1_191' title='bbox 1235 2376 1289 2440; x_wconf 91' lang='lat' dir='ltr'>sed</span> <span class='ocrx_word' id='word_1_192' title='bbox 1310 2376 1429 2439; x_wconf 91' lang='lat' dir='ltr'>omnino</span> 
     </span>
     <span class='ocr_line' id='line_1_20' title="bbox 60 2476 1428 2571; baseline -0.001 -21"><span class='ocrx_word' id='word_1_193' title='bbox 60 2485 159 2570; x_wconf 83' lang='grc' dir='ltr'><em>ούοίρ,</em></span> <span class='ocrx_word' id='word_1_194' title='bbox 186 2493 291 2570; x_wconf 85' lang='lat' dir='ltr'>utpote</span> <span class='ocrx_word' id='word_1_195' title='bbox 320 2486 447 2550; x_wconf 86' lang='lat' dir='ltr'>al&#39;atre</span> <span class='ocrx_word' id='word_1_196' title='bbox 470 2488 603 2571; x_wconf 89' lang='lat' dir='ltr'>genitus,</span> <span class='ocrx_word' id='word_1_197' title='bbox 632 2496 663 2552; x_wconf 89' lang='lat' dir='ltr'>et</span> <span class='ocrx_word' id='word_1_198' title='bbox 692 2506 758 2551; x_wconf 89' lang='lat' dir='ltr'>eum</span> <span class='ocrx_word' id='word_1_199' title='bbox 785 2486 868 2551; x_wconf 87' lang='lat' dir='ltr'>Patre</span> <span class='ocrx_word' id='word_1_200' title='bbox 895 2483 1081 2570; x_wconf 74' lang='grc' dir='ltr'><em>ὀμοούσιοςτ</em></span> <span class='ocrx_word' id='word_1_201' title='bbox 1110 2476 1274 2552; x_wconf 82' lang='lat' dir='ltr'>continetur</span> <span class='ocrx_word' id='word_1_202' title='bbox 1296 2485 1428 2550; x_wconf 90' lang='lat' dir='ltr'>eiusdem</span> 
     </span>
     <span class='ocr_line' id='line_1_21' title="bbox 60 2595 1428 2680; baseline -0.001 -21"><span class='ocrx_word' id='word_1_203' title='bbox 60 2597 163 2677; x_wconf 91' lang='lat' dir='ltr'>missio,</span> <span class='ocrx_word' id='word_1_204' title='bbox 185 2604 216 2660; x_wconf 89' lang='lat' dir='ltr'>et</span> <span class='ocrx_word' id='word_1_205' title='bbox 236 2596 388 2660; x_wconf 85' lang='lat' dir='ltr'>missionis</span> <span class='ocrx_word' id='word_1_206' title='bbox 409 2598 483 2662; x_wconf 91' lang='lat' dir='ltr'>ratio</span> <span class='ocrx_word' id='word_1_207' title='bbox 505 2614 543 2661; x_wconf 91' lang='lat' dir='ltr'>eo</span> <span class='ocrx_word' id='word_1_208' title='bbox 563 2599 726 2680; x_wconf 80' lang='lat' dir='ltr'>pertinens,</span> <span class='ocrx_word' id='word_1_209' title='bbox 752 2604 785 2660; x_wconf 91' lang='lat' dir='ltr'>ut</span> <span class='ocrx_word' id='word_1_210' title='bbox 805 2615 883 2659; x_wconf 91' lang='lat' dir='ltr'>novo</span> <span class='ocrx_word' id='word_1_211' title='bbox 902 2599 1014 2660; x_wconf 77' lang='lat' dir='ltr'>sancito</span> <span class='ocrx_word' id='word_1_212' title='bbox 1035 2597 1174 2678; x_wconf 90' lang='lat' dir='ltr'>loedere,</span> <span class='ocrx_word' id='word_1_213' title='bbox 1201 2615 1337 2679; x_wconf 86' lang='lat' dir='ltr'>novaque</span> <span class='ocrx_word' id='word_1_214' title='bbox 1359 2595 1428 2676; x_wconf 89' lang='lat' dir='ltr'>lege</span> 
     </span>
     <span class='ocr_line' id='line_1_22' title="bbox 59 2705 1428 2789; baseline 0.002 -24"><span class='ocrx_word' id='word_1_215' title='bbox 59 2706 187 2787; x_wconf 84' lang='lat' dir='ltr'>institute,</span> <span class='ocrx_word' id='word_1_216' title='bbox 216 2705 438 2787; x_wconf 87' lang='lat' dir='ltr'>complerentur</span> <span class='ocrx_word' id='word_1_217' title='bbox 462 2707 612 2789; x_wconf 87' lang='lat' dir='ltr'>inchoata,</span> <span class='ocrx_word' id='word_1_218' title='bbox 647 2708 729 2772; x_wconf 90' lang='lat' dir='ltr'>rudia</span> <span class='ocrx_word' id='word_1_219' title='bbox 756 2724 827 2771; x_wconf 85' lang='lat' dir='ltr'>vero</span> <span class='ocrx_word' id='word_1_220' title='bbox 855 2714 884 2770; x_wconf 89' lang='lat' dir='ltr'>ot</span> <span class='ocrx_word' id='word_1_221' title='bbox 915 2706 1085 2789; x_wconf 80' lang='lat' dir='ltr'>imperfecta</span> <span class='ocrx_word' id='word_1_222' title='bbox 1113 2706 1311 2789; x_wconf 90' lang='lat' dir='ltr'>expolirentur</span> <span class='ocrx_word' id='word_1_223' title='bbox 1341 2712 1428 2786; x_wconf 89' lang='lat' dir='ltr'>atque</span> 
     </span>
     <span class='ocr_line' id='line_1_23' title="bbox 59 2814 1428 2901; baseline 0.001 -24"><span class='ocrx_word' id='word_1_224' title='bbox 59 2814 276 2895; x_wconf 82' lang='lat' dir='ltr'>perficerentur:</span> <span class='ocrx_word' id='word_1_225' title='bbox 313 2817 477 2880; x_wconf 86' lang='lat' dir='ltr'>continetur</span> <span class='ocrx_word' id='word_1_226' title='bbox 502 2816 595 2899; x_wconf 90' lang='lat' dir='ltr'>legis,</span> <span class='ocrx_word' id='word_1_227' title='bbox 631 2818 895 2901; x_wconf 87' lang='lat' dir='ltr'>prophetarumque</span> <span class='ocrx_word' id='word_1_228' title='bbox 921 2817 1086 2899; x_wconf 79' lang='lat' dir='ltr'>obsignatio</span> <span class='ocrx_word' id='word_1_229' title='bbox 1101 2819 1139 2895; x_wconf 84' lang='lat'>¹⁸,</span> <span class='ocrx_word' id='word_1_230' title='bbox 1173 2835 1190 2879; x_wconf 91' lang='lat' dir='ltr'>e</span> <span class='ocrx_word' id='word_1_231' title='bbox 1216 2815 1321 2898; x_wconf 88' lang='lat' dir='ltr'>quibus</span> <span class='ocrx_word' id='word_1_232' title='bbox 1349 2814 1428 2879; x_wconf 88' lang='lat' dir='ltr'>illam</span> 
     </span>
     <span class='ocr_line' id='line_1_24' title="bbox 58 2920 1428 3007; baseline 0.001 -24"><span class='ocrx_word' id='word_1_233' title='bbox 58 2920 164 3006; x_wconf 89' lang='lat' dir='ltr'>lloises,</span> <span class='ocrx_word' id='word_1_234' title='bbox 184 2924 243 2989; x_wconf 90' lang='lat' dir='ltr'>bos</span> <span class='ocrx_word' id='word_1_235' title='bbox 257 2923 338 2988; x_wconf 84' lang='lat' dir='ltr'>Elias</span> <span class='ocrx_word' id='word_1_236' title='bbox 359 2933 573 3007; x_wconf 88' lang='lat' dir='ltr'>repraesentat:</span> <span class='ocrx_word' id='word_1_237' title='bbox 596 2928 760 2992; x_wconf 84' lang='lat' dir='ltr'>continetur</span> <span class='ocrx_word' id='word_1_238' title='bbox 776 2928 945 2993; x_wconf 90' lang='lat' dir='ltr'>miraculum</span> <span class='ocrx_word' id='word_1_239' title='bbox 960 2926 1089 2991; x_wconf 87' lang='lat' dir='ltr'>omnium</span> <span class='ocrx_word' id='word_1_240' title='bbox 1107 2924 1333 2989; x_wconf 89' lang='lat' dir='ltr'>nobilissimum:</span> <span class='ocrx_word' id='word_1_241' title='bbox 1356 2940 1428 2985; x_wconf 92' lang='lat' dir='ltr'>eon-</span> 
     </span>
     <span class='ocr_line' id='line_1_25' title="bbox 61 3033 1426 3119; baseline -0.002 -24"><span class='ocrx_word' id='word_1_242' title='bbox 61 3034 154 3098; x_wconf 90' lang='lat' dir='ltr'>tinetur</span> <span class='ocrx_word' id='word_1_243' title='bbox 172 3035 296 3099; x_wconf 67' lang='lat' dir='ltr'>nudem</span> <span class='ocrx_word' id='word_1_244' title='bbox 313 3035 446 3099; x_wconf 90' lang='lat' dir='ltr'>solemne</span> <span class='ocrx_word' id='word_1_245' title='bbox 459 3043 658 3118; x_wconf 89' lang='lat' dir='ltr'>praeceptum,</span> <span class='ocrx_word' id='word_1_246' title='bbox 680 3055 738 3119; x_wconf 93' lang='lat' dir='ltr'>quo</span> <span class='ocrx_word' id='word_1_247' title='bbox 760 3038 875 3102; x_wconf 83' lang='lat' dir='ltr'>al&#39;atre</span> <span class='ocrx_word' id='word_1_248' title='bbox 890 3037 1021 3116; x_wconf 89' lang='lat' dir='ltr'>edicitur,</span> <span class='ocrx_word' id='word_1_249' title='bbox 1040 3043 1072 3099; x_wconf 89' lang='lat' dir='ltr'>ut</span> <span class='ocrx_word' id='word_1_250' title='bbox 1094 3052 1198 3098; x_wconf 89' lang='lat' dir='ltr'>omnes</span> <span class='ocrx_word' id='word_1_251' title='bbox 1219 3033 1291 3095; x_wconf 89' lang='lat' dir='ltr'>Filio</span> <span class='ocrx_word' id='word_1_252' title='bbox 1314 3049 1426 3094; x_wconf 90' lang='lat' dir='ltr'>morem</span> 
     </span>
    </p>
   </div>
   <div class='ocr_carea' id='block_1_3' title="bbox 61 3268 1428 3877">
    <p class='ocr_par' dir='ltr' id='par_1_5' title="bbox 61 3268 1428 3877">
     <span class='ocr_line' id='line_1_26' title="bbox 61 3268 1428 3348; baseline -0.001 -21"><span class='ocrx_word' id='word_1_253' title='bbox 61 3268 151 3344; x_wconf 75' lang='lat' dir='ltr'>tignis,</span> <span class='ocrx_word' id='word_1_254' title='bbox 186 3269 366 3344; x_wconf 80' lang='lat' dir='ltr'>sllegatbque</span> <span class='ocrx_word' id='word_1_255' title='bbox 399 3271 533 3329; x_wconf 80' lang='lat' dir='ltr'>vaticiniis</span> <span class='ocrx_word' id='word_1_256' title='bbox 563 3273 716 3348; x_wconf 83' lang='lat' dir='ltr'>doetrinae,</span> <span class='ocrx_word' id='word_1_257' title='bbox 766 3272 877 3330; x_wconf 85' lang='lat' dir='ltr'>hannem</span> <span class='ocrx_word' id='word_1_258' title='bbox 898 3273 1050 3347; x_wconf 72' lang='lat' dir='ltr'>baptistam,</span> <span class='ocrx_word' id='word_1_259' title='bbox 1072 3287 1150 3345; x_wconf 88' lang='lat' dir='ltr'>quum</span> <span class='ocrx_word' id='word_1_260' title='bbox 1170 3270 1242 3327; x_wconf 87' lang='lat' dir='ltr'>illam</span> <span class='ocrx_word' id='word_1_261' title='bbox 1263 3270 1428 3342; x_wconf 88' lang='lat' dir='ltr'>interrogas-</span> 
     </span>
     <span class='ocr_line' id='line_1_27' title="bbox 63 3366 1427 3454; baseline 0.001 -22"><span class='ocrx_word' id='word_1_262' title='bbox 63 3389 130 3445; x_wconf 76' lang='lat' dir='ltr'>qun</span> <span class='ocrx_word' id='word_1_263' title='bbox 150 3375 288 3451; x_wconf 80' lang='lat' dir='ltr'>tradebat,</span> <span class='ocrx_word' id='word_1_264' title='bbox 309 3375 387 3433; x_wconf 80' lang='lat' dir='ltr'>idem</span> <span class='ocrx_word' id='word_1_265' title='bbox 408 3377 574 3435; x_wconf 81' lang='lat' dir='ltr'>conciliasse.</span> <span class='ocrx_word' id='word_1_266' title='bbox 765 3385 839 3454; x_wconf 90' lang='lat' dir='ltr'>sent,</span> <span class='ocrx_word' id='word_1_267' title='bbox 870 3395 904 3435; x_wconf 84' lang='lat' dir='ltr'>an</span> <span class='ocrx_word' id='word_1_268' title='bbox 927 3378 989 3436; x_wconf 84' lang='lat' dir='ltr'>lob.</span> <span class='ocrx_word' id='word_1_269' title='bbox 1010 3378 1031 3435; x_wconf 90' lang='lat' dir='ltr'>l.</span> <span class='ocrx_word' id='word_1_270' title='bbox 1052 3376 1100 3434; x_wconf 79' lang='lat'>21.</span> <span class='ocrx_word' id='word_1_271' title='bbox 1128 3383 1201 3433; x_wconf 90' lang='lat' dir='ltr'>esset</span> <span class='ocrx_word' id='word_1_272' title='bbox 1227 3366 1243 3434; x_wconf 85' lang='grc' dir='ltr'>ὁ</span> <span class='ocrx_word' id='word_1_273' title='bbox 1269 3370 1427 3452; x_wconf 88' lang='grc' dir='ltr'><em>προφήτης,</em></span> 
     </span>
     <span class='ocr_line' id='line_1_28' title="bbox 118 3473 1427 3559; baseline 0.001 -21"><span class='ocrx_word' id='word_1_274' title='bbox 118 3482 160 3556; x_wconf 85' lang='lat'>¹²)</span> <span class='ocrx_word' id='word_1_275' title='bbox 181 3481 348 3540; x_wconf 71' lang='lat' dir='ltr'>testimonia</span> <span class='ocrx_word' id='word_1_276' title='bbox 367 3498 422 3540; x_wconf 92' lang='lat' dir='ltr'>non</span> <span class='ocrx_word' id='word_1_277' title='bbox 440 3484 537 3558; x_wconf 90' lang='lat' dir='ltr'>reiero,</span> <span class='ocrx_word' id='word_1_278' title='bbox 558 3490 651 3559; x_wconf 85' lang='lat' dir='ltr'>utpote</span> <span class='ocrx_word' id='word_1_279' title='bbox 668 3501 717 3543; x_wconf 90' lang='lat' dir='ltr'>no·</span> <span class='ocrx_word' id='word_1_280' title='bbox 765 3485 968 3556; x_wconf 85' lang='lat' dir='ltr'>respondentem</span> <span class='ocrx_word' id='word_1_281' title='bbox 999 3485 1155 3556; x_wconf 87' lang='lat' dir='ltr'>audieruut,</span> <span class='ocrx_word' id='word_1_282' title='bbox 1189 3473 1240 3551; x_wconf 83' lang='lat' dir='ltr'>oi,</span> <span class='ocrx_word' id='word_1_283' title='bbox 1270 3500 1427 3557; x_wconf 84' lang='lat' dir='ltr'>quamquam</span> 
     </span>
     <span class='ocr_line' id='line_1_29' title="bbox 64 3582 1426 3647; baseline 0.004 -7"><span class='ocrx_word' id='word_1_284' title='bbox 64 3585 164 3642; x_wconf 82' lang='lat' dir='ltr'>tissima.</span> <span class='ocrx_word' id='word_1_285' title='bbox 610 3582 615 3593; x_wconf 83' lang='lat'>&#39;</span> <span class='ocrx_word' id='word_1_286' title='bbox 766 3589 909 3646; x_wconf 84' lang='lat' dir='ltr'>Zacharias</span> <span class='ocrx_word' id='word_1_287' title='bbox 940 3591 973 3647; x_wconf 88' lang='lat' dir='ltr'>de</span> <span class='ocrx_word' id='word_1_288' title='bbox 1003 3606 1037 3647; x_wconf 90' lang='lat' dir='ltr'>eo</span> <span class='ocrx_word' id='word_1_289' title='bbox 1065 3590 1224 3646; x_wconf 85' lang='lat' dir='ltr'>vaticinatus</span> <span class='ocrx_word' id='word_1_290' title='bbox 1255 3590 1316 3647; x_wconf 86' lang='lat' dir='ltr'>huc.</span> <span class='ocrx_word' id='word_1_291' title='bbox 1337 3590 1358 3645; x_wconf 94' lang='lat' dir='ltr'>l.</span> <span class='ocrx_word' id='word_1_292' title='bbox 1380 3591 1426 3645; x_wconf 82' lang='lat' dir='ltr'>to.</span> 
     </span>
     <span class='ocr_line' id='line_1_30' title="bbox 118 3685 1428 3772; baseline 0.001 -23"><span class='ocrx_word' id='word_1_293' title='bbox 118 3690 158 3766; x_wconf 78' lang='lat'>¹³)</span> <span class='ocrx_word' id='word_1_294' title='bbox 179 3692 301 3749; x_wconf 84' lang='lat' dir='ltr'>lustinus</span> <span class='ocrx_word' id='word_1_295' title='bbox 320 3692 439 3767; x_wconf 77' lang='lat' dir='ltr'>Apolog.</span> <span class='ocrx_word' id='word_1_296' title='bbox 461 3693 481 3750; x_wconf 89' lang='lat' dir='ltr'>i.</span> <span class='ocrx_word' id='word_1_297' title='bbox 505 3711 530 3749; x_wconf 92' lang='lat' dir='ltr'>u.</span> <span class='ocrx_word' id='word_1_298' title='bbox 552 3695 607 3772; x_wconf 78' lang='lat' dir='ltr'>as,</span> <span class='ocrx_word' id='word_1_299' title='bbox 633 3696 716 3754; x_wconf 79' lang='lat' dir='ltr'>Athe·</span> <span class='ocrx_word' id='word_1_300' title='bbox 765 3696 913 3772; x_wconf 87' lang='lat' dir='ltr'>cecinisset,</span> <span class='ocrx_word' id='word_1_301' title='bbox 934 3693 980 3752; x_wconf 81' lang='grc' dir='ltr'>καί</span> <span class='ocrx_word' id='word_1_302' title='bbox 996 3686 1039 3766; x_wconf 84' lang='lat' dir='ltr'>mi,</span> <span class='ocrx_word' id='word_1_303' title='bbox 1059 3693 1178 3765; x_wconf 75' lang='lat' dir='ltr'>nordico,</span> <span class='ocrx_word' id='word_1_304' title='bbox 1197 3686 1342 3772; x_wconf 88' lang='grc' dir='ltr'><em>προφήτης</em></span> <span class='ocrx_word' id='word_1_305' title='bbox 1361 3685 1428 3772; x_wconf 77' lang='grc' dir='ltr'><em>ὑφί-</em></span> 
     </span>
     <span class='ocr_line' id='line_1_31' title="bbox 64 3794 1426 3877; baseline 0.007 -29"><span class='ocrx_word' id='word_1_306' title='bbox 64 3810 168 3867; x_wconf 84' lang='lat' dir='ltr'>argorrs</span> <span class='ocrx_word' id='word_1_307' title='bbox 188 3799 284 3871; x_wconf 82' lang='lat' dir='ltr'>Legat.</span> <span class='ocrx_word' id='word_1_308' title='bbox 304 3816 329 3855; x_wconf 88' lang='lat' dir='ltr'>n.</span> <span class='ocrx_word' id='word_1_309' title='bbox 344 3799 398 3874; x_wconf 75' lang='lat'>32,</span> <span class='ocrx_word' id='word_1_310' title='bbox 426 3800 586 3874; x_wconf 81' lang='lat' dir='ltr'>Theophilus</span> <span class='ocrx_word' id='word_1_311' title='bbox 606 3803 641 3859; x_wconf 87' lang='lat' dir='ltr'>od</span> <span class='ocrx_word' id='word_1_312' title='bbox 660 3803 716 3860; x_wconf 79' lang='lat' dir='ltr'>Aa·</span> <span class='ocrx_word' id='word_1_313' title='bbox 764 3816 830 3859; x_wconf 83' lang='grc' dir='ltr'><em>στον</em></span> <span class='ocrx_word' id='word_1_314' title='bbox 850 3794 988 3877; x_wconf 75' lang='grc' dir='ltr'><em>κληθήσῃ.</em></span> <span class='ocrx_word' id='word_1_315' title='bbox 1028 3803 1168 3877; x_wconf 86' lang='lat' dir='ltr'>Nimirum,</span> <span class='ocrx_word' id='word_1_316' title='bbox 1190 3802 1280 3858; x_wconf 88' lang='lat' dir='ltr'>subdit</span> <span class='ocrx_word' id='word_1_317' title='bbox 1299 3801 1426 3875; x_wconf 89' lang='lat' dir='ltr'>isidorus,</span> 
     </span>
    </p>
   </div>
   <div class='ocr_carea' id='block_1_4' title="bbox 65 3897 1561 3994">
    <p class='ocr_par' dir='ltr' id='par_1_6' title="bbox 65 3897 1561 3994">
     <span class='ocr_line' id='line_1_32' title="bbox 65 3897 1561 3994; baseline 0.012 -38"><span class='ocrx_word' id='word_1_318' title='bbox 65 3900 136 3972; x_wconf 73' lang='lat' dir='ltr'>toipc.</span> <span class='ocrx_word' id='word_1_319' title='bbox 156 3903 201 3959; x_wconf 88' lang='lat' dir='ltr'>lib.</span> <span class='ocrx_word' id='word_1_320' title='bbox 215 3903 261 3960; x_wconf 91' lang='lat' dir='ltr'>ill.</span> <span class='ocrx_word' id='word_1_321' title='bbox 281 3921 326 3961; x_wconf 87' lang='lat' dir='ltr'>uu.</span> <span class='ocrx_word' id='word_1_322' title='bbox 341 3903 386 3963; x_wconf 79' lang='lat'>13.</span> <span class='ocrx_word' id='word_1_323' title='bbox 400 3920 481 3980; x_wconf 84' lang='lat' dir='ltr'>seqq,</span> <span class='ocrx_word' id='word_1_324' title='bbox 503 3906 633 3980; x_wconf 85' lang='lat' dir='ltr'>Origenes</span> <span class='ocrx_word' id='word_1_325' title='bbox 654 3923 715 3965; x_wconf 88' lang='lat' dir='ltr'>con.</span> <span class='ocrx_word' id='word_1_326' title='bbox 763 3900 909 3984; x_wconf 75' lang='grc' dir='ltr'><em>προφήτης</em></span> <span class='ocrx_word' id='word_1_327' title='bbox 928 3906 977 3983; x_wconf 78' lang='grc' dir='ltr'>μίν</span> <span class='ocrx_word' id='word_1_328' title='bbox 995 3900 1049 3985; x_wconf 76' lang='grc' dir='ltr'><em>γοὶρ</em></span> <span class='ocrx_word' id='word_1_329' title='bbox 1068 3897 1111 3983; x_wconf 79' lang='grc' dir='ltr'>ἦν,</span> <span class='ocrx_word' id='word_1_330' title='bbox 1130 3899 1146 3966; x_wconf 82' lang='grc' dir='ltr'>ὁ</span> <span class='ocrx_word' id='word_1_331' title='bbox 1164 3898 1309 3984; x_wconf 79' lang='grc' dir='ltr'><em>προφήτης</em></span> <span class='ocrx_word' id='word_1_332' title='bbox 1328 3904 1357 3962; x_wconf 74' lang='grc' dir='ltr'>δὲ</span> <span class='ocrx_word' id='word_1_333' title='bbox 1377 3897 1450 3994; x_wconf 44' lang='grc' dir='ltr'>οὐκ,</span> <span class='ocrx_word' id='word_1_334' title='bbox 1556 3959 1561 3973; x_wconf 89' lang='grc'><strong>.</strong></span> 
     </span>
    </p>
   </div>
   <div class='ocr_carea' id='block_1_5' title="bbox 65 4001 1378 4086">
    <p class='ocr_par' dir='ltr' id='par_1_7' title="bbox 65 4001 1378 4086">
     <span class='ocr_line' id='line_1_33' title="bbox 65 4001 1378 4086; baseline 0.005 -25"><span class='ocrx_word' id='word_1_335' title='bbox 65 4004 157 4064; x_wconf 82' lang='lat' dir='ltr'>Celsum</span> <span class='ocrx_word' id='word_1_336' title='bbox 176 4009 222 4064; x_wconf 88' lang='lat' dir='ltr'>lib.</span> <span class='ocrx_word' id='word_1_337' title='bbox 239 4008 260 4065; x_wconf 89' lang='lat' dir='ltr'>l.</span> <span class='ocrx_word' id='word_1_338' title='bbox 281 4026 324 4066; x_wconf 86' lang='lat' dir='ltr'>nu.</span> <span class='ocrx_word' id='word_1_339' title='bbox 341 4010 463 4086; x_wconf 77' lang='lat'>3-68,</span> <span class='ocrx_word' id='word_1_340' title='bbox 489 4012 536 4069; x_wconf 91' lang='lat' dir='ltr'>lib.</span> <span class='ocrx_word' id='word_1_341' title='bbox 553 4012 598 4070; x_wconf 92' lang='lat' dir='ltr'>lll.</span> <span class='ocrx_word' id='word_1_342' title='bbox 618 4014 714 4072; x_wconf 69' lang='lat' dir='ltr'>uu.&#39;25</span> <span class='ocrx_word' id='word_1_343' title='bbox 763 4001 805 4086; x_wconf 78' lang='grc' dir='ltr'>ἦν</span> <span class='ocrx_word' id='word_1_344' title='bbox 847 4014 928 4070; x_wconf 82' lang='lat' dir='ltr'>Tanta</span> <span class='ocrx_word' id='word_1_345' title='bbox 950 4015 1080 4072; x_wconf 87' lang='lat' dir='ltr'>interdum</span> <span class='ocrx_word' id='word_1_346' title='bbox 1101 4014 1218 4071; x_wconf 87' lang='lat' dir='ltr'>articulis</span> <span class='ocrx_word' id='word_1_347' title='bbox 1238 4016 1281 4070; x_wconf 83' lang='lat' dir='ltr'>vis</span> <span class='ocrx_word' id='word_1_348' title='bbox 1301 4016 1378 4070; x_wconf 88' lang='lat' dir='ltr'>inest.</span> 
     </span>
    </p>
   </div>
   <div class='ocr_carea' id='block_1_6' title="bbox 65 4110 1426 4316">
    <p class='ocr_par' dir='ltr' id='par_1_8' title="bbox 65 4110 1426 4316">
     <span class='ocr_line' id='line_1_34' title="bbox 65 4110 1426 4229; baseline 0.032 -63"><span class='ocrx_word' id='word_1_349' title='bbox 65 4110 154 4187; x_wconf 79' lang='lat'>—28,</span> <span class='ocrx_word' id='word_1_350' title='bbox 180 4114 316 4171; x_wconf 79' lang='lat' dir='ltr'>Arnobias</span> <span class='ocrx_word' id='word_1_351' title='bbox 341 4116 401 4173; x_wconf 82' lang='lat' dir='ltr'>adv.</span> <span class='ocrx_word' id='word_1_352' title='bbox 423 4117 498 4175; x_wconf 82' lang='lat' dir='ltr'>Gent</span> <span class='ocrx_word' id='word_1_353' title='bbox 519 4118 565 4175; x_wconf 90' lang='lat' dir='ltr'>lib.</span> <span class='ocrx_word' id='word_1_354' title='bbox 580 4120 600 4176; x_wconf 91' lang='lat'>1.</span> <span class='ocrx_word' id='word_1_355' title='bbox 621 4136 648 4177; x_wconf 92' lang='lat' dir='ltr'>u.</span> <span class='ocrx_word' id='word_1_356' title='bbox 662 4119 715 4196; x_wconf 81' lang='lat'>43,</span> <span class='ocrx_word' id='word_1_357' title='bbox 828 4152 871 4229; x_wconf 78' lang='grc' dir='ltr'>ιτ)</span> <span class='ocrx_word' id='word_1_358' title='bbox 890 4154 941 4211; x_wconf 47' lang='lat' dir='ltr'>Ex,</span> <span class='ocrx_word' id='word_1_359' title='bbox 959 4153 1017 4211; x_wconf 63' lang='grc' dir='ltr'>χχ,</span> <span class='ocrx_word' id='word_1_360' title='bbox 1037 4153 1141 4211; x_wconf 74' lang='lat'>1-19,</span> <span class='ocrx_word' id='word_1_361' title='bbox 1162 4153 1426 4212; x_wconf 74' lang='lat' dir='ltr'>0011,1)eut.lilllll.</span> 
     </span>
     <span class='ocr_line' id='line_1_35' title="bbox 65 4216 902 4316; baseline 0.032 -48"><span class='ocrx_word' id='word_1_362' title='bbox 65 4221 88 4269; x_wconf 84' lang='lat' dir='ltr'>et</span> <span class='ocrx_word' id='word_1_363' title='bbox 105 4216 306 4291; x_wconf 69' lang='lat' dir='ltr'>chrysostomus</span> <span class='ocrx_word' id='word_1_364' title='bbox 332 4222 459 4281; x_wconf 83' lang='lat' dir='ltr'>adversas</span> <span class='ocrx_word' id='word_1_365' title='bbox 488 4226 601 4297; x_wconf 88' lang='lat' dir='ltr'>gentiles</span> <span class='ocrx_word' id='word_1_366' title='bbox 625 4231 654 4282; x_wconf 87' lang='lat' dir='ltr'>et</span> <span class='ocrx_word' id='word_1_367' title='bbox 675 4227 716 4283; x_wconf 89' lang='lat' dir='ltr'>ia·</span> <span class='ocrx_word' id='word_1_368' title='bbox 766 4256 902 4316; x_wconf 50' lang='lat'>1543,</span> 
     </span>
    </p>
   </div>
   <div class='ocr_carea' id='block_1_7' title="bbox 65 4319 1426 4504">
    <p class='ocr_par' dir='ltr' id='par_1_9' title="bbox 65 4319 1426 4504">
     <span class='ocr_line' id='line_1_36' title="bbox 65 4319 1426 4504; baseline 0.061 -130"><span class='ocrx_word' id='word_1_369' title='bbox 65 4319 375 4504; x_wconf 43' lang='lat' dir='ltr'>&amp;wfqnfflur&#39;qidn</span> <span class='ocrx_word' id='word_1_370' title='bbox 399 4431 496 4489; x_wconf 33' lang='lat'>¹⁸9·</span> <span class='ocrx_word' id='word_1_371' title='bbox 830 4399 872 4474; x_wconf 76' lang='lat' dir='ltr'>c)</span> <span class='ocrx_word' id='word_1_372' title='bbox 898 4400 965 4457; x_wconf 73' lang='lat' dir='ltr'>arne</span> <span class='ocrx_word' id='word_1_373' title='bbox 989 4401 1088 4458; x_wconf 79' lang='lat' dir='ltr'>nones</span> <span class='ocrx_word' id='word_1_374' title='bbox 1112 4418 1207 4459; x_wconf 70' lang='grc' dir='ltr'>τοτα</span> <span class='ocrx_word' id='word_1_375' title='bbox 1231 4400 1327 4457; x_wconf 63' lang='lat' dir='ltr'>sicine</span> <span class='ocrx_word' id='word_1_376' title='bbox 1346 4401 1426 4459; x_wconf 71' lang='lat' dir='ltr'>nem.</span> 
     </span>
    </p>
   </div>
   <div class='ocr_carea' id='block_1_8' title="bbox 765 4504 1427 4581">
    <p class='ocr_par' dir='ltr' id='par_1_10' title="bbox 765 4504 1427 4581">
     <span class='ocr_line' id='line_1_37' title="bbox 765 4504 1427 4581; baseline 0.003 -19"><span class='ocrx_word' id='word_1_377' title='bbox 765 4504 809 4562; x_wconf 83' lang='grc' dir='ltr'><strong>ΙΙΙ.</strong></span> <span class='ocrx_word' id='word_1_378' title='bbox 837 4507 942 4581; x_wconf 83' lang='grc'><em>5-6,</em></span> <span class='ocrx_word' id='word_1_379' title='bbox 973 4513 1001 4564; x_wconf 88' lang='lat' dir='ltr'>et</span> <span class='ocrx_word' id='word_1_380' title='bbox 1025 4507 1171 4581; x_wconf 88' lang='lat' dir='ltr'>prophetae</span> <span class='ocrx_word' id='word_1_381' title='bbox 1197 4508 1306 4563; x_wconf 90' lang='lat' dir='ltr'>omniuo</span> <span class='ocrx_word' id='word_1_382' title='bbox 1335 4522 1427 4564; x_wconf 91' lang='lat' dir='ltr'>omnes</span> 
     </span>
    </p>
   </div>
   <div class='ocr_carea' id='block_1_9' title="bbox 69 4611 1426 4775">
    <p class='ocr_par' dir='ltr' id='par_1_11' title="bbox 69 4611 1426 4775">
     <span class='ocr_line' id='line_1_38' title="bbox 69 4611 1426 4775; baseline -0.014 -89"><span class='ocrx_word' id='word_1_383' title='bbox 69 4649 217 4714; x_wconf 56' lang='lat' dir='ltr'>nuncupatur</span> <span class='ocrx_word' id='word_1_384' title='bbox 240 4644 300 4702; x_wconf 57' lang='lat' dir='ltr'>joh,</span> <span class='ocrx_word' id='word_1_385' title='bbox 320 4645 366 4702; x_wconf 53' lang='lat' dir='ltr'>pq,</span> <span class='ocrx_word' id='word_1_386' title='bbox 390 4643 442 4718; x_wconf 52' lang='lat'>14,</span> <span class='ocrx_word' id='word_1_387' title='bbox 469 4645 527 4702; x_wconf 45' lang='lat' dir='ltr'>vn·</span> <span class='ocrx_word' id='word_1_388' title='bbox 549 4645 596 4702; x_wconf 40' lang='lat'>40·</span> <span class='ocrx_word' id='word_1_389' title='bbox 641 4647 716 4704; x_wconf 58' lang='lat' dir='ltr'>Unde</span> <span class='ocrx_word' id='word_1_390' title='bbox 764 4612 864 4773; x_wconf 60' lang='lat' dir='ltr'>ilniipito</span> <span class='ocrx_word' id='word_1_391' title='bbox 877 4612 1025 4775; x_wconf 74' lang='lat' dir='ltr'>2interuallo</span> <span class='ocrx_word' id='word_1_392' title='bbox 1045 4619 1201 4687; x_wconf 85' lang='lat' dir='ltr'>separantur</span> <span class='ocrx_word' id='word_1_393' title='bbox 1220 4611 1325 4686; x_wconf 79' lang='lat' dir='ltr'>aliiio,</span> <span class='ocrx_word' id='word_1_394' title='bbox 1347 4614 1426 4671; x_wconf 87' lang='lat' dir='ltr'>llebr.</span> 
     </span>
    </p>
   </div>
   <div class='ocr_carea' id='block_1_10' title="bbox 124 4530 715 4616">
    <p class='ocr_par' dir='ltr' id='par_1_12' title="bbox 124 4530 715 4616">
     <span class='ocr_line' id='line_1_39' title="bbox 124 4530 715 4616; baseline 0.003 -22"><span class='ocrx_word' id='word_1_395' title='bbox 124 4536 164 4610; x_wconf 78' lang='lat'>¹⁸)</span> <span class='ocrx_word' id='word_1_396' title='bbox 192 4538 415 4606; x_wconf 75' lang='lat' dir='ltr'>Quemadmodum</span> <span class='ocrx_word' id='word_1_397' title='bbox 440 4530 456 4596; x_wconf 84' lang='grc' dir='ltr'>ὁ</span> <span class='ocrx_word' id='word_1_398' title='bbox 481 4530 627 4616; x_wconf 81' lang='grc' dir='ltr'><em>προφήτης</em></span> <span class='ocrx_word' id='word_1_399' title='bbox 653 4541 715 4597; x_wconf 89' lang='lat' dir='ltr'>item</span> 
     </span>
    </p>
   </div>
   <div class='ocr_carea' id='block_1_11' title="bbox 72 4744 1426 5145">
    <p class='ocr_par' dir='ltr' id='par_1_13' title="bbox 72 4744 1426 5145">
     <span class='ocr_line' id='line_1_40' title="bbox 73 4744 716 4826; baseline 0.019 -29"><span class='ocrx_word' id='word_1_400' title='bbox 73 4744 125 4800; x_wconf 89' lang='lat' dir='ltr'>nihi</span> <span class='ocrx_word' id='word_1_401' title='bbox 140 4749 305 4809; x_wconf 80' lang='lat' dir='ltr'>uehementer</span> <span class='ocrx_word' id='word_1_402' title='bbox 319 4752 388 4808; x_wconf 89' lang='lat' dir='ltr'>ratio</span> <span class='ocrx_word' id='word_1_403' title='bbox 404 4752 544 4826; x_wconf 87' lang='lat' dir='ltr'>probatur,</span> <span class='ocrx_word' id='word_1_404' title='bbox 566 4767 616 4825; x_wconf 83' lang='lat' dir='ltr'>qur</span> <span class='ocrx_word' id='word_1_405' title='bbox 630 4751 716 4809; x_wconf 91' lang='lat' dir='ltr'>isido-</span> 
     </span>
     <span class='ocr_line' id='line_1_41' title="bbox 72 4851 1426 4931; baseline 0.003 -24"><span class='ocrx_word' id='word_1_406' title='bbox 72 4851 247 4923; x_wconf 80' lang='lat' dir='ltr'>rospeiasiota</span> <span class='ocrx_word' id='word_1_407' title='bbox 257 4855 400 4930; x_wconf 84' lang='lat' dir='ltr'>Epistolar.</span> <span class='ocrx_word' id='word_1_408' title='bbox 418 4857 465 4913; x_wconf 92' lang='lat' dir='ltr'>lib.</span> <span class='ocrx_word' id='word_1_409' title='bbox 477 4856 521 4914; x_wconf 88' lang='lat'>111.</span> <span class='ocrx_word' id='word_1_410' title='bbox 538 4858 615 4931; x_wconf 85' lang='lat' dir='ltr'>epist</span> <span class='ocrx_word' id='word_1_411' title='bbox 624 4856 715 4914; x_wconf 83' lang='lat' dir='ltr'>xctv.</span> <span class='ocrx_word' id='word_1_412' title='bbox 830 4856 872 4931; x_wconf 81' lang='lat'>¹⁸)</span> <span class='ocrx_word' id='word_1_413' title='bbox 903 4857 960 4924; x_wconf 80' lang='lat' dir='ltr'>Oua</span> <span class='ocrx_word' id='word_1_414' title='bbox 991 4858 1025 4914; x_wconf 91' lang='lat' dir='ltr'>de</span> <span class='ocrx_word' id='word_1_415' title='bbox 1055 4875 1084 4914; x_wconf 91' lang='lat' dir='ltr'>re</span> <span class='ocrx_word' id='word_1_416' title='bbox 1113 4859 1139 4914; x_wconf 91' lang='lat' dir='ltr'>in</span> <span class='ocrx_word' id='word_1_417' title='bbox 1171 4858 1361 4914; x_wconf 72' lang='lat' dir='ltr'>commentario</span> <span class='ocrx_word' id='word_1_418' title='bbox 1392 4855 1426 4911; x_wconf 88' lang='lat' dir='ltr'>ad</span> 
     </span>
     <span class='ocr_line' id='line_1_42' title="bbox 73 4949 1425 5041; baseline -0.003 -27"><span class='ocrx_word' id='word_1_419' title='bbox 73 4949 167 5014; x_wconf 53' lang='lat' dir='ltr'>(lotura</span> <span class='ocrx_word' id='word_1_420' title='bbox 188 4963 309 5020; x_wconf 83' lang='lat' dir='ltr'>conciliat</span> <span class='ocrx_word' id='word_1_421' title='bbox 328 4980 396 5037; x_wconf 86' lang='lat' dir='ltr'>quae</span> <span class='ocrx_word' id='word_1_422' title='bbox 417 4964 443 5020; x_wconf 90' lang='lat' dir='ltr'>in</span> <span class='ocrx_word' id='word_1_423' title='bbox 464 4962 606 5041; x_wconf 81' lang='lat' dir='ltr'>evaugelio</span> <span class='ocrx_word' id='word_1_424' title='bbox 626 4963 660 5018; x_wconf 82' lang='lat' dir='ltr'>(le</span> <span class='ocrx_word' id='word_1_425' title='bbox 680 4962 715 5018; x_wconf 89' lang='lat' dir='ltr'>iis</span> <span class='ocrx_word' id='word_1_426' title='bbox 764 4961 833 5018; x_wconf 90' lang='lat' dir='ltr'>hunc</span> <span class='ocrx_word' id='word_1_427' title='bbox 863 4963 952 5021; x_wconf 79' lang='lat' dir='ltr'>locam</span> <span class='ocrx_word' id='word_1_428' title='bbox 983 4965 1194 5037; x_wconf 81' lang='lat' dir='ltr'>praeclarissime</span> <span class='ocrx_word' id='word_1_429' title='bbox 1220 4963 1425 5031; x_wconf 70' lang='lat' dir='ltr'>Chrysostornus</span> 
     </span>
     <span class='ocr_line' id='line_1_43' title="bbox 75 5066 881 5145; baseline 0.001 -21"><span class='ocrx_word' id='word_1_430' title='bbox 75 5070 207 5143; x_wconf 74' lang='lat' dir='ltr'>sumtu,</span> <span class='ocrx_word' id='word_1_431' title='bbox 229 5071 273 5144; x_wconf 91' lang='lat' dir='ltr'>qut</span> <span class='ocrx_word' id='word_1_432' title='bbox 297 5069 493 5145; x_wconf 68' lang='lat' dir='ltr'>Hierosolymis</span> <span class='ocrx_word' id='word_1_433' title='bbox 518 5068 594 5125; x_wconf 80' lang='lat' dir='ltr'>missi</span> <span class='ocrx_word' id='word_1_434' title='bbox 614 5068 649 5129; x_wconf 83' lang='lat' dir='ltr'>sd</span> <span class='ocrx_word' id='word_1_435' title='bbox 668 5068 716 5125; x_wconf 87' lang='lat' dir='ltr'>Jo·</span> <span class='ocrx_word' id='word_1_436' title='bbox 764 5066 881 5126; x_wconf 77' lang='lat' dir='ltr'>dlusrit.</span> 
     </span>
    </p>
   </div>
   <div class='ocr_carea' id='block_1_12' title="bbox 0 0 1638 5416">
    <p class='ocr_par' dir='ltr' id='par_1_14' title="bbox 0 0 1638 5416">
     <span class='ocr_line' id='line_1_44' title="bbox 0 0 1638 5416; baseline 0 2"><span class='ocrx_word' id='word_1_437' title='bbox 0 0 1638 5416; x_wconf 95' lang='lat' dir='ltr'> </span> 
     </span>
    </p>
   </div>
  </div>
 </body>
</html>
