<?xml version="1.0" encoding="UTF-8"?>
<!DOCTYPE html PUBLIC "-//W3C//DTD XHTML 1.0 Transitional//EN"
    "http://www.w3.org/TR/xhtml1/DTD/xhtml1-transitional.dtd">
<html xmlns="http://www.w3.org/1999/xhtml" xml:lang="en" lang="en">
 <head>
  <title>
</title>
<meta http-equiv="Content-Type" content="text/html;charset=utf-8" />
  <meta name='ocr-system' content='tesseract 3.04.00' />
  <meta name='ocr-capabilities' content='ocr_page ocr_carea ocr_par ocr_line ocrx_word'/>
</head>
<body>
  <div class='ocr_page' id='page_1' title='image "./commentariusdep00passgoog_0324.png"; bbox 0 0 3300 5402; ppageno 0'>
   <div class='ocr_carea' id='block_1_1' title="bbox 173 246 1031 314">
    <p class='ocr_par' dir='ltr' id='par_1_1' title="bbox 173 246 1031 314">
     <span class='ocr_line' id='line_1_1' title="bbox 173 246 1031 314; baseline 0.001 -1"><span class='ocrx_word' id='word_1_1' title='bbox 173 253 235 313; x_wconf 80' lang='grc'><strong>312</strong></span> <span class='ocrx_word' id='word_1_2' title='bbox 693 248 824 313; x_wconf 77' lang='lat' dir='ltr'><strong>moult</strong></span> <span class='ocrx_word' id='word_1_3' title='bbox 865 246 1031 314; x_wconf 70' lang='lat' dir='ltr'><strong>PRIMUS</strong></span> 
     </span>
    </p>
   </div>
   <div class='ocr_carea' id='block_1_2' title="bbox 174 416 1623 1705">
    <p class='ocr_par' dir='ltr' id='par_1_2' title="bbox 174 416 1620 1376">
     <span class='ocr_line' id='line_1_2' title="bbox 174 416 1546 501; baseline 0.003 -22"><span class='ocrx_word' id='word_1_4' title='bbox 174 425 228 497; x_wconf 78' lang='lat' dir='ltr'><strong>est,</strong></span> <span class='ocrx_word' id='word_1_5' title='bbox 253 416 302 480; x_wconf 84' lang='lat' dir='ltr'><strong>vel</strong></span> <span class='ocrx_word' id='word_1_6' title='bbox 323 417 382 480; x_wconf 90' lang='lat' dir='ltr'><strong>hoc</strong></span> <span class='ocrx_word' id='word_1_7' title='bbox 403 425 485 480; x_wconf 84' lang='lat' dir='ltr'><strong>certe</strong></span> <span class='ocrx_word' id='word_1_8' title='bbox 506 416 555 481; x_wconf 91' lang='lat' dir='ltr'><strong>illa</strong></span> <span class='ocrx_word' id='word_1_9' title='bbox 576 416 784 497; x_wconf 89' lang='lat' dir='ltr'><strong>demonstrant,</strong></span> <span class='ocrx_word' id='word_1_10' title='bbox 807 419 985 481; x_wconf 87' lang='lat' dir='ltr'><strong>institutione</strong></span> <span class='ocrx_word' id='word_1_11' title='bbox 1004 418 1145 498; x_wconf 85' lang='lat' dir='ltr'><strong>primatus</strong></span> <span class='ocrx_word' id='word_1_12' title='bbox 1166 434 1204 482; x_wconf 89' lang='lat' dir='ltr'><strong>eo</strong></span> <span class='ocrx_word' id='word_1_13' title='bbox 1225 416 1370 483; x_wconf 85' lang='lat' dir='ltr'><strong>Christum</strong></span> <span class='ocrx_word' id='word_1_14' title='bbox 1390 427 1546 501; x_wconf 79' lang='lat' dir='ltr'><strong>spectasse,</strong></span> 
     </span>
     <span class='ocr_line' id='line_1_3' title="bbox 174 526 1615 612; baseline 0.001 -21"><span class='ocrx_word' id='word_1_15' title='bbox 174 535 206 591; x_wconf 90' lang='lat' dir='ltr'><strong>ut</strong></span> <span class='ocrx_word' id='word_1_16' title='bbox 225 529 382 590; x_wconf 88' lang='lat' dir='ltr'><strong>universae</strong></span> <span class='ocrx_word' id='word_1_17' title='bbox 404 527 551 591; x_wconf 88' lang='lat' dir='ltr'><strong>ecclesiae</strong></span> <span class='ocrx_word' id='word_1_18' title='bbox 568 531 595 561; x_wconf 85' lang='lat'><strong>⁸⁸</strong></span> <span class='ocrx_word' id='word_1_19' title='bbox 621 529 724 591; x_wconf 89' lang='lat' dir='ltr'><strong>usitata</strong></span> <span class='ocrx_word' id='word_1_20' title='bbox 739 528 924 611; x_wconf 80' lang='lat' dir='ltr'>solemnique</span> <span class='ocrx_word' id='word_1_21' title='bbox 946 529 1055 592; x_wconf 80' lang='lat' dir='ltr'><strong>domus</strong></span> <span class='ocrx_word' id='word_1_22' title='bbox 1074 526 1269 609; x_wconf 78' lang='lat' dir='ltr'><strong>aedifictique</strong></span> <span class='ocrx_word' id='word_1_23' title='bbox 1288 530 1417 612; x_wconf 84' lang='lat' dir='ltr'><strong>imagine</strong></span> <span class='ocrx_word' id='word_1_24' title='bbox 1441 528 1548 593; x_wconf 78' lang='lat' dir='ltr'><strong>exhibi-</strong></span> <span class='ocrx_word' id='word_1_25' title='bbox 1614 574 1615 581; x_wconf 46' lang='lat'><strong>,</strong></span> 
     </span>
     <span class='ocr_line' id='line_1_4' title="bbox 174 634 1550 721; baseline 0.002 -22"><span class='ocrx_word' id='word_1_26' title='bbox 174 644 221 699; x_wconf 89' lang='lat' dir='ltr'><strong>tae</strong></span> <span class='ocrx_word' id='word_1_27' title='bbox 236 634 477 720; x_wconf 77' lang='lat' dir='ltr'><strong>fondamentum</strong></span> <span class='ocrx_word' id='word_1_28' title='bbox 497 644 721 719; x_wconf 71' lang='lat' dir='ltr'><strong>supponeretur,</strong></span> <span class='ocrx_word' id='word_1_29' title='bbox 745 654 803 718; x_wconf 94' lang='lat' dir='ltr'><strong>quo</strong></span> <span class='ocrx_word' id='word_1_30' title='bbox 824 638 936 718; x_wconf 88' lang='lat' dir='ltr'><strong>etipsa</strong></span> <span class='ocrx_word' id='word_1_31' title='bbox 958 644 1038 700; x_wconf 89' lang='lat' dir='ltr'><strong>essct</strong></span> <span class='ocrx_word' id='word_1_32' title='bbox 1058 637 1174 717; x_wconf 84' lang='lat' dir='ltr'><strong>invicta,</strong></span> <span class='ocrx_word' id='word_1_33' title='bbox 1197 647 1227 701; x_wconf 91' lang='lat' dir='ltr'><strong>et</strong></span> <span class='ocrx_word' id='word_1_34' title='bbox 1246 640 1342 702; x_wconf 90' lang='lat' dir='ltr'><strong>iuncta</strong></span> <span class='ocrx_word' id='word_1_35' title='bbox 1364 638 1550 721; x_wconf 78' lang='lat' dir='ltr'><strong>copulataque</strong></span> 
     </span>
     <span class='ocr_line' id='line_1_5' title="bbox 174 732 1617 831; baseline 0.001 -22"><span class='ocrx_word' id='word_1_36' title='bbox 174 753 377 828; x_wconf 75' lang='lat' dir='ltr'><strong>permaneret:</strong></span> <span class='ocrx_word' id='word_1_37' title='bbox 405 753 437 809; x_wconf 90' lang='lat' dir='ltr'><strong>nt</strong></span> <span class='ocrx_word' id='word_1_38' title='bbox 456 745 589 809; x_wconf 86' lang='lat' dir='ltr'><strong>fidelibus</strong></span> <span class='ocrx_word' id='word_1_39' title='bbox 605 749 630 779; x_wconf 81' lang='lat'><strong>¹⁸</strong></span> <span class='ocrx_word' id='word_1_40' title='bbox 655 764 777 827; x_wconf 89' lang='lat' dir='ltr'><strong>prorsus</strong></span> <span class='ocrx_word' id='word_1_41' title='bbox 800 746 934 809; x_wconf 89' lang='lat' dir='ltr'><strong>omnibus</strong></span> <span class='ocrx_word' id='word_1_42' title='bbox 956 744 1155 828; x_wconf 79' lang='lat' dir='ltr'><strong>confirmator</strong></span> <span class='ocrx_word' id='word_1_43' title='bbox 1179 748 1316 827; x_wconf 88' lang='lat' dir='ltr'><strong>adesset,</strong></span> <span class='ocrx_word' id='word_1_44' title='bbox 1345 750 1396 831; x_wconf 91' lang='lat' dir='ltr'><strong>qui</strong></span> <span class='ocrx_word' id='word_1_45' title='bbox 1415 748 1552 830; x_wconf 77' lang='lat' dir='ltr'><strong>singulari</strong></span> <span class='ocrx_word' id='word_1_46' title='bbox 1615 732 1617 791; x_wconf 71' lang='grc' dir='ltr'>Ϊ</span> 
     </span>
     <span class='ocr_line' id='line_1_6' title="bbox 175 854 1618 936; baseline 0.001 -18"><span class='ocrx_word' id='word_1_47' title='bbox 175 854 229 919; x_wconf 87' lang='lat' dir='ltr'><strong>llei</strong></span> <span class='ocrx_word' id='word_1_48' title='bbox 259 854 434 918; x_wconf 76' lang='lat' dir='ltr'><strong>charismate</strong></span> <span class='ocrx_word' id='word_1_49' title='bbox 460 856 490 917; x_wconf 89' lang='lat' dir='ltr'><strong>in</strong></span> <span class='ocrx_word' id='word_1_50' title='bbox 514 854 699 936; x_wconf 75' lang='lat' dir='ltr'><strong>professione</strong></span> <span class='ocrx_word' id='word_1_51' title='bbox 728 855 909 919; x_wconf 70' lang='lat' dir='ltr'><strong>orthodoxae</strong></span> <span class='ocrx_word' id='word_1_52' title='bbox 933 854 1002 920; x_wconf 90' lang='lat' dir='ltr'><strong>iidei</strong></span> <span class='ocrx_word' id='word_1_53' title='bbox 1028 855 1170 921; x_wconf 90' lang='lat' dir='ltr'><strong>stabilitus</strong></span> <span class='ocrx_word' id='word_1_54' title='bbox 1199 857 1334 921; x_wconf 86' lang='lat' dir='ltr'><strong>eamdem</strong></span> <span class='ocrx_word' id='word_1_55' title='bbox 1356 858 1466 921; x_wconf 88' lang='lat' dir='ltr'><strong>ceteris</strong></span> <span class='ocrx_word' id='word_1_56' title='bbox 1486 875 1552 921; x_wconf 81' lang='lat' dir='ltr'><strong>con</strong></span> <span class='ocrx_word' id='word_1_57' title='bbox 1617 888 1618 919; x_wconf 66' lang='lat' dir='ltr'><strong>i</strong></span> 
     </span>
     <span class='ocr_line' id='line_1_7' title="bbox 175 962 1553 1047; baseline 0.001 -19"><span class='ocrx_word' id='word_1_58' title='bbox 175 964 308 1028; x_wconf 79' lang='lat' dir='ltr'><strong>stamiam</strong></span> <span class='ocrx_word' id='word_1_59' title='bbox 338 965 545 1045; x_wconf 88' lang='lat' dir='ltr'><strong>immotamque</strong></span> <span class='ocrx_word' id='word_1_60' title='bbox 575 962 737 1028; x_wconf 85' lang='lat' dir='ltr'><strong>firmitatem</strong></span> <span class='ocrx_word' id='word_1_61' title='bbox 751 969 778 998; x_wconf 88' lang='lat'><strong>⁸⁸</strong></span> <span class='ocrx_word' id='word_1_62' title='bbox 810 967 1020 1047; x_wconf 83' lang='lat' dir='ltr'><strong>impertiretur:</strong></span> <span class='ocrx_word' id='word_1_63' title='bbox 1056 974 1087 1029; x_wconf 87' lang='lat' dir='ltr'><strong>ul</strong></span> <span class='ocrx_word' id='word_1_64' title='bbox 1119 966 1274 1030; x_wconf 91' lang='lat' dir='ltr'><strong>collectum</strong></span> <span class='ocrx_word' id='word_1_65' title='bbox 1289 962 1321 1001; x_wconf 77' lang='lat'><strong>⁸⁸</strong></span> <span class='ocrx_word' id='word_1_66' title='bbox 1352 986 1392 1031; x_wconf 82' lang='lat' dir='ltr'><strong>ex</strong></span> <span class='ocrx_word' id='word_1_67' title='bbox 1422 966 1553 1030; x_wconf 77' lang='lat' dir='ltr'><strong>omnum</strong></span> 
     </span>
     <span class='ocr_line' id='line_1_8' title="bbox 176 1072 1620 1157; baseline 0.003 -21"><span class='ocrx_word' id='word_1_68' title='bbox 176 1072 313 1155; x_wconf 87' lang='lat' dir='ltr'><strong>gentibus</strong></span> <span class='ocrx_word' id='word_1_69' title='bbox 335 1073 413 1137; x_wconf 76' lang='lat' dir='ltr'><strong>ovile</strong></span> <span class='ocrx_word' id='word_1_70' title='bbox 435 1076 544 1137; x_wconf 75' lang='lat' dir='ltr'><strong>uniote</strong></span> <span class='ocrx_word' id='word_1_71' title='bbox 565 1073 685 1136; x_wconf 86' lang='lat' dir='ltr'><strong>visibilis</strong></span> <span class='ocrx_word' id='word_1_72' title='bbox 698 1075 887 1157; x_wconf 84' lang='lat' dir='ltr'><strong>supremique</strong></span> <span class='ocrx_word' id='word_1_73' title='bbox 902 1076 1026 1157; x_wconf 79' lang='lat' dir='ltr'><strong>pmtoris</strong></span> <span class='ocrx_word' id='word_1_74' title='bbox 1040 1093 1129 1139; x_wconf 92' lang='lat' dir='ltr'><strong>unum</strong></span> <span class='ocrx_word' id='word_1_75' title='bbox 1148 1075 1338 1140; x_wconf 74' lang='lat' dir='ltr'><strong>redderemr:</strong></span> <span class='ocrx_word' id='word_1_76' title='bbox 1359 1083 1392 1140; x_wconf 91' lang='lat' dir='ltr'><strong>ut</strong></span> <span class='ocrx_word' id='word_1_77' title='bbox 1411 1077 1442 1140; x_wconf 91' lang='lat' dir='ltr'><strong>in</strong></span> <span class='ocrx_word' id='word_1_78' title='bbox 1464 1075 1553 1140; x_wconf 76' lang='lat' dir='ltr'><strong>doni</strong></span> <span class='ocrx_word' id='word_1_79' title='bbox 1619 1098 1620 1113; x_wconf 48' lang='grc' dir='ltr'>ι</span> 
     </span>
     <span class='ocr_line' id='line_1_9' title="bbox 175 1181 1554 1267; baseline 0.002 -22"><span class='ocrx_word' id='word_1_80' title='bbox 175 1184 241 1248; x_wconf 91' lang='lat' dir='ltr'><strong>nica</strong></span> <span class='ocrx_word' id='word_1_81' title='bbox 255 1183 282 1215; x_wconf 84' lang='lat'><strong>⁸⁸</strong></span> <span class='ocrx_word' id='word_1_82' title='bbox 307 1181 414 1246; x_wconf 78' lang='lat' dir='ltr'><strong>tamdia</strong></span> <span class='ocrx_word' id='word_1_83' title='bbox 443 1182 590 1265; x_wconf 88' lang='lat' dir='ltr'><strong>multiplici</strong></span> <span class='ocrx_word' id='word_1_84' title='bbox 617 1182 742 1265; x_wconf 88' lang='lat' dir='ltr'><strong>quadam</strong></span> <span class='ocrx_word' id='word_1_85' title='bbox 768 1185 873 1247; x_wconf 90' lang='lat' dir='ltr'><strong>iuriam</strong></span> <span class='ocrx_word' id='word_1_86' title='bbox 902 1183 1123 1267; x_wconf 83' lang='lat' dir='ltr'><strong>officiorumque</strong></span> <span class='ocrx_word' id='word_1_87' title='bbox 1150 1188 1291 1249; x_wconf 78' lang='lat' dir='ltr'><strong>varietde</strong></span> <span class='ocrx_word' id='word_1_88' title='bbox 1319 1186 1454 1250; x_wconf 75' lang='grc' dir='ltr'>ἀίιῑίιιιιι</span> <span class='ocrx_word' id='word_1_89' title='bbox 1483 1203 1554 1248; x_wconf 90' lang='lat' dir='ltr'><strong>unas</strong></span> 
     </span>
     <span class='ocr_line' id='line_1_10' title="bbox 176 1289 1419 1376; baseline 0.002 -19"><span class='ocrx_word' id='word_1_90' title='bbox 176 1294 280 1376; x_wconf 89' lang='lat' dir='ltr'><strong>aliquis</strong></span> <span class='ocrx_word' id='word_1_91' title='bbox 302 1294 461 1372; x_wconf 88' lang='lat' dir='ltr'><strong>emineret,</strong></span> <span class='ocrx_word' id='word_1_92' title='bbox 483 1294 532 1374; x_wconf 91' lang='lat' dir='ltr'><strong>qui</strong></span> <span class='ocrx_word' id='word_1_93' title='bbox 554 1293 683 1355; x_wconf 89' lang='lat' dir='ltr'><strong>omnium</strong></span> <span class='ocrx_word' id='word_1_94' title='bbox 703 1289 877 1373; x_wconf 73' lang='grc' dir='ltr'><strong><em>ἡγούμενος</em></strong></span> <span class='ocrx_word' id='word_1_95' title='bbox 899 1312 934 1357; x_wconf 94' lang='lat' dir='ltr'><strong>ac</strong></span> <span class='ocrx_word' id='word_1_96' title='bbox 956 1293 1091 1358; x_wconf 90' lang='lat' dir='ltr'><strong>omnibus</strong></span> <span class='ocrx_word' id='word_1_97' title='bbox 1113 1292 1231 1376; x_wconf 72' lang='grc' dir='ltr'><em>μείζων</em></span> <span class='ocrx_word' id='word_1_98' title='bbox 1250 1293 1419 1359; x_wconf 86' lang='lat' dir='ltr'><strong>baberetur.</strong></span> 
     </span>
    </p>

    <p class='ocr_par' dir='ltr' id='par_1_3' title="bbox 176 1402 1623 1705">
     <span class='ocr_line' id='line_1_11' title="bbox 283 1402 1623 1485; baseline 0.001 -21"><span class='ocrx_word' id='word_1_99' title='bbox 283 1403 390 1466; x_wconf 82' lang='lat' dir='ltr'><strong>Verum</strong></span> <span class='ocrx_word' id='word_1_100' title='bbox 420 1402 550 1465; x_wconf 91' lang='lat' dir='ltr'><strong>taliane</strong></span> <span class='ocrx_word' id='word_1_101' title='bbox 578 1403 695 1465; x_wconf 90' lang='lat' dir='ltr'><strong>censeri</strong></span> <span class='ocrx_word' id='word_1_102' title='bbox 716 1402 770 1465; x_wconf 91' lang='lat' dir='ltr'><strong>ista</strong></span> <span class='ocrx_word' id='word_1_103' title='bbox 790 1410 912 1484; x_wconf 91' lang='lat' dir='ltr'><strong>possunt</strong></span> <span class='ocrx_word' id='word_1_104' title='bbox 938 1411 987 1466; x_wconf 92' lang='lat' dir='ltr'><strong>aut</strong></span> <span class='ocrx_word' id='word_1_105' title='bbox 1015 1403 1140 1483; x_wconf 88' lang='lat' dir='ltr'><strong>debent,</strong></span> <span class='ocrx_word' id='word_1_106' title='bbox 1169 1422 1187 1466; x_wconf 91' lang='lat' dir='ltr'><strong>e</strong></span> <span class='ocrx_word' id='word_1_107' title='bbox 1214 1403 1320 1485; x_wconf 91' lang='lat' dir='ltr'><strong>quibus</strong></span> <span class='ocrx_word' id='word_1_108' title='bbox 1345 1404 1411 1467; x_wconf 89' lang='lat' dir='ltr'><strong>linis</strong></span> <span class='ocrx_word' id='word_1_109' title='bbox 1439 1405 1555 1467; x_wconf 80' lang='lat' dir='ltr'><strong>institui</strong></span> <span class='ocrx_word' id='word_1_110' title='bbox 1622 1412 1623 1417; x_wconf 77' lang='grc'>’</span> 
     </span>
     <span class='ocr_line' id='line_1_12' title="bbox 177 1510 1557 1597; baseline 0 -20"><span class='ocrx_word' id='word_1_111' title='bbox 177 1515 327 1597; x_wconf 76' lang='lat' dir='ltr'><strong>primatus,</strong></span> <span class='ocrx_word' id='word_1_112' title='bbox 348 1513 492 1594; x_wconf 79' lang='lat' dir='ltr'><strong>insitoque</strong></span> <span class='ocrx_word' id='word_1_113' title='bbox 506 1510 602 1573; x_wconf 86' lang='lat' dir='ltr'><strong>eidem</strong></span> <span class='ocrx_word' id='word_1_114' title='bbox 617 1512 660 1572; x_wconf 89' lang='lat' dir='ltr'><strong>vis</strong></span> <span class='ocrx_word' id='word_1_115' title='bbox 673 1513 807 1592; x_wconf 87' lang='lat' dir='ltr'><strong>ratioque</strong></span> <span class='ocrx_word' id='word_1_116' title='bbox 823 1512 985 1575; x_wconf 84' lang='lat' dir='ltr'><strong>innotuisse</strong></span> <span class='ocrx_word' id='word_1_117' title='bbox 1000 1510 1222 1576; x_wconf 66' lang='lat' dir='ltr'><strong>existimentur?</strong></span> <span class='ocrx_word' id='word_1_118' title='bbox 1242 1513 1449 1595; x_wconf 76' lang='lat' dir='ltr'><strong>indubitanter,</strong></span> <span class='ocrx_word' id='word_1_119' title='bbox 1472 1531 1557 1596; x_wconf 87' lang='lat' dir='ltr'><strong>quum</strong></span> 
     </span>
     <span class='ocr_line' id='line_1_13' title="bbox 176 1615 1558 1705; baseline -0.001 -17"><span class='ocrx_word' id='word_1_120' title='bbox 176 1620 302 1705; x_wconf 75' lang='grc' dir='ltr'>ἀμέσιις</span> <span class='ocrx_word' id='word_1_121' title='bbox 312 1615 459 1704; x_wconf 69' lang='lat' dir='ltr'><strong>&#39;omnique</strong></span> <span class='ocrx_word' id='word_1_122' title='bbox 473 1628 586 1684; x_wconf 90' lang='lat' dir='ltr'><strong>semota</strong></span> <span class='ocrx_word' id='word_1_123' title='bbox 600 1619 726 1702; x_wconf 89' lang='lat' dir='ltr'><strong>ambage</strong></span> <span class='ocrx_word' id='word_1_124' title='bbox 742 1621 953 1702; x_wconf 88' lang='lat' dir='ltr'><strong>demonstrent,</strong></span> <span class='ocrx_word' id='word_1_125' title='bbox 974 1628 1005 1684; x_wconf 91' lang='lat' dir='ltr'><strong>et</strong></span> <span class='ocrx_word' id='word_1_126' title='bbox 1024 1622 1182 1685; x_wconf 88' lang='lat' dir='ltr'><strong>institutum</strong></span> <span class='ocrx_word' id='word_1_127' title='bbox 1204 1621 1296 1686; x_wconf 84' lang='lat' dir='ltr'><strong>fuisse</strong></span> <span class='ocrx_word' id='word_1_128' title='bbox 1312 1624 1468 1704; x_wconf 89' lang='lat' dir='ltr'><strong>primatum</strong></span> <span class='ocrx_word' id='word_1_129' title='bbox 1493 1620 1558 1704; x_wconf 76' lang='lat' dir='ltr'><strong>effi-</strong></span> 
     </span>
    </p>
   </div>
   <div class='ocr_carea' id='block_1_3' title="bbox 33 1729 1557 1811">
    <p class='ocr_par' dir='ltr' id='par_1_4' title="bbox 33 1729 1557 1811">
     <span class='ocr_line' id='line_1_14' title="bbox 33 1729 1557 1811; baseline -0.003 -11"><span class='ocrx_word' id='word_1_130' title='bbox 33 1790 48 1800; x_wconf 88' lang='lat'><em>.</em></span> <span class='ocrx_word' id='word_1_131' title='bbox 177 1739 284 1796; x_wconf 67' lang='lat' dir='ltr'><strong>mn</strong></span> <span class='ocrx_word' id='word_1_132' title='bbox 298 1738 400 1794; x_wconf 79' lang='lat' dir='ltr'><strong>instar</strong></span> <span class='ocrx_word' id='word_1_133' title='bbox 410 1736 561 1811; x_wconf 65' lang='lat' dir='ltr'><strong>prmctptt,</strong></span> <span class='ocrx_word' id='word_1_134' title='bbox 583 1747 641 1811; x_wconf 91' lang='lat' dir='ltr'><strong>quo</strong></span> <span class='ocrx_word' id='word_1_135' title='bbox 656 1729 777 1793; x_wconf 75' lang='lat' dir='ltr'><strong>numius</strong></span> <span class='ocrx_word' id='word_1_136' title='bbox 799 1729 945 1793; x_wconf 85' lang='lat' dir='ltr'><strong>ecclesiae</strong></span> <span class='ocrx_word' id='word_1_137' title='bbox 958 1730 1054 1793; x_wconf 79' lang='lat' dir='ltr'><strong>unitm</strong></span> <span class='ocrx_word' id='word_1_138' title='bbox 1067 1730 1250 1811; x_wconf 83' lang='lat' dir='ltr'><strong>formaretur,</strong></span> <span class='ocrx_word' id='word_1_139' title='bbox 1274 1738 1304 1795; x_wconf 92' lang='lat' dir='ltr'><strong>et</strong></span> <span class='ocrx_word' id='word_1_140' title='bbox 1318 1751 1354 1796; x_wconf 86' lang='lat' dir='ltr'><strong>ca</strong></span> <span class='ocrx_word' id='word_1_141' title='bbox 1369 1731 1462 1795; x_wconf 86' lang='lat' dir='ltr'><strong>luisse</strong></span> <span class='ocrx_word' id='word_1_142' title='bbox 1479 1731 1557 1795; x_wconf 81' lang='lat' dir='ltr'><strong>illum</strong></span> 
     </span>
    </p>
   </div>
   <div class='ocr_carea' id='block_1_4' title="bbox 176 1838 1574 2373">
    <p class='ocr_par' dir='ltr' id='par_1_5' title="bbox 177 1838 1557 1927">
     <span class='ocr_line' id='line_1_15' title="bbox 177 1838 1557 1927; baseline -0.001 -21"><span class='ocrx_word' id='word_1_143' title='bbox 177 1843 347 1906; x_wconf 81' lang='lat' dir='ltr'><strong>auctonitate</strong></span> <span class='ocrx_word' id='word_1_144' title='bbox 362 1839 549 1919; x_wconf 88' lang='lat' dir='ltr'><strong>cumulatum,</strong></span> <span class='ocrx_word' id='word_1_145' title='bbox 563 1844 631 1902; x_wconf 81' lang='lat' dir='ltr'><strong>atne</strong></span> <span class='ocrx_word' id='word_1_146' title='bbox 643 1860 704 1919; x_wconf 68' lang='lat' dir='ltr'><strong>qaia</strong></span> <span class='ocrx_word' id='word_1_147' title='bbox 715 1858 812 1920; x_wconf 89' lang='lat' dir='ltr'><strong>neque</strong></span> <span class='ocrx_word' id='word_1_148' title='bbox 824 1838 944 1903; x_wconf 90' lang='lat' dir='ltr'><strong>lormari</strong></span> <span class='ocrx_word' id='word_1_149' title='bbox 958 1841 1061 1921; x_wconf 88' lang='lat' dir='ltr'><strong>unitas,</strong></span> <span class='ocrx_word' id='word_1_150' title='bbox 1075 1859 1173 1923; x_wconf 87' lang='lat' dir='ltr'><strong>neque</strong></span> <span class='ocrx_word' id='word_1_151' title='bbox 1184 1842 1298 1905; x_wconf 86' lang='lat' dir='ltr'><strong>servari</strong></span> <span class='ocrx_word' id='word_1_152' title='bbox 1309 1841 1435 1927; x_wconf 74' lang='lat' dir='ltr'><strong>lonnpta</strong></span> <span class='ocrx_word' id='word_1_153' title='bbox 1449 1848 1557 1923; x_wconf 80' lang='lat' dir='ltr'><strong>posset</strong></span> 
     </span>
    </p>

    <p class='ocr_par' dir='ltr' id='par_1_6' title="bbox 176 1948 1574 2373">
     <span class='ocr_line' id='line_1_16' title="bbox 283 1948 1558 2032; baseline 0 -19"><span class='ocrx_word' id='word_1_154' title='bbox 283 1956 353 2014; x_wconf 78' lang='lat'><strong>393.</strong></span> <span class='ocrx_word' id='word_1_155' title='bbox 396 1950 448 2014; x_wconf 84' lang='lat' dir='ltr'><strong>Cui</strong></span> <span class='ocrx_word' id='word_1_156' title='bbox 468 1950 632 2013; x_wconf 85' lang='lat' dir='ltr'><strong>sententiae</strong></span> <span class='ocrx_word' id='word_1_157' title='bbox 653 1966 691 2012; x_wconf 93' lang='lat' dir='ltr'><strong>eo</strong></span> <span class='ocrx_word' id='word_1_158' title='bbox 712 1948 822 2012; x_wconf 68' lang='lat' dir='ltr'><strong>hunius</strong></span> <span class='ocrx_word' id='word_1_159' title='bbox 847 1949 1081 2031; x_wconf 75' lang='lat' dir='ltr'><strong>adhaerebimus,</strong></span> <span class='ocrx_word' id='word_1_160' title='bbox 1103 1968 1162 2032; x_wconf 92' lang='lat' dir='ltr'><strong>quo</strong></span> <span class='ocrx_word' id='word_1_161' title='bbox 1183 1949 1267 2014; x_wconf 87' lang='lat' dir='ltr'><strong>dotes</strong></span> <span class='ocrx_word' id='word_1_162' title='bbox 1290 1951 1416 2032; x_wconf 89' lang='lat' dir='ltr'><strong>penitius</strong></span> <span class='ocrx_word' id='word_1_163' title='bbox 1438 1950 1558 2013; x_wconf 83' lang='lat' dir='ltr'><strong>investi·</strong></span> 
     </span>
     <span class='ocr_line' id='line_1_17' title="bbox 177 2057 1559 2145; baseline 0 -22"><span class='ocrx_word' id='word_1_164' title='bbox 177 2060 329 2145; x_wconf 88' lang='lat' dir='ltr'><strong>gabimus,</strong></span> <span class='ocrx_word' id='word_1_165' title='bbox 351 2058 456 2142; x_wconf 90' lang='lat' dir='ltr'><strong>quibus</strong></span> <span class='ocrx_word' id='word_1_166' title='bbox 476 2058 584 2140; x_wconf 89' lang='lat' dir='ltr'><strong>privari</strong></span> <span class='ocrx_word' id='word_1_167' title='bbox 607 2058 733 2121; x_wconf 90' lang='lat' dir='ltr'><strong>ecclesia</strong></span> <span class='ocrx_word' id='word_1_168' title='bbox 754 2059 869 2140; x_wconf 87' lang='lat' dir='ltr'><strong>nequit,</strong></span> <span class='ocrx_word' id='word_1_169' title='bbox 899 2059 968 2140; x_wconf 93' lang='lat' dir='ltr'><strong>quin</strong></span> <span class='ocrx_word' id='word_1_170' title='bbox 989 2057 1113 2122; x_wconf 83' lang='lat' dir='ltr'><strong>formam</strong></span> <span class='ocrx_word' id='word_1_171' title='bbox 1134 2060 1324 2141; x_wconf 82' lang='lat' dir='ltr'><strong>speciemque</strong></span> <span class='ocrx_word' id='word_1_172' title='bbox 1345 2060 1381 2122; x_wconf 90' lang='lat' dir='ltr'><strong>ab</strong></span> <span class='ocrx_word' id='word_1_173' title='bbox 1403 2079 1440 2123; x_wconf 89' lang='lat' dir='ltr'><strong>ea</strong></span> <span class='ocrx_word' id='word_1_174' title='bbox 1464 2059 1559 2123; x_wconf 81' lang='lat' dir='ltr'><strong>diver·</strong></span> 
     </span>
     <span class='ocr_line' id='line_1_18' title="bbox 176 2166 1559 2261; baseline -0.002 -27"><span class='ocrx_word' id='word_1_175' title='bbox 176 2190 239 2234; x_wconf 89' lang='lat' dir='ltr'><strong>sam</strong></span> <span class='ocrx_word' id='word_1_176' title='bbox 259 2169 358 2233; x_wconf 90' lang='lat' dir='ltr'><strong>induat</strong></span> <span class='ocrx_word' id='word_1_177' title='bbox 379 2187 501 2249; x_wconf 70' lang='lat' dir='ltr'><strong>quam</strong></span> <span class='ocrx_word' id='word_1_178' title='bbox 524 2167 637 2230; x_wconf 83' lang='lat' dir='ltr'><strong>Christo</strong></span> <span class='ocrx_word' id='word_1_179' title='bbox 659 2169 777 2250; x_wconf 85' lang='lat' dir='ltr'><strong>recepit</strong></span> <span class='ocrx_word' id='word_1_180' title='bbox 821 2169 899 2231; x_wconf 91' lang='lat' dir='ltr'><strong>lnter</strong></span> <span class='ocrx_word' id='word_1_181' title='bbox 929 2185 1002 2249; x_wconf 90' lang='lat' dir='ltr'><strong>quas</strong></span> <span class='ocrx_word' id='word_1_182' title='bbox 1029 2167 1138 2261; x_wconf 41' lang='lat' dir='ltr'><strong>illalse</strong></span> <span class='ocrx_word' id='word_1_183' title='bbox 1163 2170 1287 2250; x_wconf 90' lang='lat' dir='ltr'><strong>primum</strong></span> <span class='ocrx_word' id='word_1_184' title='bbox 1301 2174 1329 2204; x_wconf 85' lang='lat'><strong>⁸⁸</strong></span> <span class='ocrx_word' id='word_1_185' title='bbox 1351 2166 1452 2249; x_wconf 81' lang='lat' dir='ltr'><strong>offert,</strong></span> <span class='ocrx_word' id='word_1_186' title='bbox 1485 2187 1559 2251; x_wconf 88' lang='lat' dir='ltr'><strong>quac</strong></span> 
     </span>
     <span class='ocr_line' id='line_1_19' title="bbox 178 2277 1574 2373; baseline 0 -31"><span class='ocrx_word' id='word_1_187' title='bbox 178 2281 234 2343; x_wconf 90' lang='lat' dir='ltr'><strong>dici</strong></span> <span class='ocrx_word' id='word_1_188' title='bbox 255 2280 401 2356; x_wconf 82' lang='grc' dir='ltr'><strong><em>ταυτότης</em></strong></span> <span class='ocrx_word' id='word_1_189' title='bbox 421 2284 533 2359; x_wconf 87' lang='lat' dir='ltr'><strong>potest,</strong></span> <span class='ocrx_word' id='word_1_190' title='bbox 556 2284 585 2339; x_wconf 90' lang='lat' dir='ltr'><strong>et</strong></span> <span class='ocrx_word' id='word_1_191' title='bbox 607 2295 663 2359; x_wconf 89' lang='lat' dir='ltr'><strong>qua</strong></span> <span class='ocrx_word' id='word_1_192' title='bbox 685 2278 811 2342; x_wconf 90' lang='lat' dir='ltr'><strong>ecclesia</strong></span> <span class='ocrx_word' id='word_1_193' title='bbox 832 2279 877 2341; x_wconf 92' lang='lat' dir='ltr'><strong>sui</strong></span> <span class='ocrx_word' id='word_1_194' title='bbox 899 2297 1016 2361; x_wconf 91' lang='lat' dir='ltr'><strong>semper</strong></span> <span class='ocrx_word' id='word_1_195' title='bbox 1037 2277 1138 2341; x_wconf 90' lang='lat' dir='ltr'><strong>similis</strong></span> <span class='ocrx_word' id='word_1_196' title='bbox 1160 2296 1228 2341; x_wconf 88' lang='lat' dir='ltr'><strong>esse</strong></span> <span class='ocrx_word' id='word_1_197' title='bbox 1250 2278 1352 2359; x_wconf 91' lang='lat' dir='ltr'><strong>debet,</strong></span> <span class='ocrx_word' id='word_1_198' title='bbox 1385 2296 1487 2360; x_wconf 83' lang='lat' dir='ltr'><strong>neque</strong></span> <span class='ocrx_word' id='word_1_199' title='bbox 1507 2278 1574 2373; x_wconf 62' lang='lat'>⁸¹⁵⁸.</span> 
     </span>
    </p>
   </div>
   <div class='ocr_carea' id='block_1_5' title="bbox 65 2383 1560 2470">
    <p class='ocr_par' dir='ltr' id='par_1_7' title="bbox 65 2383 1560 2470">
     <span class='ocr_line' id='line_1_20' title="bbox 65 2383 1560 2470; baseline 0 -19"><span class='ocrx_word' id='word_1_200' title='bbox 65 2430 69 2439; x_wconf 75' lang='lat'>‚</span> <span class='ocrx_word' id='word_1_201' title='bbox 178 2383 344 2461; x_wconf 81' lang='grc' dir='ltr'>οὐσιώδως</span> <span class='ocrx_word' id='word_1_202' title='bbox 372 2405 460 2468; x_wconf 62' lang='lat' dir='ltr'><strong>mum</strong></span> <span class='ocrx_word' id='word_1_203' title='bbox 489 2387 631 2467; x_wconf 93' lang='lat' dir='ltr'><strong>incoepit,</strong></span> <span class='ocrx_word' id='word_1_204' title='bbox 659 2386 715 2450; x_wconf 89' lang='lat' dir='ltr'><strong>alia</strong></span> <span class='ocrx_word' id='word_1_205' title='bbox 742 2405 830 2469; x_wconf 89' lang='lat' dir='ltr'><strong>quum</strong></span> <span class='ocrx_word' id='word_1_206' title='bbox 857 2388 1045 2450; x_wconf 89' lang='lat' dir='ltr'><strong>incrementis</strong></span> <span class='ocrx_word' id='word_1_207' title='bbox 1072 2394 1156 2450; x_wconf 90' lang='lat' dir='ltr'><strong>aucta</strong></span> <span class='ocrx_word' id='word_1_208' title='bbox 1185 2386 1321 2469; x_wconf 86' lang='lat' dir='ltr'><strong>proiecit,</strong></span> <span class='ocrx_word' id='word_1_209' title='bbox 1352 2387 1408 2451; x_wconf 88' lang='lat' dir='ltr'><strong>alia</strong></span> <span class='ocrx_word' id='word_1_210' title='bbox 1430 2407 1560 2470; x_wconf 87' lang='lat' dir='ltr'><strong>quuma</strong></span> 
     </span>
    </p>
   </div>
   <div class='ocr_carea' id='block_1_6' title="bbox 177 2495 1564 3674">
    <p class='ocr_par' dir='ltr' id='par_1_8' title="bbox 177 2495 1562 3346">
     <span class='ocr_line' id='line_1_21' title="bbox 178 2495 1562 2580; baseline -0.001 -18"><span class='ocrx_word' id='word_1_211' title='bbox 178 2497 293 2562; x_wconf 77' lang='lat' dir='ltr'><strong>Christo</strong></span> <span class='ocrx_word' id='word_1_212' title='bbox 319 2495 423 2559; x_wconf 88' lang='lat' dir='ltr'><strong>visibili</strong></span> <span class='ocrx_word' id='word_1_213' title='bbox 451 2497 545 2578; x_wconf 89' lang='lat' dir='ltr'><strong>capite</strong></span> <span class='ocrx_word' id='word_1_214' title='bbox 569 2506 741 2579; x_wconf 89' lang='lat' dir='ltr'><strong>regeretur,</strong></span> <span class='ocrx_word' id='word_1_215' title='bbox 770 2507 800 2560; x_wconf 88' lang='lat' dir='ltr'><strong>et</strong></span> <span class='ocrx_word' id='word_1_216' title='bbox 826 2497 882 2561; x_wconf 89' lang='lat' dir='ltr'><strong>alia</strong></span> <span class='ocrx_word' id='word_1_217' title='bbox 910 2515 998 2579; x_wconf 89' lang='lat' dir='ltr'><strong>quum</strong></span> <span class='ocrx_word' id='word_1_218' title='bbox 1026 2497 1132 2561; x_wconf 87' lang='lat' dir='ltr'><strong>lactum</strong></span> <span class='ocrx_word' id='word_1_219' title='bbox 1162 2497 1190 2561; x_wconf 94' lang='lat' dir='ltr'><strong>id</strong></span> <span class='ocrx_word' id='word_1_220' title='bbox 1220 2505 1265 2561; x_wconf 90' lang='lat' dir='ltr'><strong>est</strong></span> <span class='ocrx_word' id='word_1_221' title='bbox 1285 2497 1364 2580; x_wconf 94' lang='lat' dir='ltr'><strong>quod</strong></span> <span class='ocrx_word' id='word_1_222' title='bbox 1378 2499 1405 2531; x_wconf 92' lang='lat'><strong>⁸⁸</strong></span> <span class='ocrx_word' id='word_1_223' title='bbox 1430 2497 1562 2562; x_wconf 84' lang='lat' dir='ltr'><strong>Christus</strong></span> 
     </span>
     <span class='ocr_line' id='line_1_22' title="bbox 177 2603 1560 2690; baseline -0.001 -19"><span class='ocrx_word' id='word_1_224' title='bbox 177 2607 375 2690; x_wconf 75' lang='lat' dir='ltr'><strong>praedixerat:</strong></span> <span class='ocrx_word' id='word_1_225' title='bbox 401 2608 530 2688; x_wconf 84' lang='grc' dir='ltr'><strong>μικρόν,</strong></span> <span class='ocrx_word' id='word_1_226' title='bbox 560 2607 612 2670; x_wconf 75' lang='grc' dir='ltr'><strong>καὶ</strong></span> <span class='ocrx_word' id='word_1_227' title='bbox 638 2604 676 2671; x_wconf 82' lang='lat' dir='ltr'><strong>ori</strong></span> <span class='ocrx_word' id='word_1_228' title='bbox 707 2606 861 2688; x_wconf 73' lang='grc' dir='ltr'><strong>θεωρεῖτέ</strong></span> <span class='ocrx_word' id='word_1_229' title='bbox 882 2628 1001 2690; x_wconf 82' lang='grc' dir='ltr'><strong>με</strong></span> <span class='ocrx_word' id='word_1_230' title='bbox 1033 2603 1082 2670; x_wconf 79' lang='grc' dir='ltr'>δ’τι</span> <span class='ocrx_word' id='word_1_231' title='bbox 1108 2604 1220 2687; x_wconf 77' lang='grc' dir='ltr'><em>ὑπάγω</em></span> <span class='ocrx_word' id='word_1_232' title='bbox 1249 2605 1329 2688; x_wconf 78' lang='grc' dir='ltr'><strong>πρὸς</strong></span> <span class='ocrx_word' id='word_1_233' title='bbox 1351 2604 1405 2670; x_wconf 80' lang='grc' dir='ltr'><strong>τὸν</strong></span> <span class='ocrx_word' id='word_1_234' title='bbox 1425 2606 1560 2689; x_wconf 73' lang='lat' dir='ltr'><strong>adnepos.</strong></span> 
     </span>
     <span class='ocr_line' id='line_1_23' title="bbox 177 2696 1560 2798; baseline 0.001 -19"><span class='ocrx_word' id='word_1_235' title='bbox 177 2717 267 2781; x_wconf 89' lang='lat' dir='ltr'><strong>Porro</strong></span> <span class='ocrx_word' id='word_1_236' title='bbox 295 2717 325 2779; x_wconf 91' lang='lat' dir='ltr'><strong>in</strong></span> <span class='ocrx_word' id='word_1_237' title='bbox 348 2717 409 2779; x_wconf 91' lang='lat' dir='ltr'><strong>suis</strong></span> <span class='ocrx_word' id='word_1_238' title='bbox 427 2717 603 2795; x_wconf 75' lang='lat' dir='ltr'><strong>primordiis</strong></span> <span class='ocrx_word' id='word_1_239' title='bbox 624 2736 660 2780; x_wconf 92' lang='lat' dir='ltr'><strong>ac</strong></span> <span class='ocrx_word' id='word_1_240' title='bbox 679 2718 772 2779; x_wconf 90' lang='lat' dir='ltr'><strong>lerme</strong></span> <span class='ocrx_word' id='word_1_241' title='bbox 794 2715 1011 2796; x_wconf 90' lang='lat' dir='ltr'><strong>incunnabulis,</strong></span> <span class='ocrx_word' id='word_1_242' title='bbox 1035 2696 1072 2780; x_wconf 50' lang='lat' dir='ltr'><strong>&#39;et</strong></span> <span class='ocrx_word' id='word_1_243' title='bbox 1093 2716 1228 2798; x_wconf 90' lang='lat' dir='ltr'><strong>quamdiu</strong></span> <span class='ocrx_word' id='word_1_244' title='bbox 1250 2716 1402 2779; x_wconf 88' lang='lat' dir='ltr'><strong>mortalem</strong></span> <span class='ocrx_word' id='word_1_245' title='bbox 1427 2715 1560 2780; x_wconf 72' lang='lat' dir='ltr'><strong>Chrbtus</strong></span> 
     </span>
     <span class='ocr_line' id='line_1_24' title="bbox 178 2825 1559 2908; baseline 0.001 -20"><span class='ocrx_word' id='word_1_246' title='bbox 178 2829 265 2891; x_wconf 86' lang='lat' dir='ltr'><strong>vitam</strong></span> <span class='ocrx_word' id='word_1_247' title='bbox 287 2826 383 2908; x_wconf 89' lang='lat' dir='ltr'><strong>degit,</strong></span> <span class='ocrx_word' id='word_1_248' title='bbox 410 2826 474 2888; x_wconf 90' lang='lat' dir='ltr'><strong>eius</strong></span> <span class='ocrx_word' id='word_1_249' title='bbox 502 2833 603 2889; x_wconf 92' lang='lat' dir='ltr'><strong>coetus</strong></span> <span class='ocrx_word' id='word_1_250' title='bbox 629 2826 753 2889; x_wconf 84' lang='lat' dir='ltr'><strong>sormam</strong></span> <span class='ocrx_word' id='word_1_251' title='bbox 778 2825 905 2889; x_wconf 91' lang='lat' dir='ltr'><strong>ecclesia</strong></span> <span class='ocrx_word' id='word_1_252' title='bbox 932 2826 1118 2907; x_wconf 88' lang='lat' dir='ltr'><strong>praesetulit,</strong></span> <span class='ocrx_word' id='word_1_253' title='bbox 1146 2827 1195 2908; x_wconf 91' lang='lat' dir='ltr'><strong>qui</strong></span> <span class='ocrx_word' id='word_1_254' title='bbox 1223 2843 1361 2907; x_wconf 89' lang='lat' dir='ltr'><strong>supremo</strong></span> <span class='ocrx_word' id='word_1_255' title='bbox 1381 2826 1467 2889; x_wconf 88' lang='lat' dir='ltr'><strong>unius</strong></span> <span class='ocrx_word' id='word_1_256' title='bbox 1490 2835 1559 2890; x_wconf 90' lang='lat' dir='ltr'><strong>nutu</strong></span> 
     </span>
     <span class='ocr_line' id='line_1_25' title="bbox 178 2935 1560 3020; baseline 0.001 -20"><span class='ocrx_word' id='word_1_257' title='bbox 178 2936 403 3020; x_wconf 78' lang='lat' dir='ltr'><strong>gubernaretur,</strong></span> <span class='ocrx_word' id='word_1_258' title='bbox 426 2937 534 3019; x_wconf 89' lang='lat' dir='ltr'><strong>quique</strong></span> <span class='ocrx_word' id='word_1_259' title='bbox 557 2955 595 2999; x_wconf 84' lang='lat' dir='ltr'><strong>ex</strong></span> <span class='ocrx_word' id='word_1_260' title='bbox 615 2954 674 2999; x_wconf 92' lang='lat' dir='ltr'><strong>uno</strong></span> <span class='ocrx_word' id='word_1_261' title='bbox 695 2953 833 3018; x_wconf 89' lang='lat' dir='ltr'><strong>supremo</strong></span> <span class='ocrx_word' id='word_1_262' title='bbox 855 2936 1073 3017; x_wconf 85' lang='lat' dir='ltr'><strong>conspicuoque</strong></span> <span class='ocrx_word' id='word_1_263' title='bbox 1096 2937 1189 3016; x_wconf 91' lang='lat' dir='ltr'><strong>capite</strong></span> <span class='ocrx_word' id='word_1_264' title='bbox 1209 2935 1346 2997; x_wconf 88' lang='lat' dir='ltr'><strong>unitatem</strong></span> <span class='ocrx_word' id='word_1_265' title='bbox 1369 2937 1560 3018; x_wconf 86' lang='lat' dir='ltr'><strong>conspicuam</strong></span> 
     </span>
     <span class='ocr_line' id='line_1_26' title="bbox 178 3042 1561 3128; baseline -0.001 -17"><span class='ocrx_word' id='word_1_266' title='bbox 178 3047 340 3111; x_wconf 88' lang='lat' dir='ltr'><strong>sortiretur.</strong></span> <span class='ocrx_word' id='word_1_267' title='bbox 383 3044 427 3108; x_wconf 87' lang='lat' dir='ltr'><strong>Ne</strong></span> <span class='ocrx_word' id='word_1_268' title='bbox 449 3046 538 3128; x_wconf 89' lang='lat' dir='ltr'><strong>igitur</strong></span> <span class='ocrx_word' id='word_1_269' title='bbox 557 3066 574 3109; x_wconf 93' lang='lat' dir='ltr'><strong>a</strong></span> <span class='ocrx_word' id='word_1_270' title='bbox 595 3048 751 3128; x_wconf 88' lang='lat' dir='ltr'><strong>semetipsa</strong></span> <span class='ocrx_word' id='word_1_271' title='bbox 766 3046 904 3126; x_wconf 87' lang='lat' dir='ltr'><strong>deinceps</strong></span> <span class='ocrx_word' id='word_1_272' title='bbox 927 3043 1091 3123; x_wconf 76' lang='lat' dir='ltr'><strong>dissideret,</strong></span> <span class='ocrx_word' id='word_1_273' title='bbox 1113 3063 1151 3107; x_wconf 92' lang='lat' dir='ltr'><strong>ne</strong></span> <span class='ocrx_word' id='word_1_274' title='bbox 1173 3043 1259 3108; x_wconf 84' lang='lat' dir='ltr'><strong>abam</strong></span> <span class='ocrx_word' id='word_1_275' title='bbox 1279 3042 1408 3106; x_wconf 91' lang='lat' dir='ltr'><strong>induisse</strong></span> <span class='ocrx_word' id='word_1_276' title='bbox 1428 3052 1561 3109; x_wconf 91' lang='lat' dir='ltr'><strong>naturam</strong></span> 
     </span>
     <span class='ocr_line' id='line_1_27' title="bbox 179 3153 1561 3237; baseline -0.003 -17"><span class='ocrx_word' id='word_1_277' title='bbox 179 3155 340 3236; x_wconf 85' lang='lat' dir='ltr'><strong>videretur,</strong></span> <span class='ocrx_word' id='word_1_278' title='bbox 366 3154 477 3219; x_wconf 89' lang='lat' dir='ltr'><strong>electos</strong></span> <span class='ocrx_word' id='word_1_279' title='bbox 501 3155 554 3218; x_wconf 85' lang='lat' dir='ltr'><strong>fuit</strong></span> <span class='ocrx_word' id='word_1_280' title='bbox 574 3156 700 3237; x_wconf 89' lang='lat' dir='ltr'><strong>primas,</strong></span> <span class='ocrx_word' id='word_1_281' title='bbox 729 3155 779 3235; x_wconf 89' lang='lat' dir='ltr'><strong>qui</strong></span> <span class='ocrx_word' id='word_1_282' title='bbox 797 3155 972 3235; x_wconf 87' lang='lat' dir='ltr'><strong>conspicuae</strong></span> <span class='ocrx_word' id='word_1_283' title='bbox 995 3155 1112 3217; x_wconf 79' lang='lat' dir='ltr'><strong>umtatis</strong></span> <span class='ocrx_word' id='word_1_284' title='bbox 1138 3153 1308 3235; x_wconf 88' lang='lat' dir='ltr'><strong>principium</strong></span> <span class='ocrx_word' id='word_1_285' title='bbox 1331 3159 1428 3233; x_wconf 88' lang='lat' dir='ltr'><strong>esset,</strong></span> <span class='ocrx_word' id='word_1_286' title='bbox 1456 3171 1561 3236; x_wconf 86' lang='lat' dir='ltr'><strong>supre-</strong></span> 
     </span>
     <span class='ocr_line' id='line_1_28' title="bbox 178 3265 1017 3346; baseline -0.004 -17"><span class='ocrx_word' id='word_1_287' title='bbox 178 3266 276 3346; x_wconf 87' lang='lat' dir='ltr'><strong>mique</strong></span> <span class='ocrx_word' id='word_1_288' title='bbox 298 3265 398 3346; x_wconf 90' lang='lat' dir='ltr'><strong>capitis</strong></span> <span class='ocrx_word' id='word_1_289' title='bbox 420 3265 483 3327; x_wconf 90' lang='lat' dir='ltr'><strong>iure</strong></span> <span class='ocrx_word' id='word_1_290' title='bbox 503 3265 532 3327; x_wconf 92' lang='lat' dir='ltr'><strong>in</strong></span> <span class='ocrx_word' id='word_1_291' title='bbox 553 3265 721 3327; x_wconf 87' lang='lat' dir='ltr'><strong>universum</strong></span> <span class='ocrx_word' id='word_1_292' title='bbox 741 3282 847 3346; x_wconf 89' lang='lat' dir='ltr'><strong>corpus</strong></span> <span class='ocrx_word' id='word_1_293' title='bbox 868 3265 1017 3345; x_wconf 89' lang='lat' dir='ltr'><strong>potiretur.</strong></span> 
     </span>
    </p>

    <p class='ocr_par' dir='ltr' id='par_1_9' title="bbox 179 3370 1564 3674">
     <span class='ocr_line' id='line_1_29' title="bbox 285 3370 1563 3454; baseline -0.002 -17"><span class='ocrx_word' id='word_1_294' title='bbox 285 3381 355 3437; x_wconf 78' lang='grc'><strong>394.</strong></span> <span class='ocrx_word' id='word_1_295' title='bbox 397 3373 481 3447; x_wconf 83' lang='lat' dir='ltr'><strong>Quod</strong></span> <span class='ocrx_word' id='word_1_296' title='bbox 511 3375 709 3437; x_wconf 85' lang='lat' dir='ltr'><strong>necessarium</strong></span> <span class='ocrx_word' id='word_1_297' title='bbox 736 3392 809 3437; x_wconf 94' lang='lat' dir='ltr'><strong>sane</strong></span> <span class='ocrx_word' id='word_1_298' title='bbox 837 3372 904 3454; x_wconf 86' lang='lat' dir='ltr'><strong>luit,</strong></span> <span class='ocrx_word' id='word_1_299' title='bbox 940 3379 970 3435; x_wconf 90' lang='lat' dir='ltr'><strong>ut</strong></span> <span class='ocrx_word' id='word_1_300' title='bbox 997 3370 1103 3454; x_wconf 86' lang='lat' dir='ltr'><strong>duplici</strong></span> <span class='ocrx_word' id='word_1_301' title='bbox 1132 3371 1303 3435; x_wconf 76' lang='lat' dir='ltr'><strong>obnectere</strong></span> <span class='ocrx_word' id='word_1_302' title='bbox 1332 3377 1420 3453; x_wconf 88' lang='lat' dir='ltr'><strong>atquc</strong></span> <span class='ocrx_word' id='word_1_303' title='bbox 1447 3379 1563 3434; x_wconf 82' lang='lat' dir='ltr'><strong>tessera</strong></span> 
     </span>
     <span class='ocr_line' id='line_1_30' title="bbox 179 3479 1562 3566; baseline -0.004 -18"><span class='ocrx_word' id='word_1_304' title='bbox 179 3490 307 3548; x_wconf 75' lang='grc' dir='ltr'>ιιιιιιαιιι</span> <span class='ocrx_word' id='word_1_305' title='bbox 336 3492 366 3548; x_wconf 86' lang='lat' dir='ltr'><strong>et</strong></span> <span class='ocrx_word' id='word_1_306' title='bbox 390 3480 622 3560; x_wconf 65' lang='lat' dir='ltr'><strong>mosmale,</strong></span> <span class='ocrx_word' id='word_1_307' title='bbox 651 3482 756 3566; x_wconf 92' lang='lat' dir='ltr'><strong>quibus</strong></span> <span class='ocrx_word' id='word_1_308' title='bbox 784 3484 813 3545; x_wconf 90' lang='lat' dir='ltr'><strong>in</strong></span> <span class='ocrx_word' id='word_1_309' title='bbox 842 3482 996 3564; x_wconf 90' lang='lat' dir='ltr'><strong>Scripturis</strong></span> <span class='ocrx_word' id='word_1_310' title='bbox 1012 3485 1051 3559; x_wconf 85' lang='lat'><strong>⁸⁷,</strong></span> <span class='ocrx_word' id='word_1_311' title='bbox 1081 3482 1327 3563; x_wconf 86' lang='lat' dir='ltr'><strong>monimentisque</strong></span> <span class='ocrx_word' id='word_1_312' title='bbox 1354 3479 1520 3543; x_wconf 84' lang='lat' dir='ltr'><strong>christianis</strong></span> <span class='ocrx_word' id='word_1_313' title='bbox 1535 3483 1562 3513; x_wconf 95' lang='lat'><strong>⁸⁸</strong></span> 
     </span>
     <span class='ocr_line' id='line_1_31' title="bbox 180 3588 1564 3674; baseline -0.004 -16"><span class='ocrx_word' id='word_1_314' title='bbox 180 3594 307 3659; x_wconf 86' lang='lat' dir='ltr'><strong>ecclesia</strong></span> <span class='ocrx_word' id='word_1_315' title='bbox 329 3593 529 3674; x_wconf 75' lang='lat' dir='ltr'><strong>distinguitur,</strong></span> <span class='ocrx_word' id='word_1_316' title='bbox 559 3593 681 3674; x_wconf 88' lang='lat' dir='ltr'><strong>insignis</strong></span> <span class='ocrx_word' id='word_1_317' title='bbox 704 3594 855 3656; x_wconf 88' lang='lat' dir='ltr'><strong>emineret.</strong></span> <span class='ocrx_word' id='word_1_318' title='bbox 898 3590 934 3655; x_wconf 88' lang='lat' dir='ltr'><strong>Et</strong></span> <span class='ocrx_word' id='word_1_319' title='bbox 954 3590 991 3653; x_wconf 86' lang='lat' dir='ltr'><strong>de</strong></span> <span class='ocrx_word' id='word_1_320' title='bbox 1012 3596 1132 3653; x_wconf 81' lang='grc' dir='ltr'>ιιιιιιιιιι</span> <span class='ocrx_word' id='word_1_321' title='bbox 1152 3589 1270 3672; x_wconf 90' lang='lat' dir='ltr'><strong>quidem</strong></span> <span class='ocrx_word' id='word_1_322' title='bbox 1290 3607 1351 3653; x_wconf 92' lang='lat' dir='ltr'><strong>non</strong></span> <span class='ocrx_word' id='word_1_323' title='bbox 1374 3588 1564 3653; x_wconf 76' lang='lat' dir='ltr'><strong>disemismm</strong></span> 
     </span>
    </p>
   </div>
   <div class='ocr_carea' id='block_1_7' title="bbox 180 3800 1563 5045">
    <p class='ocr_par' dir='ltr' id='par_1_10' title="bbox 180 3800 1563 5045">
     <span class='ocr_line' id='line_1_32' title="bbox 242 3800 1562 3881; baseline -0.004 -19"><span class='ocrx_word' id='word_1_324' title='bbox 242 3807 287 3881; x_wconf 91' lang='lat'><strong>⁸⁸)</strong></span> <span class='ocrx_word' id='word_1_325' title='bbox 307 3804 398 3862; x_wconf 88' lang='lat' dir='ltr'><strong>llatth.</strong></span> <span class='ocrx_word' id='word_1_326' title='bbox 420 3804 490 3863; x_wconf 82' lang='lat' dir='ltr'><strong>XVl.</strong></span> <span class='ocrx_word' id='word_1_327' title='bbox 515 3804 560 3862; x_wconf 83' lang='grc'><strong>16.</strong></span> <span class='ocrx_word' id='word_1_328' title='bbox 893 3803 964 3861; x_wconf 83' lang='lat' dir='ltr'><strong>xvi.</strong></span> <span class='ocrx_word' id='word_1_329' title='bbox 985 3802 1033 3877; x_wconf 90' lang='grc'><strong>20,</strong></span> <span class='ocrx_word' id='word_1_330' title='bbox 1054 3803 1116 3859; x_wconf 78' lang='lat' dir='ltr'><strong>Act.</strong></span> <span class='ocrx_word' id='word_1_331' title='bbox 1137 3800 1157 3856; x_wconf 80' lang='lat' dir='ltr'><strong>h</strong></span> <span class='ocrx_word' id='word_1_332' title='bbox 1179 3801 1213 3876; x_wconf 84' lang='grc'><strong>6,</strong></span> <span class='ocrx_word' id='word_1_333' title='bbox 1234 3801 1279 3859; x_wconf 83' lang='lat' dir='ltr'><strong>lx.</strong></span> <span class='ocrx_word' id='word_1_334' title='bbox 1296 3802 1350 3879; x_wconf 76' lang='grc'><strong>15,</strong></span> <span class='ocrx_word' id='word_1_335' title='bbox 1371 3803 1446 3859; x_wconf 82' lang='lat' dir='ltr'><strong>hom.</strong></span> <span class='ocrx_word' id='word_1_336' title='bbox 1465 3802 1498 3858; x_wconf 85' lang='lat' dir='ltr'><strong>x.</strong></span> <span class='ocrx_word' id='word_1_337' title='bbox 1516 3801 1562 3873; x_wconf 83' lang='lat' dir='ltr'><strong>ts,</strong></span> 
     </span>
     <span class='ocr_line' id='line_1_33' title="bbox 243 3907 1183 3987; baseline -0.004 -21"><span class='ocrx_word' id='word_1_338' title='bbox 243 3913 288 3987; x_wconf 88' lang='lat'><strong>⁸¹)</strong></span> <span class='ocrx_word' id='word_1_339' title='bbox 310 3909 371 3968; x_wconf 84' lang='lat' dir='ltr'><strong>huc.</strong></span> <span class='ocrx_word' id='word_1_340' title='bbox 392 3909 474 3967; x_wconf 82' lang='lat' dir='ltr'><strong>xxti.</strong></span> <span class='ocrx_word' id='word_1_341' title='bbox 495 3910 634 3969; x_wconf 85' lang='grc'><strong>31-32.</strong></span> <span class='ocrx_word' id='word_1_342' title='bbox 894 3910 1000 3968; x_wconf 77' lang='lat' dir='ltr'><strong>coloss.</strong></span> <span class='ocrx_word' id='word_1_343' title='bbox 1021 3908 1042 3965; x_wconf 89' lang='lat'><strong>1.</strong></span> <span class='ocrx_word' id='word_1_344' title='bbox 1062 3907 1183 3965; x_wconf 78' lang='lat'><strong>8-23.</strong></span> 
     </span>
     <span class='ocr_line' id='line_1_34' title="bbox 243 4012 1562 4092; baseline -0.005 -18"><span class='ocrx_word' id='word_1_345' title='bbox 243 4018 287 4092; x_wconf 86' lang='lat'><strong>⁸⁸)</strong></span> <span class='ocrx_word' id='word_1_346' title='bbox 307 4017 408 4074; x_wconf 83' lang='lat' dir='ltr'><strong>Placuit</strong></span> <span class='ocrx_word' id='word_1_347' title='bbox 426 4019 496 4073; x_wconf 84' lang='lat' dir='ltr'><strong>enim</strong></span> <span class='ocrx_word' id='word_1_348' title='bbox 515 4018 630 4091; x_wconf 84' lang='lat' dir='ltr'><strong>Christo,</strong></span> <span class='ocrx_word' id='word_1_349' title='bbox 652 4026 681 4075; x_wconf 87' lang='lat' dir='ltr'><strong>nt</strong></span> <span class='ocrx_word' id='word_1_350' title='bbox 700 4020 846 4078; x_wconf 89' lang='lat' dir='ltr'><strong>coniuncti·</strong></span> <span class='ocrx_word' id='word_1_351' title='bbox 956 4017 1002 4091; x_wconf 90' lang='lat'><strong>⁸⁸)</strong></span> <span class='ocrx_word' id='word_1_352' title='bbox 1023 4015 1144 4072; x_wconf 83' lang='lat' dir='ltr'><strong>Clemens</strong></span> <span class='ocrx_word' id='word_1_353' title='bbox 1165 4028 1289 4069; x_wconf 85' lang='lat' dir='ltr'><strong>romanus</strong></span> <span class='ocrx_word' id='word_1_354' title='bbox 1310 4013 1337 4068; x_wconf 90' lang='lat' dir='ltr'><strong>in</strong></span> <span class='ocrx_word' id='word_1_355' title='bbox 1358 4012 1379 4068; x_wconf 93' lang='lat' dir='ltr'><strong>l.</strong></span> <span class='ocrx_word' id='word_1_356' title='bbox 1394 4013 1426 4069; x_wconf 90' lang='lat' dir='ltr'><strong>ad</strong></span> <span class='ocrx_word' id='word_1_357' title='bbox 1441 4012 1562 4069; x_wconf 82' lang='lat' dir='ltr'><strong>Corimh</strong></span> 
     </span>
     <span class='ocr_line' id='line_1_35' title="bbox 180 4117 1562 4197; baseline -0.004 -17"><span class='ocrx_word' id='word_1_358' title='bbox 180 4141 232 4181; x_wconf 85' lang='lat' dir='ltr'><strong>ona</strong></span> <span class='ocrx_word' id='word_1_359' title='bbox 259 4140 317 4179; x_wconf 89' lang='lat' dir='ltr'><strong>cam</strong></span> <span class='ocrx_word' id='word_1_360' title='bbox 344 4124 422 4179; x_wconf 85' lang='lat' dir='ltr'><strong>Patro</strong></span> <span class='ocrx_word' id='word_1_361' title='bbox 451 4125 540 4180; x_wconf 84' lang='lat' dir='ltr'><strong>omnia</strong></span> <span class='ocrx_word' id='word_1_362' title='bbox 568 4124 698 4182; x_wconf 77' lang='lat' dir='ltr'><strong>eeclesiae</strong></span> <span class='ocrx_word' id='word_1_363' title='bbox 727 4125 843 4182; x_wconf 85' lang='lat' dir='ltr'><strong>mambra</strong></span> <span class='ocrx_word' id='word_1_364' title='bbox 894 4123 921 4197; x_wconf 65' lang='grc' dir='ltr'><strong>ς.</strong></span> <span class='ocrx_word' id='word_1_365' title='bbox 943 4121 1040 4189; x_wconf 78' lang='grc' dir='ltr'><strong>ΧΙΝΙ,</strong></span> <span class='ocrx_word' id='word_1_366' title='bbox 1067 4120 1185 4192; x_wconf 82' lang='lat' dir='ltr'><strong>Ignatim</strong></span> <span class='ocrx_word' id='word_1_367' title='bbox 1212 4119 1246 4176; x_wconf 91' lang='lat' dir='ltr'><strong>ad</strong></span> <span class='ocrx_word' id='word_1_368' title='bbox 1272 4119 1372 4176; x_wconf 87' lang='lat' dir='ltr'><strong>Philad.</strong></span> <span class='ocrx_word' id='word_1_369' title='bbox 1398 4117 1425 4191; x_wconf 65' lang='grc' dir='ltr'><strong>ς.</strong></span> <span class='ocrx_word' id='word_1_370' title='bbox 1447 4119 1498 4193; x_wconf 89' lang='lat'><strong>111,</strong></span> <span class='ocrx_word' id='word_1_371' title='bbox 1527 4119 1562 4175; x_wconf 86' lang='lat' dir='ltr'><strong>ad</strong></span> 
     </span>
     <span class='ocr_line' id='line_1_36' title="bbox 180 4223 1563 4301; baseline -0.004 -15"><span class='ocrx_word' id='word_1_372' title='bbox 180 4230 305 4286; x_wconf 79' lang='lat' dir='ltr'><strong>invictam</strong></span> <span class='ocrx_word' id='word_1_373' title='bbox 326 4231 503 4286; x_wconf 83' lang='lat' dir='ltr'><strong>constantiam</strong></span> <span class='ocrx_word' id='word_1_374' title='bbox 523 4232 745 4287; x_wconf 76' lang='lat' dir='ltr'><strong>naocmcerentcr.</strong></span> <span class='ocrx_word' id='word_1_375' title='bbox 894 4229 1000 4300; x_wconf 68' lang='lat' dir='ltr'><strong>Surum.</strong></span> <span class='ocrx_word' id='word_1_376' title='bbox 1021 4225 1066 4300; x_wconf 63' lang='lat' dir='ltr'><strong>ss.</strong></span> <span class='ocrx_word' id='word_1_377' title='bbox 1079 4225 1189 4301; x_wconf 78' lang='lat' dir='ltr'><strong>l-vlt,</strong></span> <span class='ocrx_word' id='word_1_378' title='bbox 1210 4225 1244 4282; x_wconf 88' lang='lat' dir='ltr'><strong>ad</strong></span> <span class='ocrx_word' id='word_1_379' title='bbox 1264 4224 1362 4298; x_wconf 86' lang='lat' dir='ltr'><strong>Ephes.</strong></span> <span class='ocrx_word' id='word_1_380' title='bbox 1385 4223 1484 4299; x_wconf 77' lang='lat' dir='ltr'>§.1v3</span> <span class='ocrx_word' id='word_1_381' title='bbox 1503 4223 1563 4280; x_wconf 82' lang='lat' dir='ltr'><strong>Cle·</strong></span> 
     </span>
     <span class='ocr_line' id='line_1_37' title="bbox 242 4330 1560 4409; baseline -0.004 -17"><span class='ocrx_word' id='word_1_382' title='bbox 242 4335 287 4409; x_wconf 81' lang='lat'><strong>⁸⁸)</strong></span> <span class='ocrx_word' id='word_1_383' title='bbox 306 4336 368 4392; x_wconf 85' lang='lat' dir='ltr'><strong>lob.</strong></span> <span class='ocrx_word' id='word_1_384' title='bbox 389 4335 459 4393; x_wconf 78' lang='lat' dir='ltr'><strong>xxi.</strong></span> <span class='ocrx_word' id='word_1_385' title='bbox 483 4335 528 4393; x_wconf 83' lang='lat'><strong>15.</strong></span> <span class='ocrx_word' id='word_1_386' title='bbox 550 4351 626 4408; x_wconf 83' lang='lat' dir='ltr'><strong>seqq.</strong></span> <span class='ocrx_word' id='word_1_387' title='bbox 895 4348 968 4389; x_wconf 77' lang='lat' dir='ltr'><strong>neas</strong></span> <span class='ocrx_word' id='word_1_388' title='bbox 1001 4330 1187 4389; x_wconf 82' lang='lat' dir='ltr'><strong>alexandrinus</strong></span> <span class='ocrx_word' id='word_1_389' title='bbox 1215 4331 1330 4403; x_wconf 84' lang='lat' dir='ltr'><strong>Pacdag.</strong></span> <span class='ocrx_word' id='word_1_390' title='bbox 1358 4330 1405 4385; x_wconf 89' lang='lat' dir='ltr'><strong>lib.</strong></span> <span class='ocrx_word' id='word_1_391' title='bbox 1427 4330 1446 4386; x_wconf 90' lang='grc'><strong>1.</strong></span> <span class='ocrx_word' id='word_1_392' title='bbox 1478 4344 1504 4386; x_wconf 88' lang='grc' dir='ltr'>ιι.</span> <span class='ocrx_word' id='word_1_393' title='bbox 1526 4330 1560 4403; x_wconf 86' lang='grc'><strong>6,</strong></span> 
     </span>
     <span class='ocr_line' id='line_1_38' title="bbox 243 4436 1560 4515; baseline -0.004 -18"><span class='ocrx_word' id='word_1_394' title='bbox 243 4441 288 4515; x_wconf 84' lang='lat'><strong>⁸⁸)</strong></span> <span class='ocrx_word' id='word_1_395' title='bbox 310 4440 372 4499; x_wconf 85' lang='lat' dir='ltr'><strong>hac.</strong></span> <span class='ocrx_word' id='word_1_396' title='bbox 392 4441 475 4499; x_wconf 67' lang='lat' dir='ltr'><strong>xxti,</strong></span> <span class='ocrx_word' id='word_1_397' title='bbox 496 4440 544 4497; x_wconf 95' lang='grc'><strong>26.</strong></span> <span class='ocrx_word' id='word_1_398' title='bbox 895 4439 1023 4495; x_wconf 77' lang='lat' dir='ltr'><strong>stromat</strong></span> <span class='ocrx_word' id='word_1_399' title='bbox 1048 4437 1095 4494; x_wconf 90' lang='lat' dir='ltr'><strong>lib.</strong></span> <span class='ocrx_word' id='word_1_400' title='bbox 1117 4437 1174 4493; x_wconf 84' lang='lat' dir='ltr'><strong>vu.</strong></span> <span class='ocrx_word' id='word_1_401' title='bbox 1202 4454 1228 4493; x_wconf 88' lang='grc' dir='ltr'><strong>ι.</strong></span> <span class='ocrx_word' id='word_1_402' title='bbox 1251 4436 1304 4511; x_wconf 76' lang='lat'><strong>173</strong></span> <span class='ocrx_word' id='word_1_403' title='bbox 1331 4436 1506 4494; x_wconf 74' lang='lat' dir='ltr'><strong>Tamalliaona</strong></span> <span class='ocrx_word' id='word_1_404' title='bbox 1525 4436 1560 4493; x_wconf 87' lang='lat' dir='ltr'><strong>da</strong></span> 
     </span>
     <span class='ocr_line' id='line_1_39' title="bbox 243 4542 1559 4622; baseline -0.005 -18"><span class='ocrx_word' id='word_1_405' title='bbox 243 4545 288 4622; x_wconf 77' lang='lat'><strong>⁸³)</strong></span> <span class='ocrx_word' id='word_1_406' title='bbox 307 4564 351 4604; x_wconf 86' lang='lat' dir='ltr'><strong>an.</strong></span> <span class='ocrx_word' id='word_1_407' title='bbox 373 4546 499 4604; x_wconf 78' lang='grc'><strong>72-79</strong></span> <span class='ocrx_word' id='word_1_408' title='bbox 520 4554 548 4604; x_wconf 84' lang='lat' dir='ltr'><strong>et</strong></span> <span class='ocrx_word' id='word_1_409' title='bbox 566 4564 610 4604; x_wconf 89' lang='lat' dir='ltr'><strong>nn.</strong></span> <span class='ocrx_word' id='word_1_410' title='bbox 632 4547 698 4604; x_wconf 88' lang='grc'><strong>268.</strong></span> <span class='ocrx_word' id='word_1_411' title='bbox 720 4562 794 4618; x_wconf 84' lang='lat' dir='ltr'><strong>seqq.</strong></span> <span class='ocrx_word' id='word_1_412' title='bbox 895 4546 1062 4618; x_wconf 79' lang='lat' dir='ltr'><strong>Pnescriptt</strong></span> <span class='ocrx_word' id='word_1_413' title='bbox 1084 4560 1141 4618; x_wconf 84' lang='lat' dir='ltr'><strong>cap.</strong></span> <span class='ocrx_word' id='word_1_414' title='bbox 1158 4543 1216 4617; x_wconf 83' lang='lat' dir='ltr'><strong>xx,</strong></span> <span class='ocrx_word' id='word_1_415' title='bbox 1237 4542 1360 4599; x_wconf 85' lang='lat' dir='ltr'><strong>lrcaaeus</strong></span> <span class='ocrx_word' id='word_1_416' title='bbox 1374 4542 1436 4599; x_wconf 82' lang='lat' dir='ltr'><strong>adv.</strong></span> <span class='ocrx_word' id='word_1_417' title='bbox 1450 4542 1559 4598; x_wconf 74' lang='lat' dir='ltr'><strong>llacrcn</strong></span> 
     </span>
     <span class='ocr_line' id='line_1_40' title="bbox 245 4646 1559 4727; baseline -0.007 -16"><span class='ocrx_word' id='word_1_418' title='bbox 245 4650 289 4727; x_wconf 78' lang='lat'><strong>¹⁸)</strong></span> <span class='ocrx_word' id='word_1_419' title='bbox 309 4653 370 4711; x_wconf 84' lang='lat' dir='ltr'><strong>lob.</strong></span> <span class='ocrx_word' id='word_1_420' title='bbox 391 4653 462 4711; x_wconf 86' lang='lat' dir='ltr'><strong>xvi.</strong></span> <span class='ocrx_word' id='word_1_421' title='bbox 487 4652 568 4709; x_wconf 91' lang='grc'><strong>16-</strong></span> <span class='ocrx_word' id='word_1_422' title='bbox 577 4652 622 4709; x_wconf 80' lang='lat' dir='ltr'><strong>ll.</strong></span> <span class='ocrx_word' id='word_1_423' title='bbox 895 4651 942 4708; x_wconf 90' lang='lat' dir='ltr'><strong>lib.</strong></span> <span class='ocrx_word' id='word_1_424' title='bbox 956 4650 1002 4706; x_wconf 84' lang='lat' dir='ltr'><strong>iv.</strong></span> <span class='ocrx_word' id='word_1_425' title='bbox 1017 4667 1076 4724; x_wconf 89' lang='lat' dir='ltr'><strong>cap.</strong></span> <span class='ocrx_word' id='word_1_426' title='bbox 1091 4648 1186 4705; x_wconf 79' lang='lat' dir='ltr'>XXVI.</span> <span class='ocrx_word' id='word_1_427' title='bbox 1201 4666 1226 4704; x_wconf 88' lang='lat' dir='ltr'><strong>a.</strong></span> <span class='ocrx_word' id='word_1_428' title='bbox 1238 4647 1265 4722; x_wconf 94' lang='grc'><strong>2,</strong></span> <span class='ocrx_word' id='word_1_429' title='bbox 1288 4647 1418 4720; x_wconf 74' lang='lat' dir='ltr'><strong>Origenes</strong></span> <span class='ocrx_word' id='word_1_430' title='bbox 1433 4648 1460 4703; x_wconf 88' lang='lat' dir='ltr'><strong>in</strong></span> <span class='ocrx_word' id='word_1_431' title='bbox 1474 4646 1559 4703; x_wconf 81' lang='lat' dir='ltr'><strong>bavit</strong></span> 
     </span>
     <span class='ocr_line' id='line_1_41' title="bbox 243 4743 1559 4833; baseline -0.006 -17"><span class='ocrx_word' id='word_1_432' title='bbox 243 4758 288 4832; x_wconf 88' lang='lat'><strong>⁸⁷)</strong></span> <span class='ocrx_word' id='word_1_433' title='bbox 307 4758 368 4816; x_wconf 86' lang='lat' dir='ltr'><strong>lob.</strong></span> <span class='ocrx_word' id='word_1_434' title='bbox 382 4759 416 4817; x_wconf 84' lang='lat' dir='ltr'><strong>x.</strong></span> <span class='ocrx_word' id='word_1_435' title='bbox 433 4758 479 4833; x_wconf 89' lang='grc'><strong>16,</strong></span> <span class='ocrx_word' id='word_1_436' title='bbox 499 4758 582 4815; x_wconf 86' lang='lat' dir='ltr'><strong>xvu.</strong></span> <span class='ocrx_word' id='word_1_437' title='bbox 599 4757 726 4829; x_wconf 82' lang='grc'><strong>20-26,</strong></span> <span class='ocrx_word' id='word_1_438' title='bbox 747 4757 845 4814; x_wconf 81' lang='lat' dir='ltr'><strong>LCor.</strong></span> <span class='ocrx_word' id='word_1_439' title='bbox 894 4755 1024 4813; x_wconf 77' lang='lat' dir='ltr'><strong>bomlll.</strong></span> <span class='ocrx_word' id='word_1_440' title='bbox 1038 4772 1064 4811; x_wconf 86' lang='lat' dir='ltr'><strong>a.</strong></span> <span class='ocrx_word' id='word_1_441' title='bbox 1076 4743 1107 4829; x_wconf 71' lang='grc' dir='ltr'><strong>Β,</strong></span> <span class='ocrx_word' id='word_1_442' title='bbox 1127 4753 1260 4811; x_wconf 78' lang='lat' dir='ltr'><strong>Eusebius</strong></span> <span class='ocrx_word' id='word_1_443' title='bbox 1281 4756 1308 4810; x_wconf 90' lang='lat' dir='ltr'><strong>io</strong></span> <span class='ocrx_word' id='word_1_444' title='bbox 1328 4750 1559 4827; x_wconf 67' lang='lat' dir='ltr'><strong>dclxxxvii,</strong></span> 
     </span>
     <span class='ocr_line' id='line_1_42' title="bbox 180 4858 1557 4938; baseline -0.007 -15"><span class='ocrx_word' id='word_1_445' title='bbox 180 4863 238 4923; x_wconf 85' lang='lat' dir='ltr'><strong>llll.</strong></span> <span class='ocrx_word' id='word_1_446' title='bbox 258 4863 304 4922; x_wconf 85' lang='grc'><strong>12.</strong></span> <span class='ocrx_word' id='word_1_447' title='bbox 321 4881 412 4938; x_wconf 81' lang='lat' dir='ltr'><strong>seqq,</strong></span> <span class='ocrx_word' id='word_1_448' title='bbox 432 4864 531 4938; x_wconf 83' lang='lat' dir='ltr'><strong>Ephes.</strong></span> <span class='ocrx_word' id='word_1_449' title='bbox 548 4864 580 4921; x_wconf 79' lang='lat' dir='ltr'><strong>lh</strong></span> <span class='ocrx_word' id='word_1_450' title='bbox 598 4863 730 4936; x_wconf 75' lang='grc'><strong>14-22,</strong></span> <span class='ocrx_word' id='word_1_451' title='bbox 750 4863 795 4920; x_wconf 85' lang='lat' dir='ltr'><strong>iv.</strong></span> <span class='ocrx_word' id='word_1_452' title='bbox 818 4867 844 4921; x_wconf 86' lang='lat' dir='ltr'><strong>b.</strong></span> <span class='ocrx_word' id='word_1_453' title='bbox 894 4861 1008 4935; x_wconf 73' lang='lat' dir='ltr'><strong>cyrillus</strong></span> <span class='ocrx_word' id='word_1_454' title='bbox 1022 4859 1218 4931; x_wconf 68' lang='lat' dir='ltr'><strong>hierosolymit</strong></span> <span class='ocrx_word' id='word_1_455' title='bbox 1234 4859 1342 4917; x_wconf 79' lang='lat' dir='ltr'><strong>Catcch</strong></span> <span class='ocrx_word' id='word_1_456' title='bbox 1355 4858 1451 4917; x_wconf 80' lang='lat' dir='ltr'><strong>XVllb</strong></span> <span class='ocrx_word' id='word_1_457' title='bbox 1470 4875 1498 4915; x_wconf 86' lang='lat' dir='ltr'><strong>n.</strong></span> <span class='ocrx_word' id='word_1_458' title='bbox 1510 4858 1557 4929; x_wconf 83' lang='grc'><strong>26,</strong></span> 
     </span>
     <span class='ocr_line' id='line_1_43' title="bbox 181 4963 1512 5045; baseline -0.005 -18"><span class='ocrx_word' id='word_1_459' title='bbox 181 4969 241 5031; x_wconf 85' lang='lat' dir='ltr'><strong>coll·</strong></span> <span class='ocrx_word' id='word_1_460' title='bbox 263 4969 283 5029; x_wconf 81' lang='lat' dir='ltr'><strong>l</strong></span> <span class='ocrx_word' id='word_1_461' title='bbox 302 4968 401 5026; x_wconf 79' lang='lat' dir='ltr'><strong>Conl.</strong></span> <span class='ocrx_word' id='word_1_462' title='bbox 422 4969 473 5045; x_wconf 90' lang='grc'><strong>16,</strong></span> <span class='ocrx_word' id='word_1_463' title='bbox 502 4969 563 5029; x_wconf 85' lang='lat' dir='ltr'><strong>buc.</strong></span> <span class='ocrx_word' id='word_1_464' title='bbox 582 4968 676 5026; x_wconf 81' lang='lat' dir='ltr'>XXIV.</span> <span class='ocrx_word' id='word_1_465' title='bbox 690 4968 741 5044; x_wconf 78' lang='grc'><strong>41,</strong></span> <span class='ocrx_word' id='word_1_466' title='bbox 764 4970 844 5029; x_wconf 83' lang='lat' dir='ltr'><strong>llarc.</strong></span> <span class='ocrx_word' id='word_1_467' title='bbox 894 4974 921 5025; x_wconf 88' lang='lat' dir='ltr'><strong>ct</strong></span> <span class='ocrx_word' id='word_1_468' title='bbox 940 4966 1067 5023; x_wconf 83' lang='lat' dir='ltr'><strong>Pacianua</strong></span> <span class='ocrx_word' id='word_1_469' title='bbox 1089 4965 1123 5025; x_wconf 80' lang='lat' dir='ltr'><strong>ad</strong></span> <span class='ocrx_word' id='word_1_470' title='bbox 1143 4964 1284 5041; x_wconf 73' lang='lat' dir='ltr'><strong>Spmpron.</strong></span> <span class='ocrx_word' id='word_1_471' title='bbox 1306 4967 1384 5040; x_wconf 86' lang='lat' dir='ltr'><strong>epist.</strong></span> <span class='ocrx_word' id='word_1_472' title='bbox 1400 4965 1420 5024; x_wconf 89' lang='lat' dir='ltr'><strong>l.</strong></span> <span class='ocrx_word' id='word_1_473' title='bbox 1440 4981 1468 5025; x_wconf 84' lang='grc' dir='ltr'>ιι.</span> <span class='ocrx_word' id='word_1_474' title='bbox 1484 4963 1512 5021; x_wconf 77' lang='lat' dir='ltr'><strong>l.</strong></span> 
     </span>
    </p>
   </div>
   <div class='ocr_carea' id='block_1_8' title="bbox 0 0 1669 5402">
    <p class='ocr_par' dir='ltr' id='par_1_11' title="bbox 0 0 1669 5402">
     <span class='ocr_line' id='line_1_44' title="bbox 0 0 1669 5402; baseline 0 0"><span class='ocrx_word' id='word_1_475' title='bbox 0 0 1669 5402; x_wconf 95' lang='lat' dir='ltr'><strong> </strong></span> 
     </span>
    </p>
   </div>
  </div>
 </body>
</html>
