3358 5400
233 341 295 405 242
753 340 885 411 utum
925 336 1091 407 PRIMUS

232 507 368 590 exemplo
394 505 428 569 li
457 513 566 570 numm
594 506 732 592 vetuerit,
758 517 791 574 ot
816 510 947 594 retiquns
974 508 1096 573 induens
1123 527 1160 573 ee
1190 511 1284 593 ipsum
1308 529 1425 594 quoque
1448 509 1616 575 Bnrnebm

233 619 364 701 gentium
391 615 552 697 epostnium
580 616 617 680 ed
638 619 833 701 suimetipsius
860 620 1050 683 imitationem
1073 622 1252 703 peruenerit
1293 620 1491 685 immutandos
1513 628 1614 684 eutem

232 727 389 800 πολιτείας
416 724 523 807 duplex
549 725 590 789 ilii
617 728 691 789 retio
718 726 822 808 ediuit,
849 727 989 793 adventus
1018 731 1141 812 primum
1162 730 1354 812 quorumdem
1379 731 1551 795 indecorum
1574 748 1617 794 ex

232 837 360 902 ecclesie
380 834 638 919 hierosolymitano
658 826 799 917 fideliumj
819 839 868 919 qui
882 842 1012 920 gentium
1027 840 1190 911 libertatem
1212 842 1381 922 aegerrime
1394 844 1437 875 ¹⁴⁸
1457 839 1614 921 ierebeut3

231 949 319 1011 umor
340 944 446 1011 deinde
469 964 527 1028 qun
550 945 603 1009 fuit
623 946 736 1009 illorum
756 965 862 1011 neusse
882 956 1043 1031 ennepius.
1086 948 1170 1024 Quod
1189 958 1368 1031 postremum
1387 949 1493 1014 Peuins
1513 948 1612 1028 ebert

231 1056 383 1139 inquiens:
414 1053 617 1144 φοβούμενος
644 1051 718 1131 τούς
739 1061 774 1120 ἐκ
791 1060 965 1142 περιτομῆς.
1009 1058 1068 1123 Sed
1089 1059 1159 1140 quid
1180 1058 1255 1123 been
1276 1062 1394 1142 proprie
1413 1059 1468 1123 sibi
1490 1055 1612 1122 volenti

230 1166 363 1230 istudne
385 1165 463 1249 quod
484 1166 585 1231 Penus
605 1164 666 1229 ethi
686 1188 707 1229 a
735 1166 855 1230 inducte
879 1165 1029 1231 timueriti
1056 1167 1221 1231 huiusmodi
1241 1170 1441 1252 interpretatio
1466 1177 1496 1233 et
1514 1169 1552 1232 eb
1575 1168 1612 1231 iis

230 1285 277 1342 est
297 1277 475 1341 alienissime
489 1278 532 1311 ¹⁴⁹
556 1296 631 1359 quee
653 1277 690 1340 de
709 1276 788 1340 Petri
808 1279 1137 1357 commonuerimus,
1166 1284 1196 1340 et
1215 1297 1233 1341 e
1253 1277 1386 1343 Patribus
1403 1282 1446 1314 ¹⁵⁰
1468 1279 1609 1357 reiicitm,

230 1395 260 1451 et
281 1405 347 1451 cnm
369 1394 512 1469 potestate
534 1387 692 1451 verborum
709 1387 789 1450 nullo
811 1391 1081 1452 necessariorem
1102 1387 1250 1451 eobeeret.
1292 1388 1369 1451 Nihil
1391 1389 1469 1451 enirn
1489 1386 1613 1468 impetiit

229 1499 384 1580 quominus
402 1497 540 1580 phrnsim,
561 1496 763 1582 φοβούμενος
782 1490 856 1573 τούς
875 1502 911 1561 ἐκ
932 1499 1108 1581 περιτομῆς,
1129 1496 1296 1578 reddemus,
1318 1505 1426 1561 iterem
1442 1502 1492 1574 iio,
1513 1497 1610 1578 iisqne

228 1609 410 1690 prospiciens
432 1611 482 1690 qui
502 1628 541 1673 ex
562 1607 705 1672 iudeismo
724 1606 762 1670 od
776 1607 1020 1671 christianismum
1042 1614 1238 1671 eenesserent.
1280 1606 1343 1671 line
1363 1607 1504 1690 proiecto
1517 1623 1611 1670 sensu

228 1717 307 1782 idem
330 1717 484 1783 Postumio
506 1717 611 1781 endem
641 1718 764 1801 epistole
780 1720 820 1753 ¹⁵¹
847 1717 885 1782 de
907 1720 1067 1799 semetipso
1088 1715 1202 1781 scribit:
1234 1713 1515 1802 φοβοῦμαιύμᾶς.
1558 1714 1608 1777 An

115 1860 117 1863 ·
228 1829 284 1893 sibi
304 1828 408 1893 Penius
429 1827 565 1910 eguistis
579 1826 721 1892 timebott
743 1831 832 1892 immo
850 1826 1113 1912 propterpnintee
1133 1826 1262 1907 timebet,
1283 1835 1314 1890 et
1334 1824 1501 1912 φοβοῦμαι
1521 1822 1608 1906 ὑμᾶς

228 1939 306 2004 idem
325 1939 413 2021 plene
431 1936 507 2001 velet
526 1956 562 2000 ee
581 1934 746 2020 φοβοῦμαι
766 1937 811 2001 δι’
831 1934 927 2020 ὑμᾶς,
951 1947 1079 2002 vestrum
1096 1955 1202 2002 neusse
1221 1938 1253 2000 in
1271 1938 1374 2001 timore
1396 1952 1508 2002 versem
1538 1932 1607 1997 Non

228 2050 304 2115 mele
321 2052 364 2085 ¹⁸²
385 2048 502 2130 lioppe,
528 2055 682 2123 nuetneno,
711 2069 750 2110 ne
771 2044 811 2109 nb
831 2053 871 2110 tte
892 2048 1033 2113 desertos
1059 2048 1217 2133 religionis
1237 2054 1389 2111 αοιοίοιιο
1408 2051 1529 2110 nomme
1556 2039 1608 2106 nt

228 2166 430 2236 treeteretur3
451 2165 481 2220 et
497 2159 539 2192 ¹⁵³
563 2156 777 2237 Rosenmttiier,
799 2164 937 2221 metuere
957 2180 996 2221 ne
1016 2155 1201 2222 ebrtettnnnr
1221 2180 1264 2221 εο-
1284 2158 1404 2222 tuende
1425 2152 1606 2239 offendnet,

228 2277 258 2334 et
278 2269 322 2333 nd
336 2289 467 2350 prorsus
494 2267 695 2331 &sermonen
714 2265 889 2350 religionem
913 2264 1114 2331 christianam
1138 2266 1328 2332 sollicitaret.
1372 2268 1495 2330 Ceritnte
1516 2264 1607 2346 igitur

226 2386 309 2445 ectus
329 2378 432 2443 Petrus
453 2396 471 2442 e
492 2379 628 2442 eonvinm
647 2395 683 2440 se
704 2376 854 2458 gentilium
875 2376 1018 2456 subdunt,
1046 2384 1076 2440 et
1095 2377 1228 2442 iberum
1251 2397 1307 2460 que
1328 2379 1370 2442 uti
1389 2383 1512 2460 poterut,
1533 2392 1605 2456 quie·

226 2509 283 2572 que
305 2507 376 2553 usus
397 2495 483 2552 entee
502 2486 606 2567 bremt,
628 2505 662 2549 se
682 2488 814 2568 priserit,
836 2505 876 2549 ne
897 2486 1002 2549 iretres
1023 2485 1118 2550 adhue
1138 2488 1277 2566 infirmos,
1299 2487 1472 2568 molliusque
1492 2484 1605 2549 heben-

226 2598 281 2663 dns
302 2597 476 2663 offenderet.
518 2597 550 2659 id
566 2597 702 2659 nimirum
723 2597 816 2679 gessit
837 2594 916 2678 quod
937 2594 993 2658 sibi
1005 2594 1094 2660 &um
1109 2617 1177 2662 esse
1193 2597 1297 2661 Penius
1317 2597 1477 2662 decierevit
1491 2598 1534 2631 ¹⁸⁴
1557 2592 1604 2658 b‘u

225 2709 338 2773 verbis:
381 2709 502 2789 Διόπερ
524 2709 552 2770 εὶ
571 2703 689 2789 βρῶμα
710 2704 911 2783 σκανδαλίζει
937 2702 991 2768 τὸν
1010 2702 1151 2791 ἀδελφόν
1171 2727 1250 2789 μου,
1279 2705 1319 2771 οὐ
1346 2700 1390 2789 μὴ
1409 2705 1508 2793 φάγοι
1527 2708 1604 2786 κρέα

94 2866 98 2875 .
224 2823 270 2895 εὶς
288 2818 344 2884 τὸν
364 2820 485 2894 etimne,
511 2815 564 2881 iun
583 2814 626 2898 pri
648 2813 703 2879 τὸν
720 2812 862 2901 ἀδελφόν
882 2837 946 2898 μου
967 2815 1178 2881 σκανδαλίσω.
1220 2816 1516 2892 nuceriensem
1533 2834 1601 2894 pro

220 2935 364 3012 portium
385 2935 639 3007 mentionemque
659 2925 831 3007 reseremus,
854 2924 965 2990 leuderi
986 2927 1105 2990 omnino
1127 2925 1244 3007 nehem
1266 2929 1346 3008 cnrpi
1365 2922 1602 3008 reprehendique

224 3058 285 3104 unu
305 3047 436 3123 possunt

331 3156 401 3214 316.
443 3149 542 3232 Pergit
562 3156 661 3211 temen
681 3145 799 3227 Penius,
828 3154 858 3208 et
879 3146 948 3227 quid
969 3146 1082 3209 nnnsiiii
1103 3147 1214 3228 ceperit
1234 3145 1365 3209 deeieret
1381 3150 1434 3227 ¹⁸⁸,
1456 3144 1599 3210 subdens:

222 3259 306 3325 Ἀλλ’
332 3256 513 3336 stretton,
541 3257 589 3323 δἐι
616 3256 675 3321 ούκ
703 3246 924 3338 ὀρθοποδοῦσι
951 3255 1031 3336 πρὸς
1056 3250 1111 3333 τήν
1137 3253 1296 3332 ἀλήθειαν
1322 3258 1378 3319 τοῦ
1405 3252 1598 3338 εὐαγγελίου,

222 3367 313 3435 εἶπον
333 3372 381 3454 epi
399 3369 517 3455 Πέτρῳ
538 3366 723 3453 ἔμπροσθεν
743 3363 879 3430 πάντων.
923 3364 997 3438 nott
1018 3372 1064 3427 est
1085 3364 1163 3446 quod
1184 3365 1278 3447 eudio,
1303 3365 1422 3448 obliquo
1444 3366 1521 3448 pede
1540 3383 1598 3428 une
1666 3420 1667 3425 ,

221 3500 289 3544 eum
310 3481 430 3562 reliquis
447 3478 563 3542 Petrum
584 3477 752 3556 incessisse,
776 3482 806 3539 et
827 3491 959 3538 enorme
974 3475 1165 3557 evangeliceo
1179 3477 1309 3540 veritatis
1327 3473 1504 3541 ebenessei
1529 3474 1597 3557 quid
1665 3468 1666 3531 i

221 3589 307 3671 iilud,
335 3590 413 3672 quod
432 3588 547 3652 Petrum
577 3607 677 3651 comm
702 3586 836 3650 omnibus
858 3584 961 3649 Peulus
988 3583 1273 3650 commonefeceriti
1300 3606 1338 3650 en
1360 3586 1490 3651 doctrine
1510 3604 1597 3668 quern

219 3699 349 3764 traderet
376 3719 393 3763 e
419 3706 502 3761 reetn
531 3697 677 3780 evangeiii
704 3698 819 3762 tremite
846 3695 948 3759 Petrus
975 3693 1131 3759 discessit?
1169 3698 1248 3778 etqui
1276 3699 1347 3761 nihii
1375 3697 1507 3761 docebat
1547 3696 1597 3760 An

220 3811 369 3892 proposito
397 3810 543 3891 enimique
569 3804 749 3871 intentionei
776 3806 830 3869 sed
857 3804 931 3866 been
959 3803 1075 3867 leudem
1103 3805 1307 3888 merebuntur,
1335 3816 1366 3872 et
1394 3824 1596 3891 quaecumque

220 3917 337 3982 tendem
358 3917 470 3999 forent,
502 3936 602 3998 nequo
624 3924 747 3980 noverat
766 3916 814 3979 iiie
836 3914 940 3979 Penius
960 3932 1056 3996 neque
1079 3914 1205 3981 videbat
1246 3918 1352 3983 Scribit
1372 3927 1467 3982 entem
1489 3934 1523 3981 se
1542 3914 1596 3979 Pe·

219 4036 295 4091 trum
311 4028 456 4092 iudicasse
471 4028 596 4107 devium,
612 4035 642 4091 et
655 4028 697 4091 iili
711 4044 814 4089 eorum
829 4042 932 4090 neusse
946 4027 1090 4090 restitisse
1107 4045 1182 4107 quoe
1200 4027 1324 4109 videbat
1345 4027 1417 4093 ἀλλ’
1430 4026 1481 4090 bie
1499 4020 1594 4089 εἶδον.
1658 4088 1660 4145 p

326 4136 390 4201 Duo
411 4146 507 4202 eutem
529 4138 608 4218 vidit,
630 4157 665 4201 ee
686 4138 816 4218 inprimis
834 4135 905 4199 vidit
921 4135 1036 4198 Petrum
1057 4156 1074 4200 e
1094 4136 1213 4218 pristine
1235 4137 1353 4201 vivendi
1374 4137 1507 4201 libertete
1528 4134 1595 4198 iden

219 4246 422 4329 abstinentem,
443 4257 475 4313 nt
496 4248 614 4312 iretnnn
637 4247 792 4311 infirmitati
804 4246 1001 4328 pmspiceret:
1022 4254 1082 4309 tum
1104 4246 1174 4310 vidit
1189 4247 1320 4329 reliquos
1333 4247 1464 4329 iudaeos,
1486 4247 1593 4327 ipsum·
1656 4258 1659 4305 ι

284 4447 344 4523 ¹⁴⁸)
364 4448 425 4504 Aet
445 4446 515 4504 xiil.
539 4446 584 4503 ii.
604 4461 679 4518 seqq.
994 4448 1054 4522 ¹³¹)
1076 4446 1161 4503 Gelet
1182 4445 1227 4502 iv.
1254 4445 1300 4502 11.

283 4554 343 4630 ¹⁴⁹)
364 4552 442 4622 Quod
462 4553 669 4623 chrysostomus
696 4551 810 4624 qnodm
835 4567 882 4606 ve-
976 4562 1054 4678 m)

219 4659 267 4715 teti
285 4659 459 4743 ¹eloquentiae
485 4659 592 4715 flumine
618 4657 782 4714 demonstret
801 4657 829 4713 in
848 4672 880 4713 ee

218 4781 297 4838 οοεοι
327 4781 409 4838 saepe
441 4766 646 4823 memoravimus
675 4762 802 4838 bomilia,
835 4779 879 4818 un.
994 4761 1055 4836 ¹⁸³)
1076 4761 1106 4819 in
1124 4763 1235 4821 rebeliis
1256 4762 1291 4821 eri
1310 4763 1336 4818 b.
1356 4763 1374 4818 Ι.

216 4871 245 4928 4.
265 4887 340 4946 seq.

282 4889 343 5053 ¹⁸3)
369 4977 403 5034 Ut
422 4977 528 5035 iilomm
548 4992 616 5049 queo
640 4976 776 5033 retulimus
802 4974 880 5031 testi
993 4920 1052 4995 ne)
1071 4920 1092 4977 ι
1114 4922 1176 4980 ευτ’
1196 4920 1267 4979 vm‘
1288 4916 1335 4977 ¹3⁸

217 5087 319 5163 menie,
339 5084 476 5161 preeeiere
496 5083 645 5142 esuriunt
991 5079 1050 5155 ΙΝ)
1070 5080 1156 5139 neue
1175 5078 1209 5140 it.
1231 5078 1278 5141 ii.

1075 4602 1118 4659 tt
1139 4604 1224 4662 Geiet.
1245 4605 1277 4660 it.
1300 4603 1346 4661 tu.
