<?xml version="1.0" encoding="UTF-8"?>
<!DOCTYPE html PUBLIC "-//W3C//DTD XHTML 1.0 Transitional//EN"
    "http://www.w3.org/TR/xhtml1/DTD/xhtml1-transitional.dtd">
<html xmlns="http://www.w3.org/1999/xhtml" xml:lang="en" lang="en">
 <head>
  <title>
</title>
<meta http-equiv="Content-Type" content="text/html;charset=utf-8" />
  <meta name='ocr-system' content='tesseract 3.04.00' />
  <meta name='ocr-capabilities' content='ocr_page ocr_carea ocr_par ocr_line ocrx_word'/>
</head>
<body>
  <div class='ocr_page' id='page_1' title='image "./commentariusdep00passgoog_0199.png"; bbox 0 0 3258 5400; ppageno 0'>
   <div class='ocr_carea' id='block_1_1' title="bbox 588 270 1469 379">
    <p class='ocr_par' dir='ltr' id='par_1_1' title="bbox 588 270 1469 379">
     <span class='ocr_line' id='line_1_1' title="bbox 588 270 1469 379; baseline 0 -41"><span class='ocrx_word' id='word_1_1' title='bbox 588 354 598 379; x_wconf 48' lang='grc' dir='ltr'><em>Ι</em></span> <span class='ocrx_word' id='word_1_2' title='bbox 651 270 796 339; x_wconf 72' lang='lat' dir='ltr'>CAPUT</span> <span class='ocrx_word' id='word_1_3' title='bbox 836 271 912 338; x_wconf 81' lang='lat' dir='ltr'><strong>XX.</strong></span> <span class='ocrx_word' id='word_1_4' title='bbox 1409 274 1469 338; x_wconf 75' lang='lat' dir='ltr'><strong>ist</strong></span> 
     </span>
    </p>
   </div>
   <div class='ocr_carea' id='block_1_2' title="bbox 81 441 1472 3161">
    <p class='ocr_par' dir='ltr' id='par_1_2' title="bbox 81 441 1469 855">
     <span class='ocr_line' id='line_1_2' title="bbox 81 441 1469 526; baseline 0.001 -21"><span class='ocrx_word' id='word_1_5' title='bbox 81 442 202 523; x_wconf 78' lang='lat' dir='ltr'><strong>tendas,</strong></span> <span class='ocrx_word' id='word_1_6' title='bbox 223 441 446 524; x_wconf 89' lang='lat' dir='ltr'><strong>voluntatesque</strong></span> <span class='ocrx_word' id='word_1_7' title='bbox 468 442 659 525; x_wconf 78' lang='lat' dir='ltr'><strong>explorasset.</strong></span> <span class='ocrx_word' id='word_1_8' title='bbox 701 442 852 507; x_wconf 88' lang='lat' dir='ltr'><strong>Noverant</strong></span> <span class='ocrx_word' id='word_1_9' title='bbox 873 443 951 505; x_wconf 91' lang='lat' dir='ltr'><strong>enim</strong></span> <span class='ocrx_word' id='word_1_10' title='bbox 971 461 1069 526; x_wconf 91' lang='lat' dir='ltr'><strong>neque</strong></span> <span class='ocrx_word' id='word_1_11' title='bbox 1092 461 1128 506; x_wconf 93' lang='lat' dir='ltr'><strong>ea</strong></span> <span class='ocrx_word' id='word_1_12' title='bbox 1142 441 1212 525; x_wconf 88' lang='lat' dir='ltr'><strong>lege</strong></span> <span class='ocrx_word' id='word_1_13' title='bbox 1234 460 1378 507; x_wconf 87' lang='lat' dir='ltr'><strong>summam</strong></span> <span class='ocrx_word' id='word_1_14' title='bbox 1398 462 1469 526; x_wconf 92' lang='lat' dir='ltr'><strong>apo·</strong></span> 
     </span>
     <span class='ocr_line' id='line_1_3' title="bbox 83 549 1469 636; baseline 0.001 -23"><span class='ocrx_word' id='word_1_15' title='bbox 83 549 171 614; x_wconf 89' lang='lat' dir='ltr'><strong>stolis</strong></span> <span class='ocrx_word' id='word_1_16' title='bbox 185 550 298 614; x_wconf 78' lang='lat' dir='ltr'><strong>iactam</strong></span> <span class='ocrx_word' id='word_1_17' title='bbox 319 570 336 614; x_wconf 88' lang='lat' dir='ltr'><strong>a</strong></span> <span class='ocrx_word' id='word_1_18' title='bbox 357 551 471 616; x_wconf 87' lang='lat' dir='ltr'><strong>Christo</strong></span> <span class='ocrx_word' id='word_1_19' title='bbox 491 560 680 635; x_wconf 87' lang='lat' dir='ltr'><strong>potestatem,</strong></span> <span class='ocrx_word' id='word_1_20' title='bbox 702 560 735 615; x_wconf 90' lang='lat' dir='ltr'><strong>ut</strong></span> <span class='ocrx_word' id='word_1_21' title='bbox 755 553 802 616; x_wconf 91' lang='lat' dir='ltr'><strong>illa</strong></span> <span class='ocrx_word' id='word_1_22' title='bbox 824 571 980 636; x_wconf 79' lang='lat' dir='ltr'>numquam</span> <span class='ocrx_word' id='word_1_23' title='bbox 1001 554 1056 617; x_wconf 91' lang='lat' dir='ltr'><strong>nisi</strong></span> <span class='ocrx_word' id='word_1_24' title='bbox 1078 552 1205 635; x_wconf 88' lang='lat' dir='ltr'><strong>collegio</strong></span> <span class='ocrx_word' id='word_1_25' title='bbox 1227 555 1375 635; x_wconf 89' lang='lat' dir='ltr'><strong>sociisque</strong></span> <span class='ocrx_word' id='word_1_26' title='bbox 1398 571 1469 616; x_wconf 87' lang='lat' dir='ltr'><strong>con·</strong></span> 
     </span>
     <span class='ocr_line' id='line_1_4' title="bbox 82 660 1469 745; baseline 0.002 -23"><span class='ocrx_word' id='word_1_27' title='bbox 82 660 171 723; x_wconf 85' lang='lat' dir='ltr'><strong>sultis</strong></span> <span class='ocrx_word' id='word_1_28' title='bbox 203 668 369 725; x_wconf 88' lang='lat' dir='ltr'><strong>uterentur:</strong></span> <span class='ocrx_word' id='word_1_29' title='bbox 409 681 505 745; x_wconf 89' lang='lat' dir='ltr'><strong>neque</strong></span> <span class='ocrx_word' id='word_1_30' title='bbox 542 680 610 724; x_wconf 91' lang='lat' dir='ltr'><strong>eum</strong></span> <span class='ocrx_word' id='word_1_31' title='bbox 638 661 729 724; x_wconf 81' lang='lat' dir='ltr'><strong>titisse</strong></span> <span class='ocrx_word' id='word_1_32' title='bbox 760 662 892 744; x_wconf 87' lang='lat' dir='ltr'><strong>Petrum,</strong></span> <span class='ocrx_word' id='word_1_33' title='bbox 932 664 978 725; x_wconf 92' lang='lat' dir='ltr'><strong>cui</strong></span> <span class='ocrx_word' id='word_1_34' title='bbox 1006 662 1152 743; x_wconf 90' lang='lat' dir='ltr'><strong>principes</strong></span> <span class='ocrx_word' id='word_1_35' title='bbox 1180 662 1209 724; x_wconf 93' lang='lat' dir='ltr'><strong>in</strong></span> <span class='ocrx_word' id='word_1_36' title='bbox 1243 661 1469 726; x_wconf 90' lang='lat' dir='ltr'><strong>administranda</strong></span> 
     </span>
     <span class='ocr_line' id='line_1_5' title="bbox 83 767 1245 855; baseline 0.003 -22"><span class='ocrx_word' id='word_1_37' title='bbox 83 769 217 835; x_wconf 90' lang='lat' dir='ltr'><strong>ecclesia</strong></span> <span class='ocrx_word' id='word_1_38' title='bbox 237 778 335 853; x_wconf 89' lang='lat' dir='ltr'><strong>partes</strong></span> <span class='ocrx_word' id='word_1_39' title='bbox 355 773 472 853; x_wconf 89' lang='lat' dir='ltr'><strong>impune</strong></span> <span class='ocrx_word' id='word_1_40' title='bbox 494 767 726 835; x_wconf 72' lang='lat' dir='ltr'><strong>detraherentur.</strong></span> <span class='ocrx_word' id='word_1_41' title='bbox 1239 838 1245 855; x_wconf 73' lang='grc'>,</span> 
     </span>
    </p>

    <p class='ocr_par' dir='ltr' id='par_1_3' title="bbox 84 880 1472 3161">
     <span class='ocr_line' id='line_1_6' title="bbox 195 880 1469 964; baseline 0.002 -21"><span class='ocrx_word' id='word_1_42' title='bbox 195 886 282 943; x_wconf 80' lang='grc' dir='ltr'><strong>237.Ι</strong></span> <span class='ocrx_word' id='word_1_43' title='bbox 308 880 400 955; x_wconf 79' lang='lat' dir='ltr'><strong>Quam</strong></span> <span class='ocrx_word' id='word_1_44' title='bbox 421 880 497 944; x_wconf 90' lang='lat' dir='ltr'><strong>illius</strong></span> <span class='ocrx_word' id='word_1_45' title='bbox 518 881 697 964; x_wconf 75' lang='lat' dir='ltr'><strong>singularem</strong></span> <span class='ocrx_word' id='word_1_46' title='bbox 724 883 928 963; x_wconf 81' lang='lat' dir='ltr'><strong>praestantiam</strong></span> <span class='ocrx_word' id='word_1_47' title='bbox 957 882 1137 945; x_wconf 85' lang='lat' dir='ltr'><strong>demirantur</strong></span> <span class='ocrx_word' id='word_1_48' title='bbox 1163 880 1280 960; x_wconf 86' lang='lat' dir='ltr'><strong>Patres,</strong></span> <span class='ocrx_word' id='word_1_49' title='bbox 1308 890 1338 944; x_wconf 90' lang='lat' dir='ltr'><strong>et</strong></span> <span class='ocrx_word' id='word_1_50' title='bbox 1366 899 1469 945; x_wconf 90' lang='lat' dir='ltr'><strong>eorum</strong></span> 
     </span>
     <span class='ocr_line' id='line_1_7' title="bbox 84 988 1468 1074; baseline 0.001 -22"><span class='ocrx_word' id='word_1_51' title='bbox 84 1008 163 1071; x_wconf 93' lang='lat' dir='ltr'><strong>quae</strong></span> <span class='ocrx_word' id='word_1_52' title='bbox 184 988 336 1052; x_wconf 77' lang='lat' dir='ltr'><strong>retulimus</strong></span> <span class='ocrx_word' id='word_1_53' title='bbox 358 992 524 1070; x_wconf 87' lang='lat' dir='ltr'><strong>occasione,</strong></span> <span class='ocrx_word' id='word_1_54' title='bbox 548 990 772 1074; x_wconf 81' lang='lat' dir='ltr'><strong>Chrysostomus</strong></span> <span class='ocrx_word' id='word_1_55' title='bbox 793 998 824 1053; x_wconf 88' lang='lat' dir='ltr'><strong>et</strong></span> <span class='ocrx_word' id='word_1_56' title='bbox 844 990 1004 1073; x_wconf 84' lang='lat' dir='ltr'><strong>Gregorius</strong></span> <span class='ocrx_word' id='word_1_57' title='bbox 1027 992 1148 1054; x_wconf 90' lang='lat' dir='ltr'><strong>summis</strong></span> <span class='ocrx_word' id='word_1_58' title='bbox 1164 990 1298 1054; x_wconf 86' lang='lat' dir='ltr'><strong>laudibus</strong></span> <span class='ocrx_word' id='word_1_59' title='bbox 1320 991 1468 1055; x_wconf 82' lang='lat' dir='ltr'><strong>extollunt.</strong></span> 
     </span>
     <span class='ocr_line' id='line_1_8' title="bbox 85 1098 1469 1183; baseline 0.003 -22"><span class='ocrx_word' id='word_1_60' title='bbox 85 1098 314 1183; x_wconf 76' lang='lat' dir='ltr'><strong>chrysostomus</strong></span> <span class='ocrx_word' id='word_1_61' title='bbox 334 1102 471 1182; x_wconf 89' lang='lat' dir='ltr'><strong>primum,</strong></span> <span class='ocrx_word' id='word_1_62' title='bbox 494 1102 581 1162; x_wconf 79' lang='lat' dir='ltr'><strong>oui³⁵</strong></span> <span class='ocrx_word' id='word_1_63' title='bbox 605 1103 675 1164; x_wconf 93' lang='lat' dir='ltr'><strong>satis</strong></span> <span class='ocrx_word' id='word_1_64' title='bbox 696 1120 755 1164; x_wconf 93' lang='lat' dir='ltr'><strong>non</strong></span> <span class='ocrx_word' id='word_1_65' title='bbox 778 1107 822 1163; x_wconf 91' lang='lat' dir='ltr'><strong>est</strong></span> <span class='ocrx_word' id='word_1_66' title='bbox 843 1100 919 1163; x_wconf 92' lang='lat' dir='ltr'><strong>Petri</strong></span> <span class='ocrx_word' id='word_1_67' title='bbox 938 1098 1065 1182; x_wconf 81' lang='grc' dir='ltr'><em>οέξίωμο</em></span> <span class='ocrx_word' id='word_1_68' title='bbox 1088 1101 1258 1182; x_wconf 87' lang='lat' dir='ltr'><strong>celebrare,</strong></span> <span class='ocrx_word' id='word_1_69' title='bbox 1286 1103 1469 1181; x_wconf 71' lang='lat' dir='ltr'><strong>universam·</strong></span> 
     </span>
     <span class='ocr_line' id='line_1_9' title="bbox 85 1207 1469 1294; baseline 0.001 -21"><span class='ocrx_word' id='word_1_70' title='bbox 85 1211 188 1292; x_wconf 82' lang='lat' dir='ltr'><strong>que³⁸</strong></span> <span class='ocrx_word' id='word_1_71' title='bbox 211 1207 389 1288; x_wconf 76' lang='grc' dir='ltr'><em>ἀπολογίαν</em></span> <span class='ocrx_word' id='word_1_72' title='bbox 408 1208 704 1273; x_wconf 87' lang='lat' dir='ltr'><strong>benevolentissimae</strong></span> <span class='ocrx_word' id='word_1_73' title='bbox 725 1211 918 1273; x_wconf 91' lang='lat' dir='ltr'><strong>oeconomiae</strong></span> <span class='ocrx_word' id='word_1_74' title='bbox 940 1210 1084 1294; x_wconf 78' lang='lat' dir='ltr'><strong>tribuere3</strong></span> <span class='ocrx_word' id='word_1_75' title='bbox 1111 1211 1164 1274; x_wconf 89' lang='lat' dir='ltr'><strong>sed</strong></span> <span class='ocrx_word' id='word_1_76' title='bbox 1185 1219 1338 1294; x_wconf 89' lang='lat' dir='ltr'><strong>praeterea</strong></span> <span class='ocrx_word' id='word_1_77' title='bbox 1360 1211 1396 1274; x_wconf 90' lang='lat' dir='ltr'><strong>ad</strong></span> <span class='ocrx_word' id='word_1_78' title='bbox 1418 1230 1469 1274; x_wconf 92' lang='lat' dir='ltr'><strong>au-</strong></span> 
     </span>
     <span class='ocr_line' id='line_1_10' title="bbox 84 1316 1470 1404; baseline 0.001 -21"><span class='ocrx_word' id='word_1_79' title='bbox 84 1321 213 1383; x_wconf 90' lang='lat' dir='ltr'><strong>ditorem</strong></span> <span class='ocrx_word' id='word_1_80' title='bbox 237 1322 437 1391; x_wconf 50' lang='lat' dir='ltr'><strong>conversus,³⁷</strong></span> <span class='ocrx_word' id='word_1_81' title='bbox 463 1318 572 1383; x_wconf 91' lang='lat' dir='ltr'><strong>subdit:</strong></span> <span class='ocrx_word' id='word_1_82' title='bbox 615 1317 714 1400; x_wconf 79' lang='lat' dir='ltr'><strong>‚‚“Opcc</strong></span> <span class='ocrx_word' id='word_1_83' title='bbox 741 1321 809 1394; x_wconf 75' lang='grc' dir='ltr'><strong>πῶς</strong></span> <span class='ocrx_word' id='word_1_84' title='bbox 836 1316 1057 1401; x_wconf 75' lang='grc' dir='ltr'><em>ἀπολογεῖται,</em></span> <span class='ocrx_word' id='word_1_85' title='bbox 1087 1320 1141 1382; x_wconf 82' lang='grc' dir='ltr'><strong>καὶ</strong></span> <span class='ocrx_word' id='word_1_86' title='bbox 1162 1317 1220 1383; x_wconf 81' lang='grc' dir='ltr'><strong>οὐκ</strong></span> <span class='ocrx_word' id='word_1_87' title='bbox 1241 1316 1327 1397; x_wconf 77' lang='grc' dir='ltr'><em>ἀξιοῖ</em></span> <span class='ocrx_word' id='word_1_88' title='bbox 1346 1320 1392 1404; x_wconf 75' lang='grc' dir='ltr'><strong>τῷ</strong></span> <span class='ocrx_word' id='word_1_89' title='bbox 1412 1321 1470 1384; x_wconf 83' lang='grc' dir='ltr'><strong>τοῦ</strong></span> 
     </span>
     <span class='ocr_line' id='line_1_11' title="bbox 86 1425 1467 1516; baseline 0.001 -24"><span class='ocrx_word' id='word_1_90' title='bbox 86 1428 286 1493; x_wconf 79' lang='grc' dir='ltr'><em>διδασκάλου</em></span> <span class='ocrx_word' id='word_1_91' title='bbox 307 1426 462 1509; x_wconf 74' lang='grc' dir='ltr'><strong>ἀξιώματι</strong></span> <span class='ocrx_word' id='word_1_92' title='bbox 482 1427 679 1511; x_wconf 75' lang='grc' dir='ltr'><strong>κεχρῆσθαι.</strong></span> <span class='ocrx_word' id='word_1_93' title='bbox 711 1425 777 1512; x_wconf 76' lang='grc' dir='ltr'><strong>ᾔδει</strong></span> <span class='ocrx_word' id='word_1_94' title='bbox 797 1427 862 1509; x_wconf 76' lang='lat' dir='ltr'><strong>yolo</strong></span> <span class='ocrx_word' id='word_1_95' title='bbox 882 1427 930 1507; x_wconf 74' lang='lat' dir='ltr'><strong>b‘et</strong></span> <span class='ocrx_word' id='word_1_96' title='bbox 951 1425 1015 1513; x_wconf 81' lang='lat' dir='ltr'><strong>b‘oqr</strong></span> <span class='ocrx_word' id='word_1_97' title='bbox 1038 1433 1259 1510; x_wconf 74' lang='grc' dir='ltr'><em>ἐπιεικέστερον</em></span> <span class='ocrx_word' id='word_1_98' title='bbox 1279 1430 1467 1516; x_wconf 70' lang='grc' dir='ltr'><strong>φθέγγεται,</strong></span> 
     </span>
     <span class='ocr_line' id='line_1_12' title="bbox 85 1532 1469 1622; baseline 0.001 -21"><span class='ocrx_word' id='word_1_99' title='bbox 85 1536 228 1622; x_wconf 79' lang='grc' dir='ltr'><em>τοσούτῳ</em></span> <span class='ocrx_word' id='word_1_100' title='bbox 249 1532 370 1620; x_wconf 79' lang='grc' dir='ltr'><em>μᾶλλον</em></span> <span class='ocrx_word' id='word_1_101' title='bbox 390 1537 505 1613; x_wconf 69' lang='grc' dir='ltr'><em>αὐτούς</em></span> <span class='ocrx_word' id='word_1_102' title='bbox 526 1541 694 1619; x_wconf 74' lang='grc' dir='ltr'><strong>χειροῦται.</strong></span> <span class='ocrx_word' id='word_1_103' title='bbox 738 1538 812 1601; x_wconf 87' lang='lat' dir='ltr'><strong>Vide</strong></span> <span class='ocrx_word' id='word_1_104' title='bbox 834 1539 982 1620; x_wconf 90' lang='lat' dir='ltr'><strong>quomodo</strong></span> <span class='ocrx_word' id='word_1_105' title='bbox 997 1557 1065 1601; x_wconf 89' lang='lat' dir='ltr'><strong>sese</strong></span> <span class='ocrx_word' id='word_1_106' title='bbox 1078 1546 1194 1622; x_wconf 85' lang='lat' dir='ltr'><strong>purget,</strong></span> <span class='ocrx_word' id='word_1_107' title='bbox 1214 1539 1319 1603; x_wconf 91' lang='lat' dir='ltr'><strong>nolens</strong></span> <span class='ocrx_word' id='word_1_108' title='bbox 1340 1539 1469 1604; x_wconf 85' lang='lat' dir='ltr'><strong>doctoris</strong></span> 
     </span>
     <span class='ocr_line' id='line_1_13' title="bbox 85 1647 1467 1731; baseline -0.001 -17"><span class='ocrx_word' id='word_1_109' title='bbox 85 1650 260 1714; x_wconf 90' lang='lat' dir='ltr'><strong>auctoritate</strong></span> <span class='ocrx_word' id='word_1_110' title='bbox 283 1649 333 1711; x_wconf 90' lang='lat' dir='ltr'><strong>uti.</strong></span> <span class='ocrx_word' id='word_1_111' title='bbox 378 1647 494 1713; x_wconf 89' lang='lat' dir='ltr'><strong>Sciebat</strong></span> <span class='ocrx_word' id='word_1_112' title='bbox 518 1651 596 1710; x_wconf 93' lang='lat' dir='ltr'><strong>enim</strong></span> <span class='ocrx_word' id='word_1_113' title='bbox 619 1655 727 1730; x_wconf 91' lang='lat' dir='ltr'><strong>quanto</strong></span> <span class='ocrx_word' id='word_1_114' title='bbox 750 1648 909 1711; x_wconf 86' lang='lat' dir='ltr'><strong>modestius</strong></span> <span class='ocrx_word' id='word_1_115' title='bbox 930 1647 1109 1728; x_wconf 88' lang='lat' dir='ltr'><strong>loqueretur,</strong></span> <span class='ocrx_word' id='word_1_116' title='bbox 1131 1655 1212 1711; x_wconf 91' lang='lat' dir='ltr'><strong>tanto</strong></span> <span class='ocrx_word' id='word_1_117' title='bbox 1233 1651 1327 1731; x_wconf 92' lang='lat' dir='ltr'><strong>magis</strong></span> <span class='ocrx_word' id='word_1_118' title='bbox 1348 1668 1382 1713; x_wconf 90' lang='lat' dir='ltr'><strong>se</strong></span> <span class='ocrx_word' id='word_1_119' title='bbox 1401 1650 1467 1714; x_wconf 91' lang='lat' dir='ltr'><strong>illos</strong></span> 
     </span>
     <span class='ocr_line' id='line_1_14' title="bbox 85 1756 1469 1842; baseline -0.001 -19"><span class='ocrx_word' id='word_1_120' title='bbox 85 1778 155 1823; x_wconf 89' lang='lat' dir='ltr'><strong>esse</strong></span> <span class='ocrx_word' id='word_1_121' title='bbox 188 1758 369 1841; x_wconf 88' lang='lat' dir='ltr'><strong>capturum.“</strong></span> <span class='ocrx_word' id='word_1_122' title='bbox 421 1758 581 1840; x_wconf 80' lang='lat' dir='ltr'><strong>Gregorius</strong></span> <span class='ocrx_word' id='word_1_123' title='bbox 613 1776 687 1821; x_wconf 94' lang='lat' dir='ltr'><strong>vero</strong></span> <span class='ocrx_word' id='word_1_124' title='bbox 704 1762 733 1795; x_wconf 80' lang='lat'><strong>⁸⁸</strong></span> <span class='ocrx_word' id='word_1_125' title='bbox 767 1759 1003 1821; x_wconf 90' lang='lat' dir='ltr'><strong>commemoratis</strong></span> <span class='ocrx_word' id='word_1_126' title='bbox 1034 1756 1111 1820; x_wconf 91' lang='lat' dir='ltr'><strong>Petri</strong></span> <span class='ocrx_word' id='word_1_127' title='bbox 1149 1761 1349 1840; x_wconf 87' lang='lat' dir='ltr'><strong>ornamentis,</strong></span> <span class='ocrx_word' id='word_1_128' title='bbox 1391 1759 1469 1842; x_wconf 90' lang='lat' dir='ltr'><strong>quod</strong></span> 
     </span>
     <span class='ocr_line' id='line_1_15' title="bbox 85 1865 1467 1950; baseline -0.001 -16"><span class='ocrx_word' id='word_1_129' title='bbox 85 1888 162 1934; x_wconf 90' lang='lat' dir='ltr'><strong>unus</strong></span> <span class='ocrx_word' id='word_1_130' title='bbox 176 1871 205 1904; x_wconf 82' lang='lat'><strong>⁸⁹</strong></span> <span class='ocrx_word' id='word_1_131' title='bbox 229 1868 327 1931; x_wconf 90' lang='lat' dir='ltr'><strong>claves</strong></span> <span class='ocrx_word' id='word_1_132' title='bbox 341 1868 497 1949; x_wconf 87' lang='lat' dir='ltr'><strong>acceperit,</strong></span> <span class='ocrx_word' id='word_1_133' title='bbox 520 1886 608 1950; x_wconf 91' lang='lat' dir='ltr'><strong>super</strong></span> <span class='ocrx_word' id='word_1_134' title='bbox 622 1886 712 1949; x_wconf 88' lang='lat' dir='ltr'><strong>aquas</strong></span> <span class='ocrx_word' id='word_1_135' title='bbox 728 1869 756 1902; x_wconf 86' lang='lat'><strong>⁴⁰</strong></span> <span class='ocrx_word' id='word_1_136' title='bbox 771 1866 971 1946; x_wconf 86' lang='lat' dir='ltr'><strong>ambulaverit,</strong></span> <span class='ocrx_word' id='word_1_137' title='bbox 993 1865 1096 1929; x_wconf 88' lang='lat' dir='ltr'><strong>umbra</strong></span> <span class='ocrx_word' id='word_1_138' title='bbox 1111 1869 1138 1901; x_wconf 83' lang='lat'><strong>⁴¹</strong></span> <span class='ocrx_word' id='word_1_139' title='bbox 1155 1869 1311 1949; x_wconf 88' lang='lat' dir='ltr'><strong>sanaverit,</strong></span> <span class='ocrx_word' id='word_1_140' title='bbox 1332 1869 1425 1932; x_wconf 92' lang='lat' dir='ltr'><strong>verbo</strong></span> <span class='ocrx_word' id='word_1_141' title='bbox 1439 1872 1467 1903; x_wconf 83' lang='lat'><strong>⁴¹</strong></span> 
     </span>
     <span class='ocr_line' id='line_1_16' title="bbox 85 1976 1469 2059; baseline -0.002 -15"><span class='ocrx_word' id='word_1_142' title='bbox 85 1979 242 2059; x_wconf 87' lang='lat' dir='ltr'><strong>occiderit,</strong></span> <span class='ocrx_word' id='word_1_143' title='bbox 266 1985 294 2042; x_wconf 88' lang='lat' dir='ltr'><strong>et</strong></span> <span class='ocrx_word' id='word_1_144' title='bbox 316 1985 446 2041; x_wconf 91' lang='lat' dir='ltr'><strong>mortuos</strong></span> <span class='ocrx_word' id='word_1_145' title='bbox 462 1979 489 2012; x_wconf 84' lang='lat'><strong>⁴⁸</strong></span> <span class='ocrx_word' id='word_1_146' title='bbox 514 1978 647 2040; x_wconf 89' lang='lat' dir='ltr'><strong>oratione</strong></span> <span class='ocrx_word' id='word_1_147' title='bbox 669 1978 867 2057; x_wconf 83' lang='lat' dir='ltr'><strong>suscitaverit,</strong></span> <span class='ocrx_word' id='word_1_148' title='bbox 896 1978 1008 2059; x_wconf 89' lang='lat' dir='ltr'><strong>pergit:</strong></span> <span class='ocrx_word' id='word_1_149' title='bbox 1052 1976 1108 2057; x_wconf 83' lang='lat' dir='ltr'><strong>„Et</strong></span> <span class='ocrx_word' id='word_1_150' title='bbox 1128 1977 1195 2058; x_wconf 91' lang='lat' dir='ltr'><strong>quia</strong></span> <span class='ocrx_word' id='word_1_151' title='bbox 1215 1997 1254 2042; x_wconf 83' lang='lat' dir='ltr'><strong>ex</strong></span> <span class='ocrx_word' id='word_1_152' title='bbox 1273 1977 1469 2045; x_wconf 90' lang='lat' dir='ltr'><strong>admonitione</strong></span> 
     </span>
     <span class='ocr_line' id='line_1_17' title="bbox 85 2087 1470 2173; baseline -0.002 -18"><span class='ocrx_word' id='word_1_153' title='bbox 85 2091 210 2173; x_wconf 82' lang='lat' dir='ltr'><strong>Spiritus</strong></span> <span class='ocrx_word' id='word_1_154' title='bbox 231 2088 268 2151; x_wconf 91' lang='lat' dir='ltr'><strong>ad</strong></span> <span class='ocrx_word' id='word_1_155' title='bbox 282 2087 448 2151; x_wconf 78' lang='lat' dir='ltr'><strong>Cornelium</strong></span> <span class='ocrx_word' id='word_1_156' title='bbox 469 2087 610 2170; x_wconf 87' lang='lat' dir='ltr'><strong>gentilem</strong></span> <span class='ocrx_word' id='word_1_157' title='bbox 635 2087 729 2151; x_wconf 86' lang='lat' dir='ltr'><strong>luerat</strong></span> <span class='ocrx_word' id='word_1_158' title='bbox 750 2089 912 2170; x_wconf 90' lang='lat' dir='ltr'><strong>ingressus,</strong></span> <span class='ocrx_word' id='word_1_159' title='bbox 935 2093 1036 2149; x_wconf 89' lang='lat' dir='ltr'><strong>contra</strong></span> <span class='ocrx_word' id='word_1_160' title='bbox 1058 2105 1126 2150; x_wconf 91' lang='lat' dir='ltr'><strong>eum</strong></span> <span class='ocrx_word' id='word_1_161' title='bbox 1148 2090 1280 2169; x_wconf 84' lang='lat' dir='ltr'><strong>quaestio</strong></span> <span class='ocrx_word' id='word_1_162' title='bbox 1299 2107 1315 2151; x_wconf 91' lang='lat' dir='ltr'><strong>a</strong></span> <span class='ocrx_word' id='word_1_163' title='bbox 1336 2088 1470 2152; x_wconf 84' lang='lat' dir='ltr'><strong>fidelibus</strong></span> 
     </span>
     <span class='ocr_line' id='line_1_18' title="bbox 85 2196 1470 2280; baseline -0.001 -17"><span class='ocrx_word' id='word_1_164' title='bbox 85 2200 164 2263; x_wconf 89' lang='lat' dir='ltr'><strong>lacta</strong></span> <span class='ocrx_word' id='word_1_165' title='bbox 186 2207 243 2261; x_wconf 90' lang='lat' dir='ltr'><strong>est:</strong></span> <span class='ocrx_word' id='word_1_166' title='bbox 267 2216 320 2260; x_wconf 94' lang='lat' dir='ltr'><strong>cur</strong></span> <span class='ocrx_word' id='word_1_167' title='bbox 341 2196 379 2260; x_wconf 91' lang='lat' dir='ltr'><strong>ad</strong></span> <span class='ocrx_word' id='word_1_168' title='bbox 399 2196 526 2279; x_wconf 88' lang='lat' dir='ltr'><strong>gentiles</strong></span> <span class='ocrx_word' id='word_1_169' title='bbox 546 2197 683 2260; x_wconf 88' lang='lat' dir='ltr'><strong>intrasset</strong></span> <span class='ocrx_word' id='word_1_170' title='bbox 704 2205 734 2260; x_wconf 93' lang='lat' dir='ltr'><strong>et</strong></span> <span class='ocrx_word' id='word_1_171' title='bbox 755 2197 933 2260; x_wconf 87' lang='lat' dir='ltr'><strong>comedisset</strong></span> <span class='ocrx_word' id='word_1_172' title='bbox 954 2216 1022 2260; x_wconf 90' lang='lat' dir='ltr'><strong>cum</strong></span> <span class='ocrx_word' id='word_1_173' title='bbox 1043 2197 1096 2278; x_wconf 91' lang='lat' dir='ltr'><strong>eis,</strong></span> <span class='ocrx_word' id='word_1_174' title='bbox 1120 2199 1211 2260; x_wconf 83' lang='lat' dir='ltr'><strong>cur⁴⁴</strong></span> <span class='ocrx_word' id='word_1_175' title='bbox 1237 2215 1290 2261; x_wconf 93' lang='lat' dir='ltr'><strong>eos</strong></span> <span class='ocrx_word' id='word_1_176' title='bbox 1310 2200 1339 2262; x_wconf 93' lang='lat' dir='ltr'><strong>in</strong></span> <span class='ocrx_word' id='word_1_177' title='bbox 1362 2199 1470 2280; x_wconf 92' lang='lat' dir='ltr'><strong>baptis·</strong></span> 
     </span>
     <span class='ocr_line' id='line_1_19' title="bbox 86 2305 1469 2390; baseline -0.002 -16"><span class='ocrx_word' id='word_1_178' title='bbox 86 2317 167 2374; x_wconf 87' lang='lat' dir='ltr'><strong>mate</strong></span> <span class='ocrx_word' id='word_1_179' title='bbox 196 2309 383 2390; x_wconf 90' lang='lat' dir='ltr'><strong>suscepisset.</strong></span> <span class='ocrx_word' id='word_1_180' title='bbox 426 2306 463 2369; x_wconf 85' lang='lat' dir='ltr'><strong>Et</strong></span> <span class='ocrx_word' id='word_1_181' title='bbox 488 2314 586 2369; x_wconf 87' lang='lat' dir='ltr'><strong>tamen</strong></span> <span class='ocrx_word' id='word_1_182' title='bbox 613 2305 691 2369; x_wconf 85' lang='lat' dir='ltr'><strong>idem</strong></span> <span class='ocrx_word' id='word_1_183' title='bbox 720 2306 929 2386; x_wconf 80' lang='lat' dir='ltr'><strong>apostolorum</strong></span> <span class='ocrx_word' id='word_1_184' title='bbox 952 2313 1072 2386; x_wconf 80' lang='lat' dir='ltr'><strong>primus</strong></span> <span class='ocrx_word' id='word_1_185' title='bbox 1101 2314 1177 2370; x_wconf 91' lang='lat' dir='ltr'><strong>tanta</strong></span> <span class='ocrx_word' id='word_1_186' title='bbox 1206 2308 1349 2371; x_wconf 86' lang='lat' dir='ltr'><strong>donorum</strong></span> <span class='ocrx_word' id='word_1_187' title='bbox 1376 2309 1469 2390; x_wconf 88' lang='lat' dir='ltr'><strong>gratia</strong></span> 
     </span>
     <span class='ocr_line' id='line_1_20' title="bbox 86 2416 1471 2501; baseline -0.002 -18"><span class='ocrx_word' id='word_1_188' title='bbox 86 2419 233 2501; x_wconf 88' lang='lat' dir='ltr'><strong>repletus,</strong></span> <span class='ocrx_word' id='word_1_189' title='bbox 263 2424 341 2480; x_wconf 90' lang='lat' dir='ltr'><strong>tanta</strong></span> <span class='ocrx_word' id='word_1_190' title='bbox 363 2416 568 2480; x_wconf 87' lang='lat' dir='ltr'><strong>miraculorum</strong></span> <span class='ocrx_word' id='word_1_191' title='bbox 588 2422 732 2498; x_wconf 88' lang='lat' dir='ltr'><strong>potestate</strong></span> <span class='ocrx_word' id='word_1_192' title='bbox 754 2416 902 2497; x_wconf 81' lang='lat' dir='ltr'><strong>suffultos,</strong></span> <span class='ocrx_word' id='word_1_193' title='bbox 935 2416 1075 2499; x_wconf 89' lang='lat' dir='ltr'><strong>querelae</strong></span> <span class='ocrx_word' id='word_1_194' title='bbox 1096 2416 1223 2480; x_wconf 84' lang='lat' dir='ltr'><strong>fidelium</strong></span> <span class='ocrx_word' id='word_1_195' title='bbox 1244 2438 1304 2480; x_wconf 88' lang='lat' dir='ltr'><strong>non</strong></span> <span class='ocrx_word' id='word_1_196' title='bbox 1326 2439 1368 2481; x_wconf 77' lang='lat' dir='ltr'><strong>em</strong></span> <span class='ocrx_word' id='word_1_197' title='bbox 1387 2424 1471 2498; x_wconf 84' lang='lat' dir='ltr'><strong>pote-</strong></span> 
     </span>
     <span class='ocr_line' id='line_1_21' title="bbox 87 2525 1471 2609; baseline -0.001 -17"><span class='ocrx_word' id='word_1_198' title='bbox 87 2536 179 2605; x_wconf 78' lang='lat' dir='ltr'><strong>state,</strong></span> <span class='ocrx_word' id='word_1_199' title='bbox 201 2526 254 2590; x_wconf 88' lang='lat' dir='ltr'><strong>sed</strong></span> <span class='ocrx_word' id='word_1_200' title='bbox 274 2542 313 2589; x_wconf 81' lang='lat' dir='ltr'><strong>ex</strong></span> <span class='ocrx_word' id='word_1_201' title='bbox 333 2527 446 2588; x_wconf 91' lang='lat' dir='ltr'><strong>ratione</strong></span> <span class='ocrx_word' id='word_1_202' title='bbox 467 2526 686 2607; x_wconf 87' lang='lat' dir='ltr'><strong>respondit...</strong></span> <span class='ocrx_word' id='word_1_203' title='bbox 740 2525 771 2591; x_wconf 84' lang='lat' dir='ltr'><strong>st</strong></span> <span class='ocrx_word' id='word_1_204' title='bbox 793 2527 871 2589; x_wconf 93' lang='lat' dir='ltr'><strong>enim</strong></span> <span class='ocrx_word' id='word_1_205' title='bbox 893 2544 959 2589; x_wconf 89' lang='lat' dir='ltr'><strong>cum</strong></span> <span class='ocrx_word' id='word_1_206' title='bbox 978 2546 994 2589; x_wconf 89' lang='lat' dir='ltr'><strong>a</strong></span> <span class='ocrx_word' id='word_1_207' title='bbox 1014 2525 1149 2590; x_wconf 81' lang='lat' dir='ltr'><strong>fidelibus</strong></span> <span class='ocrx_word' id='word_1_208' title='bbox 1171 2526 1345 2609; x_wconf 88' lang='lat' dir='ltr'><strong>culparetur,</strong></span> <span class='ocrx_word' id='word_1_209' title='bbox 1367 2535 1471 2591; x_wconf 76' lang='lat' dir='ltr'><strong>cacto</strong></span> 
     </span>
     <span class='ocr_line' id='line_1_22' title="bbox 86 2635 1471 2721; baseline -0.001 -19"><span class='ocrx_word' id='word_1_210' title='bbox 86 2645 212 2702; x_wconf 82' lang='lat' dir='ltr'><strong>ritatem</strong></span> <span class='ocrx_word' id='word_1_211' title='bbox 241 2654 327 2717; x_wconf 92' lang='lat' dir='ltr'><strong>quam</strong></span> <span class='ocrx_word' id='word_1_212' title='bbox 348 2636 378 2699; x_wconf 93' lang='lat' dir='ltr'><strong>in</strong></span> <span class='ocrx_word' id='word_1_213' title='bbox 399 2641 499 2698; x_wconf 89' lang='lat' dir='ltr'><strong>sancta</strong></span> <span class='ocrx_word' id='word_1_214' title='bbox 521 2637 648 2699; x_wconf 91' lang='lat' dir='ltr'><strong>ecclesia</strong></span> <span class='ocrx_word' id='word_1_215' title='bbox 669 2642 840 2717; x_wconf 89' lang='lat' dir='ltr'><strong>acceperat,</strong></span> <span class='ocrx_word' id='word_1_216' title='bbox 869 2635 1054 2720; x_wconf 88' lang='lat' dir='ltr'><strong>attendisset,</strong></span> <span class='ocrx_word' id='word_1_217' title='bbox 1081 2637 1263 2720; x_wconf 90' lang='lat' dir='ltr'><strong>respondere</strong></span> <span class='ocrx_word' id='word_1_218' title='bbox 1283 2645 1411 2721; x_wconf 89' lang='lat' dir='ltr'><strong>poterat,</strong></span> <span class='ocrx_word' id='word_1_219' title='bbox 1438 2646 1471 2701; x_wconf 92' lang='lat' dir='ltr'><strong>ut</strong></span> 
     </span>
     <span class='ocr_line' id='line_1_23' title="bbox 84 2744 1468 2833; baseline -0.003 -20"><span class='ocrx_word' id='word_1_220' title='bbox 84 2755 234 2833; x_wconf 87' lang='lat' dir='ltr'><strong>pastorem</strong></span> <span class='ocrx_word' id='word_1_221' title='bbox 256 2763 342 2809; x_wconf 89' lang='lat' dir='ltr'><strong>suum</strong></span> <span class='ocrx_word' id='word_1_222' title='bbox 364 2763 437 2808; x_wconf 92' lang='lat' dir='ltr'><strong>oves</strong></span> <span class='ocrx_word' id='word_1_223' title='bbox 456 2763 531 2827; x_wconf 90' lang='lat' dir='ltr'><strong>quae</strong></span> <span class='ocrx_word' id='word_1_224' title='bbox 552 2748 579 2808; x_wconf 92' lang='lat' dir='ltr'><strong>ei</strong></span> <span class='ocrx_word' id='word_1_225' title='bbox 596 2749 624 2780; x_wconf 78' lang='lat'><strong>⁴³</strong></span> <span class='ocrx_word' id='word_1_226' title='bbox 648 2746 823 2808; x_wconf 86' lang='lat' dir='ltr'><strong>commissae</strong></span> <span class='ocrx_word' id='word_1_227' title='bbox 846 2744 974 2827; x_wconf 89' lang='lat' dir='ltr'><strong>luerant,</strong></span> <span class='ocrx_word' id='word_1_228' title='bbox 994 2747 1216 2829; x_wconf 84' lang='lat' dir='ltr'><strong>reprehendere</strong></span> <span class='ocrx_word' id='word_1_229' title='bbox 1237 2765 1297 2809; x_wconf 93' lang='lat' dir='ltr'><strong>non</strong></span> <span class='ocrx_word' id='word_1_230' title='bbox 1317 2746 1468 2811; x_wconf 89' lang='lat' dir='ltr'><strong>auderent</strong></span> 
     </span>
     <span class='ocr_line' id='line_1_24' title="bbox 86 2853 1472 2938; baseline -0.004 -13"><span class='ocrx_word' id='word_1_231' title='bbox 86 2857 148 2926; x_wconf 88' lang='lat' dir='ltr'><strong>Sed</strong></span> <span class='ocrx_word' id='word_1_232' title='bbox 177 2857 202 2921; x_wconf 90' lang='lat' dir='ltr'><strong>si</strong></span> <span class='ocrx_word' id='word_1_233' title='bbox 229 2857 259 2919; x_wconf 93' lang='lat' dir='ltr'><strong>in</strong></span> <span class='ocrx_word' id='word_1_234' title='bbox 287 2854 408 2937; x_wconf 90' lang='lat' dir='ltr'><strong>querela</strong></span> <span class='ocrx_word' id='word_1_235' title='bbox 433 2853 560 2918; x_wconf 90' lang='lat' dir='ltr'><strong>lldelium</strong></span> <span class='ocrx_word' id='word_1_236' title='bbox 586 2856 694 2938; x_wconf 89' lang='lat' dir='ltr'><strong>aliquid</strong></span> <span class='ocrx_word' id='word_1_237' title='bbox 721 2855 759 2919; x_wconf 89' lang='lat' dir='ltr'><strong>de</strong></span> <span class='ocrx_word' id='word_1_238' title='bbox 789 2872 841 2918; x_wconf 89' lang='lat' dir='ltr'><strong>sua</strong></span> <span class='ocrx_word' id='word_1_239' title='bbox 871 2863 1016 2937; x_wconf 91' lang='lat' dir='ltr'><strong>potestate</strong></span> <span class='ocrx_word' id='word_1_240' title='bbox 1044 2856 1172 2936; x_wconf 88' lang='lat' dir='ltr'><strong>diceret,</strong></span> <span class='ocrx_word' id='word_1_241' title='bbox 1201 2856 1334 2938; x_wconf 88' lang='lat' dir='ltr'><strong>prolecto</strong></span> <span class='ocrx_word' id='word_1_242' title='bbox 1366 2857 1472 2919; x_wconf 81' lang='lat' dir='ltr'><strong>doctor</strong></span> 
     </span>
     <span class='ocr_line' id='line_1_25' title="bbox 86 2963 1471 3048; baseline -0.004 -16"><span class='ocrx_word' id='word_1_243' title='bbox 86 2966 336 3032; x_wconf 75' lang='lat' dir='ltr'><strong>mmmetodmo</strong></span> <span class='ocrx_word' id='word_1_244' title='bbox 360 2981 420 3027; x_wconf 92' lang='lat' dir='ltr'><strong>non</strong></span> <span class='ocrx_word' id='word_1_245' title='bbox 448 2964 559 3027; x_wconf 86' lang='lat' dir='ltr'><strong>fuisset.</strong></span> <span class='ocrx_word' id='word_1_246' title='bbox 603 2963 710 3027; x_wconf 87' lang='lat' dir='ltr'><strong>llumili</strong></span> <span class='ocrx_word' id='word_1_247' title='bbox 731 2982 807 3046; x_wconf 87' lang='lat' dir='ltr'><strong>ergo</strong></span> <span class='ocrx_word' id='word_1_248' title='bbox 833 2983 886 3028; x_wconf 90' lang='lat' dir='ltr'><strong>eos</strong></span> <span class='ocrx_word' id='word_1_249' title='bbox 914 2968 1028 3030; x_wconf 87' lang='lat' dir='ltr'><strong>ratione</strong></span> <span class='ocrx_word' id='word_1_250' title='bbox 1049 2966 1188 3048; x_wconf 89' lang='lat' dir='ltr'><strong>placavit,</strong></span> <span class='ocrx_word' id='word_1_251' title='bbox 1217 2972 1304 3048; x_wconf 91' lang='lat' dir='ltr'><strong>atque</strong></span> <span class='ocrx_word' id='word_1_252' title='bbox 1331 2967 1361 3028; x_wconf 91' lang='lat' dir='ltr'><strong>in</strong></span> <span class='ocrx_word' id='word_1_253' title='bbox 1383 2980 1471 3028; x_wconf 85' lang='lat' dir='ltr'><strong>causa</strong></span> 
     </span>
     <span class='ocr_line' id='line_1_26' title="bbox 86 3071 1470 3161; baseline -0.005 -18"><span class='ocrx_word' id='word_1_254' title='bbox 86 3076 327 3161; x_wconf 89' lang='lat' dir='ltr'><strong>reprehensionis</strong></span> <span class='ocrx_word' id='word_1_255' title='bbox 348 3092 420 3138; x_wconf 90' lang='lat' dir='ltr'><strong>suae</strong></span> <span class='ocrx_word' id='word_1_256' title='bbox 438 3075 526 3138; x_wconf 91' lang='lat' dir='ltr'><strong>etiam</strong></span> <span class='ocrx_word' id='word_1_257' title='bbox 547 3079 639 3136; x_wconf 89' lang='lat' dir='ltr'><strong>testes</strong></span> <span class='ocrx_word' id='word_1_258' title='bbox 661 3072 800 3137; x_wconf 80' lang='lat' dir='ltr'><strong>exhihuit.</strong></span> <span class='ocrx_word' id='word_1_259' title='bbox 845 3075 875 3141; x_wconf 85' lang='lat' dir='ltr'><strong>si</strong></span> <span class='ocrx_word' id='word_1_260' title='bbox 900 3094 976 3159; x_wconf 90' lang='lat' dir='ltr'><strong>ergo</strong></span> <span class='ocrx_word' id='word_1_261' title='bbox 1002 3082 1110 3155; x_wconf 73' lang='lat' dir='ltr'><strong>pastor</strong></span> <span class='ocrx_word' id='word_1_262' title='bbox 1130 3072 1295 3148; x_wconf 80' lang='lat' dir='ltr'><strong>eeclesiae,</strong></span> <span class='ocrx_word' id='word_1_263' title='bbox 1323 3071 1470 3152; x_wconf 72' lang='lat' dir='ltr'><strong>apostolo</strong></span> 
     </span>
    </p>
   </div>
   <div class='ocr_carea' id='block_1_3' title="bbox 84 3182 1581 3280">
    <p class='ocr_par' dir='ltr' id='par_1_4' title="bbox 84 3182 1581 3280">
     <span class='ocr_line' id='line_1_27' title="bbox 84 3182 1581 3280; baseline -0.005 -29"><span class='ocrx_word' id='word_1_264' title='bbox 84 3208 157 3251; x_wconf 82' lang='lat' dir='ltr'><strong>ram</strong></span> <span class='ocrx_word' id='word_1_265' title='bbox 175 3193 334 3266; x_wconf 76' lang='lat' dir='ltr'><strong>princepe,</strong></span> <span class='ocrx_word' id='word_1_266' title='bbox 361 3186 444 3267; x_wconf 91' lang='lat' dir='ltr'><strong>signa</strong></span> <span class='ocrx_word' id='word_1_267' title='bbox 474 3191 506 3247; x_wconf 90' lang='lat' dir='ltr'><strong>et</strong></span> <span class='ocrx_word' id='word_1_268' title='bbox 533 3183 671 3247; x_wconf 84' lang='lat' dir='ltr'><strong>miracula</strong></span> <span class='ocrx_word' id='word_1_269' title='bbox 698 3184 901 3269; x_wconf 68' lang='lat' dir='ltr'><strong>singulariter</strong></span> <span class='ocrx_word' id='word_1_270' title='bbox 928 3185 1054 3266; x_wconf 84' lang='lat' dir='ltr'><strong>iaciens,</strong></span> <span class='ocrx_word' id='word_1_271' title='bbox 1082 3201 1142 3247; x_wconf 93' lang='lat' dir='ltr'><strong>non</strong></span> <span class='ocrx_word' id='word_1_272' title='bbox 1171 3182 1345 3265; x_wconf 89' lang='lat' dir='ltr'><strong>dedignatus</strong></span> <span class='ocrx_word' id='word_1_273' title='bbox 1367 3189 1412 3244; x_wconf 88' lang='lat' dir='ltr'><strong>est</strong></span> <span class='ocrx_word' id='word_1_274' title='bbox 1440 3182 1469 3244; x_wconf 91' lang='lat' dir='ltr'><strong>in</strong></span> <span class='ocrx_word' id='word_1_275' title='bbox 1580 3276 1581 3280; x_wconf 7' lang='grc' dir='ltr'><strong>Ἰ</strong></span> 
     </span>
    </p>
   </div>
   <div class='ocr_carea' id='block_1_4' title="bbox 83 3293 1538 4251">
    <p class='ocr_par' dir='ltr' id='par_1_5' title="bbox 83 3293 1470 3599">
     <span class='ocr_line' id='line_1_28' title="bbox 85 3293 1470 3377; baseline -0.006 -15"><span class='ocrx_word' id='word_1_276' title='bbox 85 3315 174 3362; x_wconf 86' lang='lat' dir='ltr'><strong>causa</strong></span> <span class='ocrx_word' id='word_1_277' title='bbox 192 3295 433 3377; x_wconf 87' lang='lat' dir='ltr'><strong>reprehensionis</strong></span> <span class='ocrx_word' id='word_1_278' title='bbox 452 3312 524 3357; x_wconf 92' lang='lat' dir='ltr'><strong>suae</strong></span> <span class='ocrx_word' id='word_1_279' title='bbox 542 3294 685 3356; x_wconf 89' lang='lat' dir='ltr'><strong>rationem</strong></span> <span class='ocrx_word' id='word_1_280' title='bbox 704 3293 852 3357; x_wconf 90' lang='lat' dir='ltr'><strong>humiliter</strong></span> <span class='ocrx_word' id='word_1_281' title='bbox 871 3293 1015 3374; x_wconf 74' lang='lat' dir='ltr'><strong>reddere,</strong></span> <span class='ocrx_word' id='word_1_282' title='bbox 1043 3299 1151 3375; x_wconf 91' lang='lat' dir='ltr'><strong>quanto</strong></span> <span class='ocrx_word' id='word_1_283' title='bbox 1173 3293 1268 3375; x_wconf 87' lang='lat' dir='ltr'><strong>magis</strong></span> <span class='ocrx_word' id='word_1_284' title='bbox 1289 3308 1344 3353; x_wconf 90' lang='lat' dir='ltr'><strong>nos</strong></span> <span class='ocrx_word' id='word_1_285' title='bbox 1364 3308 1470 3372; x_wconf 88' lang='lat' dir='ltr'><strong>pecca·</strong></span> 
     </span>
     <span class='ocr_line' id='line_1_29' title="bbox 83 3400 1470 3486; baseline -0.004 -16"><span class='ocrx_word' id='word_1_286' title='bbox 83 3415 180 3486; x_wconf 88' lang='lat' dir='ltr'><strong>tores,</strong></span> <span class='ocrx_word' id='word_1_287' title='bbox 210 3422 276 3466; x_wconf 88' lang='lat' dir='ltr'><strong>cum</strong></span> <span class='ocrx_word' id='word_1_288' title='bbox 304 3403 341 3466; x_wconf 90' lang='lat' dir='ltr'><strong>de</strong></span> <span class='ocrx_word' id='word_1_289' title='bbox 366 3422 401 3466; x_wconf 92' lang='lat' dir='ltr'><strong>re</strong></span> <span class='ocrx_word' id='word_1_290' title='bbox 429 3404 524 3486; x_wconf 91' lang='lat' dir='ltr'><strong>aliqua</strong></span> <span class='ocrx_word' id='word_1_291' title='bbox 553 3403 811 3483; x_wconf 87' lang='lat' dir='ltr'><strong>reprehendimur,</strong></span> <span class='ocrx_word' id='word_1_292' title='bbox 843 3402 1076 3485; x_wconf 85' lang='lat' dir='ltr'><strong>reprehensores</strong></span> <span class='ocrx_word' id='word_1_293' title='bbox 1097 3408 1214 3478; x_wconf 81' lang='lat' dir='ltr'><strong>nostros</strong></span> <span class='ocrx_word' id='word_1_294' title='bbox 1235 3402 1348 3465; x_wconf 91' lang='lat' dir='ltr'><strong>ratione</strong></span> <span class='ocrx_word' id='word_1_295' title='bbox 1369 3400 1470 3464; x_wconf 91' lang='lat' dir='ltr'><strong>humili</strong></span> 
     </span>
     <span class='ocr_line' id='line_1_30' title="bbox 83 3510 410 3599; baseline -0.012 -20"><span class='ocrx_word' id='word_1_296' title='bbox 83 3517 203 3599; x_wconf 89' lang='lat' dir='ltr'><strong>placare</strong></span> <span class='ocrx_word' id='word_1_297' title='bbox 224 3510 410 3577; x_wconf 82' lang='lat' dir='ltr'><strong>dehemusl“</strong></span> 
     </span>
    </p>

    <p class='ocr_par' dir='ltr' id='par_1_6' title="bbox 83 3621 1538 4251">
     <span class='ocr_line' id='line_1_31' title="bbox 191 3621 1538 3704; baseline -0.003 -17"><span class='ocrx_word' id='word_1_298' title='bbox 191 3624 274 3699; x_wconf 82' lang='lat' dir='ltr'><strong>Quae</strong></span> <span class='ocrx_word' id='word_1_299' title='bbox 296 3623 364 3686; x_wconf 92' lang='lat' dir='ltr'><strong>dum</strong></span> <span class='ocrx_word' id='word_1_300' title='bbox 385 3621 555 3703; x_wconf 90' lang='lat' dir='ltr'><strong>considero,</strong></span> <span class='ocrx_word' id='word_1_301' title='bbox 582 3622 739 3704; x_wconf 91' lang='lat' dir='ltr'><strong>impetrare</strong></span> <span class='ocrx_word' id='word_1_302' title='bbox 761 3641 778 3685; x_wconf 94' lang='lat' dir='ltr'><strong>a</strong></span> <span class='ocrx_word' id='word_1_303' title='bbox 799 3641 847 3686; x_wconf 88' lang='lat' dir='ltr'><strong>mo</strong></span> <span class='ocrx_word' id='word_1_304' title='bbox 867 3622 1033 3685; x_wconf 89' lang='lat' dir='ltr'><strong>nullatenus</strong></span> <span class='ocrx_word' id='word_1_305' title='bbox 1054 3634 1174 3703; x_wconf 91' lang='lat' dir='ltr'><strong>possum</strong></span> <span class='ocrx_word' id='word_1_306' title='bbox 1196 3622 1265 3703; x_wconf 90' lang='lat' dir='ltr'><strong>quin</strong></span> <span class='ocrx_word' id='word_1_307' title='bbox 1286 3621 1470 3685; x_wconf 90' lang='lat' dir='ltr'><strong>animadver·</strong></span> <span class='ocrx_word' id='word_1_308' title='bbox 1533 3694 1538 3703; x_wconf 68' lang='lat'>‚</span> 
     </span>
     <span class='ocr_line' id='line_1_32' title="bbox 83 3731 1469 3814; baseline -0.004 -15"><span class='ocrx_word' id='word_1_309' title='bbox 83 3744 158 3799; x_wconf 85' lang='lat' dir='ltr'><strong>tam:</strong></span> <span class='ocrx_word' id='word_1_310' title='bbox 185 3733 271 3797; x_wconf 88' lang='lat' dir='ltr'><strong>aliam</strong></span> <span class='ocrx_word' id='word_1_311' title='bbox 299 3750 420 3814; x_wconf 90' lang='lat' dir='ltr'><strong>prorsus</strong></span> <span class='ocrx_word' id='word_1_312' title='bbox 449 3731 487 3795; x_wconf 90' lang='lat' dir='ltr'><strong>de</strong></span> <span class='ocrx_word' id='word_1_313' title='bbox 508 3732 584 3795; x_wconf 90' lang='lat' dir='ltr'><strong>Petri</strong></span> <span class='ocrx_word' id='word_1_314' title='bbox 612 3731 752 3814; x_wconf 90' lang='lat' dir='ltr'><strong>dignitate</strong></span> <span class='ocrx_word' id='word_1_315' title='bbox 782 3733 956 3796; x_wconf 91' lang='lat' dir='ltr'><strong>sententiam</strong></span> <span class='ocrx_word' id='word_1_316' title='bbox 977 3731 1092 3796; x_wconf 84' lang='lat' dir='ltr'><strong>Petrum</strong></span> <span class='ocrx_word' id='word_1_317' title='bbox 1115 3734 1218 3797; x_wconf 91' lang='lat' dir='ltr'><strong>animis</strong></span> <span class='ocrx_word' id='word_1_318' title='bbox 1245 3732 1405 3811; x_wconf 88' lang='lat' dir='ltr'><strong>insedisse,</strong></span> <span class='ocrx_word' id='word_1_319' title='bbox 1433 3749 1469 3793; x_wconf 90' lang='lat' dir='ltr'><strong>ao</strong></span> 
     </span>
     <span class='ocr_line' id='line_1_33' title="bbox 84 3840 1470 3924; baseline -0.004 -15"><span class='ocrx_word' id='word_1_320' title='bbox 84 3845 170 3909; x_wconf 92' lang='lat' dir='ltr'><strong>aliam</strong></span> <span class='ocrx_word' id='word_1_321' title='bbox 191 3842 353 3923; x_wconf 89' lang='lat' dir='ltr'><strong>insequutis</strong></span> <span class='ocrx_word' id='word_1_322' title='bbox 381 3840 507 3903; x_wconf 90' lang='lat' dir='ltr'><strong>saeculis</strong></span> <span class='ocrx_word' id='word_1_323' title='bbox 526 3843 747 3923; x_wconf 88' lang='lat' dir='ltr'><strong>protestantium</strong></span> <span class='ocrx_word' id='word_1_324' title='bbox 770 3849 885 3905; x_wconf 88' lang='lat' dir='ltr'><strong>mentes</strong></span> <span class='ocrx_word' id='word_1_325' title='bbox 907 3859 1078 3924; x_wconf 75' lang='lat' dir='ltr'><strong>occupasse.</strong></span> <span class='ocrx_word' id='word_1_326' title='bbox 1122 3841 1205 3906; x_wconf 89' lang='lat' dir='ltr'><strong>Unde</strong></span> <span class='ocrx_word' id='word_1_327' title='bbox 1233 3844 1311 3905; x_wconf 93' lang='lat' dir='ltr'><strong>enim</strong></span> <span class='ocrx_word' id='word_1_328' title='bbox 1331 3840 1361 3904; x_wconf 92' lang='lat' dir='ltr'><strong>bi</strong></span> <span class='ocrx_word' id='word_1_329' title='bbox 1384 3858 1470 3904; x_wconf 92' lang='lat' dir='ltr'><strong>occa·</strong></span> 
     </span>
     <span class='ocr_line' id='line_1_34' title="bbox 84 3948 1471 4034; baseline -0.004 -16"><span class='ocrx_word' id='word_1_330' title='bbox 84 3957 199 4018; x_wconf 91' lang='lat' dir='ltr'><strong>sionem</strong></span> <span class='ocrx_word' id='word_1_331' title='bbox 222 3951 278 4014; x_wconf 88' lang='lat' dir='ltr'><strong>sibi</strong></span> <span class='ocrx_word' id='word_1_332' title='bbox 299 3948 423 4013; x_wconf 89' lang='lat' dir='ltr'><strong>oblatam</strong></span> <span class='ocrx_word' id='word_1_333' title='bbox 446 3950 628 4031; x_wconf 89' lang='lat' dir='ltr'><strong>arbitrantur,</strong></span> <span class='ocrx_word' id='word_1_334' title='bbox 651 3968 708 4031; x_wconf 90' lang='lat' dir='ltr'><strong>qua</strong></span> <span class='ocrx_word' id='word_1_335' title='bbox 727 3949 803 4012; x_wconf 92' lang='lat' dir='ltr'><strong>illius</strong></span> <span class='ocrx_word' id='word_1_336' title='bbox 823 3952 1024 4014; x_wconf 87' lang='lat' dir='ltr'><strong>auctoritatem</strong></span> <span class='ocrx_word' id='word_1_337' title='bbox 1049 3951 1220 4034; x_wconf 90' lang='lat' dir='ltr'><strong>deprimant,</strong></span> <span class='ocrx_word' id='word_1_338' title='bbox 1242 3951 1471 4033; x_wconf 88' lang='lat' dir='ltr'><strong>dignitatemque</strong></span> 
     </span>
     <span class='ocr_line' id='line_1_35' title="bbox 84 4059 1470 4147; baseline -0.003 -21"><span class='ocrx_word' id='word_1_339' title='bbox 84 4062 293 4147; x_wconf 79' lang='lat' dir='ltr'><strong>pessumdent3</strong></span> <span class='ocrx_word' id='word_1_340' title='bbox 320 4059 388 4122; x_wconf 91' lang='lat' dir='ltr'><strong>inde</strong></span> <span class='ocrx_word' id='word_1_341' title='bbox 409 4059 541 4122; x_wconf 87' lang='lat' dir='ltr'><strong>Patribus</strong></span> <span class='ocrx_word' id='word_1_342' title='bbox 563 4065 734 4141; x_wconf 85' lang='lat' dir='ltr'><strong>argumenta</strong></span> <span class='ocrx_word' id='word_1_343' title='bbox 755 4067 925 4141; x_wconf 89' lang='lat' dir='ltr'><strong>suppetunt,</strong></span> <span class='ocrx_word' id='word_1_344' title='bbox 952 4059 1058 4142; x_wconf 92' lang='lat' dir='ltr'><strong>quibus</strong></span> <span class='ocrx_word' id='word_1_345' title='bbox 1078 4079 1136 4124; x_wconf 91' lang='lat' dir='ltr'><strong>una</strong></span> <span class='ocrx_word' id='word_1_346' title='bbox 1157 4080 1223 4124; x_wconf 90' lang='lat' dir='ltr'><strong>cum</strong></span> <span class='ocrx_word' id='word_1_347' title='bbox 1244 4061 1349 4142; x_wconf 87' lang='lat' dir='ltr'><strong>potiori</strong></span> <span class='ocrx_word' id='word_1_348' title='bbox 1369 4065 1470 4122; x_wconf 88' lang='lat' dir='ltr'><strong>aucto·</strong></span> 
     </span>
     <span class='ocr_line' id='line_1_36' title="bbox 84 4148 1108 4251; baseline -0.003 -14"><span class='ocrx_word' id='word_1_349' title='bbox 84 4174 168 4237; x_wconf 89' lang='lat' dir='ltr'><strong>ritate</strong></span> <span class='ocrx_word' id='word_1_350' title='bbox 187 4171 361 4235; x_wconf 88' lang='lat' dir='ltr'><strong>modestiam</strong></span> <span class='ocrx_word' id='word_1_351' title='bbox 381 4148 474 4250; x_wconf 82' lang='lat' dir='ltr'><strong>Petri,</strong></span> <span class='ocrx_word' id='word_1_352' title='bbox 496 4168 715 4250; x_wconf 86' lang='lat' dir='ltr'><strong>demissumque</strong></span> <span class='ocrx_word' id='word_1_353' title='bbox 736 4170 865 4231; x_wconf 91' lang='lat' dir='ltr'><strong>animum</strong></span> <span class='ocrx_word' id='word_1_354' title='bbox 891 4169 1108 4251; x_wconf 83' lang='lat' dir='ltr'><strong>depraedicant.</strong></span> 
     </span>
    </p>
   </div>
   <div class='ocr_carea' id='block_1_5' title="bbox 146 4379 1471 5074">
    <p class='ocr_par' dir='ltr' id='par_1_7' title="bbox 146 4379 751 4460">
     <span class='ocr_line' id='line_1_37' title="bbox 146 4379 751 4460; baseline -0.005 -21"><span class='ocrx_word' id='word_1_355' title='bbox 146 4384 193 4460; x_wconf 77' lang='lat'><strong>³⁵)</strong></span> <span class='ocrx_word' id='word_1_356' title='bbox 214 4383 244 4440; x_wconf 90' lang='lat' dir='ltr'><strong>ln</strong></span> <span class='ocrx_word' id='word_1_357' title='bbox 257 4383 326 4440; x_wconf 78' lang='lat' dir='ltr'><strong>Acta</strong></span> <span class='ocrx_word' id='word_1_358' title='bbox 338 4382 464 4456; x_wconf 75' lang='lat' dir='ltr'><strong>Apostol.</strong></span> <span class='ocrx_word' id='word_1_359' title='bbox 478 4381 551 4437; x_wconf 81' lang='lat' dir='ltr'><strong>hom.</strong></span> <span class='ocrx_word' id='word_1_360' title='bbox 565 4379 661 4438; x_wconf 84' lang='lat' dir='ltr'><strong>xxtv.</strong></span> <span class='ocrx_word' id='word_1_361' title='bbox 682 4397 708 4436; x_wconf 87' lang='lat' dir='ltr'><strong>u.</strong></span> <span class='ocrx_word' id='word_1_362' title='bbox 723 4380 751 4437; x_wconf 82' lang='lat'><strong>2.</strong></span> 
     </span>
    </p>

    <p class='ocr_par' dir='ltr' id='par_1_8' title="bbox 146 4505 371 4583">
     <span class='ocr_line' id='line_1_38' title="bbox 146 4505 371 4583; baseline -0.009 -20"><span class='ocrx_word' id='word_1_363' title='bbox 146 4507 193 4583; x_wconf 79' lang='lat'><strong>¹⁸)</strong></span> <span class='ocrx_word' id='word_1_364' title='bbox 213 4506 281 4563; x_wconf 80' lang='lat' dir='ltr'><strong>uta.</strong></span> <span class='ocrx_word' id='word_1_365' title='bbox 302 4524 328 4564; x_wconf 77' lang='lat' dir='ltr'><strong>n.</strong></span> <span class='ocrx_word' id='word_1_366' title='bbox 345 4505 371 4562; x_wconf 87' lang='lat' dir='ltr'><strong>t.</strong></span> 
     </span>
    </p>

    <p class='ocr_par' dir='ltr' id='par_1_9' title="bbox 146 4628 284 4705">
     <span class='ocr_line' id='line_1_39' title="bbox 146 4628 284 4705; baseline -0.014 -19"><span class='ocrx_word' id='word_1_367' title='bbox 146 4628 284 4705; x_wconf 75' lang='lat' dir='ltr'><strong>⁸⁷)1uta.</strong></span> 
     </span>
    </p>

    <p class='ocr_par' dir='ltr' id='par_1_10' title="bbox 146 4750 1471 4950">
     <span class='ocr_line' id='line_1_40' title="bbox 147 4750 1471 4834; baseline -0.011 -6"><span class='ocrx_word' id='word_1_368' title='bbox 147 4754 192 4828; x_wconf 76' lang='lat'><strong>³⁸)</strong></span> <span class='ocrx_word' id='word_1_369' title='bbox 213 4752 270 4809; x_wconf 63' lang='lat' dir='ltr'><strong>Lib·</strong></span> <span class='ocrx_word' id='word_1_370' title='bbox 291 4752 336 4809; x_wconf 70' lang='lat' dir='ltr'><strong>lx·</strong></span> <span class='ocrx_word' id='word_1_371' title='bbox 357 4752 437 4826; x_wconf 53' lang='lat' dir='ltr'><strong>elbi·</strong></span> <span class='ocrx_word' id='word_1_372' title='bbox 459 4750 579 4808; x_wconf 66' lang='lat' dir='ltr'><strong>ffllx·</strong></span> <span class='ocrx_word' id='word_1_373' title='bbox 865 4759 909 4834; x_wconf 84' lang='lat'><strong>⁴⁴)</strong></span> <span class='ocrx_word' id='word_1_374' title='bbox 928 4759 969 4817; x_wconf 83' lang='lat' dir='ltr'><strong>oe</strong></span> <span class='ocrx_word' id='word_1_375' title='bbox 995 4760 1050 4817; x_wconf 89' lang='lat' dir='ltr'><strong>hoo</strong></span> <span class='ocrx_word' id='word_1_376' title='bbox 1069 4759 1192 4834; x_wconf 84' lang='lat' dir='ltr'><strong>querelae</strong></span> <span class='ocrx_word' id='word_1_377' title='bbox 1217 4754 1410 4833; x_wconf 75' lang='lat' dir='ltr'><strong>capitelam</strong></span> <span class='ocrx_word' id='word_1_378' title='bbox 1430 4755 1471 4813; x_wconf 87' lang='lat' dir='ltr'><strong>ui·</strong></span> 
     </span>
     <span class='ocr_line' id='line_1_41' title="bbox 146 4865 988 4950; baseline -0.013 -19"><span class='ocrx_word' id='word_1_379' title='bbox 146 4875 194 4950; x_wconf 72' lang='lat'><strong>³⁹)</strong></span> <span class='ocrx_word' id='word_1_380' title='bbox 212 4875 303 4932; x_wconf 74' lang='lat' dir='ltr'><strong>litiih.</strong></span> <span class='ocrx_word' id='word_1_381' title='bbox 324 4875 397 4933; x_wconf 76' lang='lat' dir='ltr'><strong>XVI.</strong></span> <span class='ocrx_word' id='word_1_382' title='bbox 421 4873 467 4931; x_wconf 85' lang='grc'><strong>19.</strong></span> <span class='ocrx_word' id='word_1_383' title='bbox 801 4865 837 4923; x_wconf 83' lang='lat' dir='ltr'><strong>hil</strong></span> <span class='ocrx_word' id='word_1_384' title='bbox 858 4865 947 4921; x_wconf 84' lang='lat' dir='ltr'><strong>hahet</strong></span> <span class='ocrx_word' id='word_1_385' title='bbox 985 4886 988 4891; x_wconf 54' lang='lat'><em>¹</em></span> 
     </span>
    </p>

    <p class='ocr_par' dir='ltr' id='par_1_11' title="bbox 151 4994 1250 5074">
     <span class='ocr_line' id='line_1_42' title="bbox 151 4994 1250 5074; baseline -0.007 -19"><span class='ocrx_word' id='word_1_386' title='bbox 151 4996 446 5074; x_wconf 50' lang='lat' dir='ltr'><strong>mmmm</strong></span> <span class='ocrx_word' id='word_1_387' title='bbox 865 4994 1250 5071; x_wconf 50' lang='lat' dir='ltr'><strong>mmmmw</strong></span> 
     </span>
    </p>
   </div>
   <div class='ocr_carea' id='block_1_6' title="bbox 0 0 1638 5400">
    <p class='ocr_par' dir='ltr' id='par_1_12' title="bbox 0 0 1638 5400">
     <span class='ocr_line' id='line_1_43' title="bbox 0 0 1638 5400; baseline 0 0"><span class='ocrx_word' id='word_1_388' title='bbox 0 0 1638 5400; x_wconf 95' lang='lat' dir='ltr'><strong> </strong></span> 
     </span>
    </p>
   </div>
  </div>
 </body>
</html>
