3266 5416
516 290 522 303 ·
619 260 764 329 mmo*
803 263 849 329 V·
1379 264 1422 326 67

61 435 117 493 rmt
133 446 202 512 quas
224 429 461 513 Eiemnpmus²’
484 430 599 494 scribit:
642 431 820 513 „Propterea
849 429 928 494 inter
947 428 1102 493 duodecim
1121 446 1198 492 unns
1218 429 1350 511 eligitur,
1377 438 1417 513 ut,

63 546 146 618 capse
167 541 338 620 constituto,
367 539 531 603 schismatis
556 538 674 603 tollatau
700 541 850 603 occasio.“
891 538 920 601 A
953 538 1057 620 quous
1091 539 1179 602 dividi
1210 556 1269 602 non
1296 539 1418 621 debent,

63 665 126 730 qnae
144 650 171 711 in
192 646 335 730 ephesina
355 649 486 731 synodo,
507 649 625 712 nemine
647 648 853 730 dissentiente,
873 646 1018 731 Philippus
1042 667 1183 713 romanae
1204 649 1284 714 sedis
1304 649 1419 733 legatus

59 756 97 818 his
116 756 205 820 vetis
219 759 249 791 ⁸·
273 758 446 840 complemus
468 765 528 821 est:
563 757 660 839 „Nulli
681 758 808 838 dubium,
830 758 920 820 immo
940 759 1066 823 saeculis
1087 759 1222 823 omnihus
1243 768 1343 822 notum
1364 768 1419 839 est,

57 866 125 947 quod
147 873 277 948 unnim,
307 866 551 949 beatissimusque
579 866 696 947 Petrus,
726 869 744 931 d
767 864 903 949 ἔξαρχος
931 869 985 932 καὶ
1008 865 1128 957 usquin)
1150 870 1215 933 sois
1234 866 1420 942 ἀποστόλων

55 976 176 1057 princeps
206 984 237 1039 et
264 984 358 1057 caput
386 976 600 1060 apostolorum,
630 976 698 1040 lidei
725 977 875 1059 columna,
908 976 961 1041 sui
988 975 1137 1059 depedace
1164 981 1217 1056 τῆς
1245 977 1420 1055 solicitude

54 1084 200 1161 ἐκκλησίας
229 1092 261 1149 et
288 1086 435 1151 ecclesiae
463 1086 624 1150 catholicae
650 1084 868 1149 fundamentum
898 1106 915 1150 a
936 1084 1060 1150 Domino
1087 1070 1188 1151 nostro
1209 1088 1281 1152 lesu
1302 1088 1417 1152 Christo

54 1193 190 1260 Salvatore
217 1196 340 1260 hnmsni
368 1199 488 1280 generis
508 1215 544 1259 se
564 1195 761 1277 Redemptore
781 1195 881 1258 elavos
899 1196 985 1277 regni
1012 1198 1140 1279 accepit,
1169 1197 1361 1280 solvendique
1383 1216 1419 1260 ac

54 1304 150 1387 hamul
174 1313 299 1388 pennata
320 1313 456 1388 potestas
483 1307 539 1387 ipsi
566 1304 633 1369 data
655 1312 715 1386 ost,
743 1306 793 1388 qui
813 1301 928 1369 adhoc
948 1323 1043 1386 nsque
1063 1313 1177 1389 tempus
1200 1315 1230 1370 et
1252 1327 1371 1390 semper
1391 1310 1421 1371 in

54 1415 107 1477 suis
125 1415 348 1479 meoessorihns
369 1418 448 1498 vivit,
471 1424 501 1480 et
520 1415 657 1479 iudicium
678 1415 830 1479 exercet“
872 1415 967 1488 mum
987 1417 1085 1497 itaque
1106 1417 1179 1480 mim
1200 1418 1329 1481 omnium
1350 1435 1421 1481 con-

55 1526 180 1588 sensione
204 1542 318 1589 nomen
339 1532 369 1588 et
389 1526 514 1609 dignitas
535 1531 646 1604 cupitis
667 1524 753 1589 Petro
772 1522 951 1604 deferretur,
978 1524 1072 1589 uideri
1092 1526 1222 1591 insolens
1242 1544 1302 1589 non
1324 1526 1420 1608 dehet,

54 1634 122 1715 qnod
148 1635 185 1698 de
204 1634 353 1699 allusione
375 1635 502 1718 Gepham
522 1636 599 1699 inter
626 1642 656 1698 et
676 1629 819 1721 requiris
841 1635 1034 1715 cogitaretur,
1063 1653 1099 1698 ac
1119 1644 1242 1718 utraque
1264 1635 1350 1699 simul
1371 1655 1421 1717 sp·

55 1744 169 1826 pallido,
191 1744 442 1827 quemadmodum
463 1764 481 1809 e
501 1744 621 1827 Philippi
642 1743 741 1807 uerbis
762 1761 869 1807 eruore
889 1743 972 1824 licet,
1001 1745 1237 1826 coniungeretur.
1280 1745 1325 1807 Ac
1346 1744 1420 1808 tales

59 1856 170 1936 polesio
190 1862 278 1937 sunt,
300 1862 332 1919 ut
351 1856 465 1936 quoties
483 1856 707 1939 μεταφορικῶς
727 1853 925 1934 accipiuntur,
946 1854 1033 1917 toties
1053 1855 1083 1916 in
1104 1872 1206 1936 unam,
1229 1855 1422 1937 eamdemque

62 1965 290 2047 dqnihmtionem
315 1964 574 2053 dupliciimaqine
600 1981 771 2047 expressam
793 1961 1028 2026 manifestissime
1053 1963 1193 2028 recidant.
1235 1963 1320 2037 Quod
1345 1966 1424 2030 eninr
1499 1978 1504 1985 ·

60 2070 129 2178 Ia'm
158 2101 306 2185 significat
333 2108 404 2184 prae
426 2088 569 2183 ecclesia,
599 2121 674 2185 quae
696 2119 763 2165 oum
782 2099 905 2179 templo,
928 2098 1013 2163 domo
1031 2106 1061 2163 et
1080 2106 1205 2164 civitate
1225 2111 1422 2201 comparatum

56 2191 165 2320 idipsum
185 2231 312 2326 κεφαλὴ
333 2239 477 2320 exprimit,
497 2240 523 2303 si
544 2238 670 2302 ecclesis
691 2237 782 2300 instar
802 2242 951 2317 corporis,
970 2242 1187 2317 societatisque
1208 2240 1418 2304 consideretur.

56 2371 141 2447 Quare
155 2373 361 2460 fundamenti
391 2382 422 2437 et
440 2378 550 2454 cepitis
571 2372 780 2455 appellationes
800 2380 944 2457 potestate
965 2373 1178 2457 aequipollent,
1208 2378 1307 2459 etqui
1339 2370 1424 2458 imm

56 2510 222 2594 interpretati
244 2518 314 2576 sunt
333 2507 484 2594 κεφαλήν,
504 2508 645 2573 locutioni
664 2507 881 2590 metaphoricae
900 2507 1078 2574 locutionem
1096 2510 1324 2593 metaphoricum
1346 2465 1430 2575 eius·²

56 2619 116 2685 dem
133 2622 289 2703 potestatis
312 2618 499 2683 moecernno.
542 2617 625 2682 Unde
648 2618 718 2682 illud
738 2626 888 2701 postremo
915 2618 1117 2701 confirmatam,
1147 2621 1225 2703 quod
1251 2621 1336 2685 nohis
1357 2640 1424 2703 pro-

56 2732 168 2811 positum
190 2738 258 2795 erat
278 2729 446 2810 ostendere,
467 2744 527 2791 non
548 2746 671 2792 caussae
692 2730 849 2810 gravitate,
870 2728 925 2793 sed
943 2732 1067 2811 portium
1088 2731 1182 2794 studio
1203 2734 1336 2796 incitatos
1357 2751 1425 2815 pro·

750 2833 760 2862 t

56 2873 185 2932 letantes
205 2867 281 2931 nihil
298 2883 358 2929 non
371 2867 509 2946 movisse,
533 2871 565 2927 ut
586 2864 688 2929 allusio
717 2856 803 2943 lm
834 2865 911 2927 inter
931 2871 962 2927 et
977 2859 1118 2950 requiris
1131 2871 1236 2931 merito
1256 2867 1424 2950 improbata,

55 2979 214 3060 selectaque
238 2976 397 3042 videretur.

570 3421 803 3518 ollii
850 3422 892 3516 ll.

368 3613 460 3680 Nous
489 3627 687 3707 ressuscites
713 3626 919 3716 ormesta,
957 3614 1069 3699 quidus
1102 3614 1218 3680 Petrus
1254 3638 1275 3679 c
1304 3615 1427 3682 Christo

263 3733 378 3789 ουσία
407 3734 441 3789 in
471 3727 637 3813 ecuuqsltis
669 3711 820 3794 daddus.-
850 3767 892 3778 -
925 3748 960 3792 so
988 3732 1182 3805 potissimum
1207 3735 1360 3808 spectant,
1392 3736 1427 3791 ut

264 3833 382 3901 Petrus
402 3838 446 3900 cd
463 3857 584 3916 mursa,
605 3838 840 3922 diqudctsmquo
856 3836 1051 3914 uniuersalis,
1072 3844 1268 3918 supremique
1285 3836 1428 3919 fidelium

265 3947 397 4010 decim
424 3969 464 4011 uc
492 3953 635 4033 usoqistri
664 3947 836 4010 destinatus
862 3949 1020 4012 rideatur.-
1050 3985 1090 3996 -
1113 3954 1235 4027 potiora
1262 3968 1342 4029 quoe
1367 3945 1428 4009 Ituc
1496 3956 1502 3969 '

261 4054 388 4139 fuedant
408 4064 597 4134 testimmsia,
628 4053 739 4119 Mutilo.
764 4051 878 4118 XVII.
903 4060 1031 4133 1-1o,
1056 4053 1191 4120 XXVI.
1214 4056 1371 4136 :to-40,
1399 4065 1430 4120 et

266 4162 367 4231 IIcrc.
394 4163 432 4230 V.
455 4169 508 4230 37.
527 4165 746 4247 espemdusutur
764 4172 856 4247 utque
876 4167 1080 4232 vindicentur.

164 4449 212 4505 50.
255 4384 434 4522 Simonem,
465 4459 553 4524 quem
581 4442 711 4507 Christus
738 4442 900 4526 prophetici
920 4445 1069 4507 nominis¹
1110 4429 1321 4526 promissione,
1352 4443 1430 4505 eius·

67 4554 140 4630 qne²
184 4552 364 4635 impositione
397 4570 415 4614 e
444 4559 609 4616 ceterorum
638 4554 834 4635 apostolorum
860 4570 983 4616 numero
1013 4532 1198 4635 secreverit,
1234 4556 1272 4618 ita
1307 4570 1429 4631 ornare,

70 4661 196 4740 quamdiu
215 4661 366 4725 mortalem
387 4662 476 4725 vitam
497 4661 592 4745 degit,
620 4664 763 4745 novisque
783 4662 814 4725 in
836 4661 899 4726 dies
920 4662 1068 4726 cumulare
1098 4662 1212 4727 dotibus
1234 4664 1375 4747 perrexit,
1401 4667 1432 4723 ut

126 4866 359 4941 ”tmuum.
379 4871 464 4935 no.n
485 4823 576 4929 uss.
834 4873 860 4947 ι)
880 4888 907 4927 n.
929 4871 976 4928 ao.

128 4970 175 5049 ”t
192 4972 303 5037 nem
316 4994 380 5053 m.
392 4979 478 5039 reru
499 4978 563 5039 uus.
585 4976 723 5039 nusum
831 4975 861 5053 ³)
882 4993 909 5034 n.
929 4975 979 5035 so.
1198 5071 1223 5121 ὕ

1160 5074 1184 5146 5
