3266 5416
585 301 731 371 CAPUT
771 303 826 367 111.
1352 308 1393 369 to

40 472 175 535 omousi
198 487 252 533 suo
275 487 328 533 ore
349 469 519 551 explicavit,
542 470 632 534 multo
654 470 738 535 111111
758 469 909 535 sublimius
930 470 1007 532 Petri
1026 468 1228 551 privilegium,
1252 470 1390 554 illumque

42 582 92 642 iure
114 586 192 660 etque
211 580 383 643 auctoritate
411 578 550 661 apostolis
571 579 771 661 praehabitum
793 580 927 644 ostendit
971 579 1001 644 Si
1023 580 1100 642 enim
1122 579 1222 645 Simon
1242 589 1325 662 petra
1347 589 1393 644 est

40 687 175 770 11111111,
209 689 297 769 eique
330 685 456 770 άμέσως
482 697 549 771 post
569 688 729 771 Christum,
759 697 789 754 et
827 688 992 773 ἀναλόγως
1020 708 1086 753 cum
1109 689 1254 753 Christo⁶
1287 691 1331 753 vis
1362 697 1392 753 et

35 800 174 880 proprietas
193 800 269 862 inest
289 798 482 881 limdementi,
509 801 556 863 cui
579 799 811 863 ecclesiasticum
830 799 993 863 aedilicium
1015 799 1181 881 incumbet,
1202 800 1250 863 bic
1272 801 1393 867 exsistet

34 908 145 986 1111111,
158 916 250 990 11111
271 908 347 972 baec
369 909 514 974 Christum
536 911 613 973 inter
633 917 663 972 et
685 909 835 974 Simonem
857 917 967 988 σχέσις
988 910 1126 991 prodibit:
1150 918 1181 973 ut
1202 910 1392 992 quemadmo-

34 1017 89 1081 dum
110 1017 231 1082 Cbristus
254 1036 294 1081 ex
315 1038 400 1100 sese,
428 1021 553 1101 primum
574 1027 662 1100 atque
681 1020 877 1101 potissimum,
900 1022 938 1083 ila
959 1020 1059 1084 Simon
1079 1020 1315 1103 participatione,
1344 1038 1392 1083 se·

34 1129 113 1191 cundo
135 1137 216 1212 alque
238 1125 406 1209 ἀναλόγως
427 1128 464 1193 11
485 1129 634 1209 apostolos
655 1137 771 1192 ceteros
793 1127 946 1209 referatur,
969 1131 1043 1192 sicut
1058 1128 1274 1193 lundomentum
1295 1130 1332 1193 11
1356 1148 1391 1192 11

31 1237 178 1320 retentu',
213 1259 290 1322 quae
317 1257 405 1321 super
430 1238 500 1302 illud
526 1247 675 1304 exstructa
702 1239 848 1321 continet,
877 1240 979 1319 vincit,
1006 1239 1153 1320 inditaque
1182 1239 1237 1307 sibi
1257 1237 1391 1302 firmitate

34 1347 193 1412 corroboret
278 1348 280 1352 ’

121 1466 167 1522 et.
207 1459 290 1523 Haec
318 1468 416 1523 auteur
444 1458 547 1523 relatio
575 1477 634 1522 non
661 1459 782 1522 honoris
810 1458 947 1523 duntaxat
975 1465 1020 1521 est
1040 1458 1259 1541 praecellentis,
1291 1477 1393 1523 verum

33 1570 103 1632 etiem
123 1571 239 1652 potioris
261 1570 450 1633 auctoritatis.
495 1569 579 1643 Quod
596 1575 770 1648 comparate
792 1569 871 1631 iuxta
894 1587 929 1631 ac
942 1562 1062 1643 ἁπλῶς,
1084 1567 1319 1647 simpliciterque
1341 1569 1393 1632 de-

33 1685 194 1742 monstretur.
235 1678 353 1742 Etenim
378 1679 484 1743 codem
505 1675 651 1762 ἀναλόγῳ
673 1697 786 1763 genere
808 1679 931 1760 apostoli
960 1677 997 1741 11
1019 1677 1161 1741 Christum
1191 1678 1277 1741 etad
1300 1678 1394 1743 Simo-

35 1806 88 1850 nem
109 1798 223 1869 petram
251 1789 466 1852 referebantur.
510 1788 556 1851 Ad
585 1788 730 1852 Christum
756 1807 829 1853 vero
860 1807 896 1851 eo
924 1787 1023 1851 habitu
1051 1787 1269 1868 referebantur,
1288 1778 1394 1869 'eaque

40 1906 122 1972 σχέσει
144 1899 407 1978 subordinetionis,
431 1917 487 1979 qua
508 1917 634 1962 necesse
658 1907 721 1963 erat
741 1907 771 1963 ut
792 1899 831 1962 itti
854 1899 1016 1961 arctissime
1038 1900 1048 1930 ³
1073 1897 1275 1960 adhaererent.
1320 1897 1396 1959 lntre

36 2006 96 2069 idem
121 2028 191 2089 ergo
219 2028 335 2092 genus,
350 2026 461 2090 -neque
490 2007 621 2072 dissimili
649 2009 893 2073 subordinationis
922 2007 1020 2071 babitu
1041 2027 1057 2070 a
1080 2008 1198 2073 Simone
1219 2005 1394 2089 pendebant,

36 2132 105 2194 pem
123 2120 150 2180 in
170 2120 352 2182 consortium
374 2136 445 2181 suec
468 2116 609 2180 firmitatis
630 2117 761 2182 Christus
782 2119 911 2182 adscivit.
955 2117 1039 2180 Hunc
1065 2123 1161 2179 autem
1183 2116 1395 2180 subordinatio-

18 2216 70 2307 ,uis
86 2225 204 2291 habitum
227 2230 253 2291 si
276 2229 327 2309 qui
347 2248 364 2290 e
387 2226 484 2291 medio
506 2228 691 2308 sustulerint,
718 2230 811 2309 ipsam
833 2246 949 2310 quoque
972 2235 1105 2291 evertant
1132 2233 1308 2311 inopinam,
1338 2245 1396 2307 qua
1515 2250 1519 2261 ’

36 2334 189 2417 unguerem
214 2337 294 2401 Petri
321 2337 491 2419 dignitatem
519 2337 717 2403 adumbratam
738 2338 869 2401 Christus
896 2337 1001 2419 voluit,
1028 2337 1184 2417 locumque
1205 2337 1396 2419 praecludent

18 2447 219 2531 participationi
247 2446 326 2509 illius
356 2446 447 2526 dotis,
476 2465 563 2527 quam
592 2466 658 2510 cum
686 2448 805 2512 Simone
832 2448 1091 2527 communicatam,
1124 2446 1201 2509 lacto
1228 2447 1270 2511 itti
1294 2455 1395 2529 petrae

36 2556 146 2637 nomine,
167 2555 299 2619 Christus
320 2555 503 2638 significarit.
545 2556 660 2620 Etenim
682 2576 778 2639 neque
800 2559 898 2640 imago
920 2557 1098 2621 fundamenti
1118 2577 1154 2620 11
1176 2559 1244 2637 erit,
1268 2575 1344 2638 quae
1366 2559 1395 2620 in

37 2659 130 2727 Petrum
149 2677 213 2749 epte
235 2666 338 2746 cadat,
367 2668 393 2729 si
413 2665 491 2728 nulle
513 2667 651 2749 apostolis
673 2668 834 2731 necessitas
860 2666 946 2730 buerit
969 2686 1035 2730 cum
1057 2686 1094 2730 eo
1117 2665 1311 2729 cohaerendi:
1343 2684 1395 2727 ne·

41 2789 83 2849 que
103 2780 241 2859 particeps
271 2775 349 2838 illius
372 2774 464 2856 dotis,
494 2795 551 2857 qua
573 2776 702 2840 Christus
722 2784 805 2858 petra
827 2786 873 2840 111
895 2786 925 2841 11
945 2776 1177 2857 fundamentum,
1206 2778 1269 2857 ipse
1292 2778 1394 2838 merito

44 2883 240 2969 existimabitur,
272 2887 298 2950 si
327 2888 390 2948 iure
412 2886 552 2967 caruerit,
583 2903 641 2968 quo
662 2887 742 2968 ipsos
763 2889 849 2952 etiam
872 2886 1019 2971 apostolos
1040 2886 1077 2949 ed
1098 2886 1272 2949 servandam
1294 2904 1395 2948 secum

18 2993 165 3077 unuani,
194 3000 493 3077 coniunctionemque
521 2996 654 3079 obligare
682 3006 791 3079 posset.
842 2999 1014 3079 Comparate
1043 3014 1117 3078 ergo
1147 3004 1233 3076 atque
1265 2994 1396 3057 absolute

18 3106 142 3201 Locustet,
169 3126 205 3170 eo
234 3108 375 3188 nomine,
407 3125 502 3188 eaque
529 3126 582 3188 per
608 3125 717 3169 nomen
746 3126 886 3188 expresse
913 3108 1052 3190 dignitate
1084 3106 1233 3172 Simonem
1262 3102 1352 3167 fuisse
1380 3124 1397 3167 e

18 3210 130 3287 ,Christo
151 3217 306 3298 donatum,
328 3235 384 3298 que
406 3234 481 3279 unus
502 3218 640 3298 apostolis
662 3217 796 3281 omnibus
818 3217 931 3281 bonore
954 3226 983 3281 et
1003 3223 1147 3301 potestate
1169 3213 1367 3277 antecelleret.

124 3333 168 3390 25.
210 3328 235 3391 E
258 3326 364 3408 quibus
385 3344 509 3407 pronum
531 3334 577 3389 111
598 3327 790 3408 concludere,
813 3329 867 3410 ipsi
889 3325 1127 3408 πρωτοστασίαν
1148 3344 1243 3407 aeque
1265 3344 1300 3387 ac
1322 3346 1397 3407 apo-

18 3436 161 3537 ,aalma
188 3446 311 3501 auctore
338 3436 469 3519 Christo,
497 3439 688 3500 convenisse:
718 3437 796 3500 illem
827 3437 944 3518 quidem
967 3437 1045 3520 quod
1065 3434 1190 3513 bonore,
1221 3435 1296 3498 banc
1324 3453 1397 3499 vero

39 3544 101 3619 quod
119 3565 182 3609 eum
199 3547 341 3630 apostolis
356 3546 474 3628 reliquis
489 3556 674 3626 cupieritote
687 3545 864 3630 praetulerit,
907 3546 1043 3609 Praetulit
1064 3547 1187 3627 bonore,
1210 3545 1287 3627 quod
1308 3563 1398 3609 unum

18 3650 100 3749 ¹inter
117 3640 217 3721 omnes
239 3676 309 3721 eum
336 3658 391 3720 sibi
411 3660 530 3740 propius
552 3657 694 3737 devinxit,
723 3675 759 3719 ec
781 3657 912 3720 eiusdem
936 3656 1023 3719 divini
1045 3658 1170 3720 nominis
1193 3658 1398 3719 communione

39 3764 152 3828 sociam:
172 3767 310 3849 praetulit
330 3769 515 3848 auctoritate,
539 3786 626 3849 quum
648 3768 677 3828 vi
697 3768 821 3848 impositi
845 3767 969 3829 nominis
991 3765 1148 3848 declarate,
1168 3766 1247 3829 illum
1271 3766 1307 3829 ad
1328 3784 1398 3829 con-

39 3873 141 3938 sortium
155 3877 242 3940 divini
259 3879 400 3959 muneris,
423 3895 481 3959 quo
498 3880 621 3959 ipsemet
634 3894 802 3958 supremum
824 3883 870 3939 est
881 3875 1026 3939 ecclesiae
1041 3876 1268 3957 tundamentum,
1291 3877 1397 3939 evexit.

40 3976 113 4060 Atqui
132 3988 369 4065 πρωτοστασίας
390 3986 563 4049 vocabulum
592 4005 629 4049 eo
656 3988 793 4067 pertinet,
821 3993 853 4048 ut
877 3985 998 4050 honoris
1026 3989 1217 4068 principatum
1246 3986 1396 4068 designet:

41 4096 238 4164 eporoctcoic
260 4099 339 4160 enim
364 4116 418 4179 per
445 4115 493 4177 se,
522 4098 676 4177 nativaque
706 4096 810 4157 virtute
840 4113 899 4157 non
927 4095 1014 4158 elium
1042 4115 1129 4179 quem
1150 4095 1270 4158 honoris
1283 4102 1322 4172 Ι11
1342 4095 1400 4157 loci

40 4197 172 4271 trimatum
194 4207 343 4287 exprimit:
366 4206 444 4269 unde
464 4202 682 4287 πρωτοστάτης
697 4207 812 4286 proprie
826 4212 871 4267 est
886 4207 979 4286 quiin
994 4206 1087 4287 primo
1102 4205 1223 4292 ordine,
1238 4224 1273 4282 ec
1288 4198 1400 4286 'primus

42 4304 63 4363 11
80 4312 136 4373 acie
156 4316 294 4396 consistit,
314 4324 344 4379 et
364 4315 401 4379 ab
420 4315 568 4399 Hesychia
588 4316 701 4394 dicitur,
723 4315 741 4377 d
763 4316 887 4398 πρῶτος
909 4310 996 4396 nopai
1017 4314 1053 4377 rb
1070 4321 1164 4396 κέρας
1184 4318 1236 4392 τῆς
1259 4312 1400 4396 παρατά-

95 4490 118 4566 ⁵)
137 4512 161 4551 1.
181 4495 229 4553 21.
736 4497 765 4553 da
784 4487 877 4571 11115,
905 4486 985 4564 οὗτος
1004 4495 1079 4574 plcet
1098 4488 1207 4573 καρπόν
1226 4487 1327 4555 recide·
1360 4487 1401 4555 dai

94 4593 120 4671 ⁶)
136 4617 177 4658 nn.
199 4602 334 4661 18-19.
687 4640 690 4647 κ
737 4602 820 4680 χωρὶς
839 4599 909 4687 1μοῦΙ
928 4594 961 4661 od
981 4595 1105 4660 circaea
1124 4612 1212 4662 nocete
1232 4595 1317 4662 adita
1357 4604 1403 4661 Et·

96 4699 231 4777 1)1.21.
680 4776 684 4783 ,
737 4712 806 4767 enim
827 4710 934 4767 diverse
954 4709 1170 4783 111111111ςί11,
1196 4711 1291 4768 similis
1315 4717 1401 4767 temen

98 4805 122 4881 ')
140 4809 238 4870 Eodem
266 4816 380 4888 partinet
410 4816 463 4873 elia
490 4815 586 4873 christi
616 4832 689 4874 com·
737 4816 931 4874 coniunctionis
956 4818 1102 4873 necessitas
1128 4823 1237 4890 utreque
1263 4832 1402 4889 compere-

50 4912 426 4998 succensemini
446 4912 537 4997 11μὴ
557 4913 689 4998 clpnalcc,
738 4924 813 4980 tione
836 4923 1011 4997 fundamenti
1036 4928 1064 4977 et
1088 4923 1228 4990 aedificii,
1256 4928 1310 4975 tum
1329 4919 1401 4982 eins,

50 5000 162 5086 111111τᾶ
180 5017 319 5101 11111111·
340 5019 456 5103 debora
475 5028 504 5086 da
523 5028 594 5104 ipol,
614 5020 690 5104 111γώ
736 5028 933 5102 palmitemque
952 5026 1125 5096 significatur.

18 5172 20 5229 Ι
90 5138 201 5204 eruam,
215 5153 389 5194 mummius.
1164 5118 1189 5185 4

18 5236 24 5329 1
107 5326 112 5329 ⁷
