3324 5382
653 260 798 329 CAPUT
837 262 880 328 X·
1393 262 1453 324 tat

82 429 381 516 παραδειγματικῶς,
404 437 556 511 quatem
571 433 601 496 in
614 430 709 513 Petro,
731 437 822 497 uideo
835 429 1052 517 sitndumenfo,
1072 429 1234 515 chamere,
1255 449 1456 512 supremoque

81 542 255 607 ineoolesia
275 542 483 625 eaelommque
502 560 598 624 regno
619 541 795 626 legislatore
824 551 910 626 atque
939 542 1038 605 iudice
1066 543 1161 606 unitas
1189 541 1279 623 ipsius
1309 539 1455 605 ecelesiae

81 652 354 738 praefiguraretur.
397 652 606 717 Consularetur
626 653 732 717 deinde
754 652 873 726 ultime,
895 648 1041 731 ἀρχικοῖς
1061 651 1115 715 aul
1134 652 1357 732 ἐνεργητικιῖς,
1380 672 1454 731 quo-

83 772 170 827 tenos
191 763 294 827 Petrus
312 783 370 842 pro
391 783 451 826 soa
472 762 665 842 fundamenti,
701 762 857 845 clavigeri,
886 762 1075 842 supremique
1096 761 1258 825 iudiciuae
1279 761 1456 845 legislatoris
1547 796 1553 809 ·

81 880 196 936 ratione
217 880 248 936 et
269 872 418 957 dignitate
437 872 581 936 visibilem
604 870 750 935 ecclesiae
771 873 911 935 unitatem
932 869 1086 950 formaret,
1124 870 1303 950 contineret,
1338 870 1457 952 suisque

81 981 325 1064 perfunctionibus
354 990 490 1046 tueretur.
540 981 792 1056 Quemadmodum
828 982 905 1045 euim
940 979 1064 1043 aedilicii
1098 982 1195 1044 uraitas
1223 999 1241 1045 e
1271 979 1457 1043 fundamento

82 1090 220 1174 oboritur,
260 1111 296 1156 ae
324 1093 430 1156 virtute
461 1090 640 1155 fundamenti
668 1108 773 1155 omnes
802 1089 889 1154 simul
914 1097 1013 1171 partas
1042 1088 1207 1172 colligentis
1235 1097 1385 1172 servatur,
1420 1089 1459 1152 ita

85 1202 174 1265 unitas
193 1203 297 1284 regui,
333 1201 646 1283 administrationisque
668 1199 824 1265 consordia
846 1218 936 1283 quum
955 1198 1109 1279 formatur,
1136 1206 1197 1263 nrm
1217 1198 1339 1263 formata
1360 1205 1458 1263 eusto-

85 1309 156 1375 ditur
174 1312 284 1376 unitate
303 1311 454 1395 clavigeri,
474 1311 662 1393 supremique
683 1309 842 1373 iudiciuae
862 1308 1047 1391 legislatoris.

513 1491 916 1569 COROLLARIUM
956 1494 1025 1566 IX.

186 1632 256 1690 151.
298 1626 389 1689 Porro
411 1644 500 1709 quum
521 1628 645 1709 spectari
667 1627 806 1708 primatus
827 1626 904 1690 Petri
925 1624 1085 1706 tripliciter
1112 1626 1220 1708 possit,
1253 1625 1352 1701 ὅντως
1373 1632 1460 1707 atque

83 1742 115 1799 ιἰι
136 1757 179 1814 ae,
200 1738 374 1813 ποιητικῶς
389 1743 476 1818 atque
498 1733 684 1819 efficienter,
706 1735 833 1809 τελικιῖς
854 1753 890 1799 ao
905 1735 1047 1818 finaliter
1053 1762 1064 1813 ‚·
1098 1737 1208 1800 nemini
1229 1735 1347 1800 dubium
1368 1734 1461 1798 videri

81 1845 184 1910 debet:
204 1846 225 1910 l.
249 1846 348 1919 ὅντως
368 1865 404 1910 ao
424 1848 454 1908 in
476 1864 510 1908 so
531 1846 684 1927 primatum
705 1862 773 1908 esse
793 1846 915 1927 potioris
937 1846 1016 1926 iuris,
1039 1846 1291 1928 auctoritatisque:
1319 1845 1352 1907 ll.
1375 1864 1461 1920 nmq-

80 1958 169 2032 τιιιῶς
190 1976 226 2020 ae
248 1955 412 2019 efficienter
432 1974 449 2018 a
467 1954 582 2019 Chauto
603 1954 762 2036 dimanare,
786 1956 834 2036 qui
856 1955 906 2018 uni
927 1953 1012 2019 Petro
1034 1956 1115 2037 dixit,
1136 1947 1227 2036 aclyol
1251 1952 1287 2018 di
1307 1953 1357 2017 noi
1379 1953 1459 2035 layo)
1538 1990 1547 2001 ·

83 2089 109 2130 κ.
130 2088 155 2130 ι.
176 2067 222 2131 λ..·
246 2073 275 2130 et
300 2065 345 2128 lll.
367 2065 494 2140 τιλιιιώς
514 2083 550 2129 ao
569 2064 693 2129 finaliter
713 2064 750 2128 ad
771 2066 957 2147 conspicuam
980 2064 1125 2129 ecelesiae
1145 2065 1284 2128 unitatem
1306 2081 1462 2146 praemon·

82 2176 235 2258 strandum,
259 2174 448 2255 formandam,
472 2175 733 2257 vindicandumque
754 2174 868 2239 referri.

526 2356 930 2433 COROLLARIUM
970 2358 1017 2430 X.

188 2498 260 2555 152.
302 2490 533 2556 severorum
556 2499 601 2555 est
620 2492 759 2555 unitatem
781 2491 926 2555 ecclesiae
945 2495 1212 2571 praemonstrare,
1244 2508 1279 2553 aa
1300 2489 1377 2553 aliud
1398 2490 1462 2557 uni·

87 2606 170 2665 tatem
190 2602 339 2666 ecclesiae
355 2600 515 2687 smmare,
534 2609 694 2685 protegere
714 2621 749 2665 ac
769 2609 862 2665 tueri:
884 2600 953 2664 illud
976 2602 1054 2662 anim
1075 2598 1111 2661 ad
1131 2595 1312 2680 ἀρχέτυπον
1318 2644 1329 2675 ,
1360 2620 1462 2661 emem-

81 2709 255 2793 ploremque
276 2732 437 2790 romaum,
472 2711 530 2773 hoo
558 2711 595 2774 ad
621 2718 766 2796 originem
773 2760 781 2790 ,
812 2716 1012 2792 principium,
1046 2729 1249 2787 caussamque
1278 2705 1463 2794 effectricem

84 2822 213 2902 pertinet.
266 2821 432 2884 Cavendum
462 2822 560 2902 itaque
587 2830 633 2884 est
659 2822 681 2885 l.
713 2841 751 2885 ne
777 2821 936 2885 distinctae
964 2825 1099 2882 rationes
1126 2816 1405 2900 praemonstrandus
1427 2836 1462 2880 ao

84 2929 251 2995 formandae
272 2930 511 3013 asserendaeque
532 2932 648 2995 unitatis
671 2932 817 2995 ecclesiae
838 2937 1028 3013 praepostere
1044 2930 1266 2992 conturbentur:
1288 2935 1347 2991 tum
1368 2927 1402 2991 ll.
1425 2945 1463 2990 na

85 3039 173 3104 altera
194 3042 271 3105 ratio
294 3041 333 3103 ita
355 3038 439 3104 Petro
460 3039 649 3122 adscribatur,
670 3050 703 3105 ut
721 3040 813 3104 altera
834 3039 930 3104 eidem
952 3040 1126 3122 denegetur.

517 3222 917 3299 COROLLARIUM
963 3225 1032 3297 XL

189 3361 259 3419 153.
302 3356 365 3420 Hoc
393 3365 490 3422 autem
518 3357 679 3440 periculum
707 3375 849 3440 perquam
877 3359 1027 3441 aptissime
1062 3357 1296 3437 removebimus,
1332 3357 1357 3419 si
1390 3374 1464 3438 quaa

83 3466 213 3531 distincta
233 3486 304 3531 esse
326 3466 528 3550 intelligimus,
566 3467 669 3530 eadem
691 3466 833 3531 distinctis
855 3485 972 3550 quoque
994 3466 1133 3544 vocibus,
1156 3465 1347 3547 formulisquo
1368 3465 1464 3547 expri-

86 3595 205 3641 mamus.
249 3575 274 3639 E
300 3576 413 3659 quibus,
435 3595 524 3659 quum
546 3577 645 3659 plures
667 3584 831 3660 occurrant,
853 3578 910 3641 hae
933 3578 1061 3641 omniurn
1083 3576 1339 3639 commodissimae
1362 3574 1463 3637 viden-

83 3692 142 3769 tur,
165 3694 196 3750 ut
218 3686 299 3770 prior
319 3688 407 3767 ratio,
430 3705 505 3768 quae
524 3686 610 3750 Petro
632 3688 715 3765 inest,
736 3688 1014 3769 praemonstrandus
1035 3688 1161 3768 unitatis,
1182 3693 1334 3767 primatus
1356 3682 1463 3746 arode-

84 3802 171 3877 typua
200 3796 328 3877 dicatur,
360 3798 505 3878 posterior
537 3815 608 3860 vero
639 3797 771 3860 eiusdem
803 3797 973 3862 formandae
1003 3795 1276 3878 continenquue,
1308 3799 1463 3874 primatus

85 3904 303 3971 iurisdictionis
324 3913 511 3969 deunitatis
533 3905 675 3991 efficiens
697 3914 886 3988 nuncupetur.

509 4071 913 4147 OOROLLARIUM
955 4074 1046 4146 Xlu

193 4210 261 4267 151.
303 4203 431 4287 Utraque
453 4224 542 4287 porro
563 4206 636 4269 rado
651 4204 736 4268 Petro
751 4208 837 4284 inest,
860 4226 958 4289 neque
978 4209 1073 4270 minus
1093 4206 1134 4270 illi
1157 4204 1294 4270 convenit
1314 4212 1346 4267 ut
1368 4204 1465 4268 ecele-

85 4314 145 4377 siae
166 4315 306 4378 unitatem
325 4323 563 4395 praemonstret,
586 4334 672 4397 quam
693 4323 724 4378 ut
746 4334 811 4379 eam
826 4314 954 4400 formet,
981 4315 1194 4398 formatumque
1216 4313 1368 4398 defendat.
1412 4312 1465 4377 Pe·

83 4430 144 4486 trus
172 4425 262 4506 igitur
287 4432 416 4505 utroque
441 4426 564 4507 insignis
590 4432 726 4506 pmmotu
754 4426 834 4488 eradi
859 4425 962 4505 debet,
998 4433 1056 4488 tam
1083 4444 1120 4488 eo
1146 4444 1234 4507 quem
1269 4420 1467 4505 archetypam

84 4530 224 4615 diximum,
262 4552 348 4616 quam
376 4533 468 4598 altero
497 4553 584 4618 quem
613 4536 766 4618 primatum
794 4534 1030 4617 iurisdictionis,
1068 4533 1309 4619 efficientemque
1332 4540 1465 4599 unitatis

86 4641 303 4725 appellavimus.

496 4753 899 4830 COROLLARIUM
940 4754 1054 4830 X1112

196 4891 263 4950 155.
306 4887 357 4950 llis
380 4906 451 4951 vero
473 4887 649 4952 illustrandis
671 4886 935 4969 confirmandisque
956 4908 1016 4953 non
1045 4891 1195 4955 ruiuimum
1222 4888 1351 4967 confert,
1387 4887 1466 4969 quod

88 4997 274 5063 vetustissimi
294 5004 392 5079 patres
412 4997 532 5080 similia,
568 4999 658 5069 mimo
684 4997 771 5080 plane
799 4999 904 5063 eadem
931 5019 966 5065 ac
993 5000 1098 5066 iisdem
1126 4997 1337 5087 propemodum
1366 4996 1466 5067 vertis
1531 4988 1534 4995 ⁴
